3613 5528
1334 416 1430 470 DE
1469 412 2047 471 ORTHOGRAPHIA
2902 417 2986 480 61

384 528 427 565 ῃ.
458 517 572 557 2224.
599 517 650 557 25
678 516 729 556 P.

385 620 575 682 neque
602 602 696 662 his
723 598 993 682 partibus
1022 601 1303 662 orationis
1334 618 1469 661 cum
1498 580 1715 681 quibus
1743 602 1804 661 iu
1836 599 2244 661 confusionem
2275 616 2393 660 non
2423 601 2585 661 venit
2622 601 2991 682 adiungitur:

326 708 339 723 ⁸
385 707 489 769 abs
535 716 593 770 te
639 717 838 771 autem
894 708 1044 770 duae
1100 715 1300 789 partes
1361 709 1648 770 orationis
1704 715 1873 770 sunt:
1929 706 2034 769 sed
2089 724 2227 768 cum
2281 704 2634 786 quibusdam
2688 706 2887 769 verbis
2932 710 2995 769 in

383 817 668 877 unitatem
714 818 1029 898 concessit,
1074 822 1142 876 ut
1188 814 1463 898 abstinet,
1509 814 1837 877 abscondit.
1919 814 2066 875 baec
2113 816 2275 875 enim
2319 832 2458 893 pars
2503 816 2788 876 orationis
2835 833 2993 876 com-

383 923 572 1002 posita
620 931 729 1004 est,
775 930 836 983 et
881 924 1161 1002 quoniam
1202 930 1264 984 et
1305 921 1544 984 acondit
1587 921 1786 984 hiabat
1825 929 1886 983 et
1922 920 2201 983 abcondit
2246 919 2456 982 durius
2502 921 2765 1004 sonabat,
2812 924 2993 983 inter-

304 1049 330 1088 5
383 1030 544 1090 venit
578 1047 609 1088 s
646 1028 861 1112 littera,
907 1047 1060 1108 quae
1107 1037 1424 1090 exornaret
1460 1027 1574 1107 [et]
1625 1028 1910 1091 auditum.
1985 1027 2057 1089 de
2106 1046 2223 1108 qua
2272 1030 2594 1108 scriptione
2635 1027 2779 1089 illud
2817 1047 2994 1109 quae-

385 1137 565 1217 titur,
619 1143 824 1197 utrum
880 1154 990 1216 per
1032 1154 1073 1216 p
1120 1153 1195 1197 an
1241 1154 1351 1216 per
1394 1133 1433 1196 b
1480 1143 1542 1197 et
1588 1155 1617 1197 s
1664 1134 1878 1197 debeat
1923 1134 2132 1218 scribi,
2189 1136 2467 1215 quoniam
2514 1153 2583 1196 ea
2635 1153 2786 1214 quae
2842 1134 2998 1215 apud

386 1259 497 1302 nos
541 1241 601 1304 Ψ
647 1241 904 1304 litteram
953 1249 1167 1303 sonant
1210 1249 1422 1322 putant
1475 1241 1746 1322 plerique
1792 1259 1904 1321 per
1947 1261 1985 1321 p
2034 1250 2094 1303 et
2139 1260 2169 1302 s
2215 1239 2555 1324 scribenda,
2612 1243 2892 1321 quoniam
2937 1248 2999 1302 et

386 1346 594 1408 Graeci
642 1352 1179 1428 pronuntiaverunt
1230 1346 1391 1428 [per]
1440 1346 1499 1411 Ψ
1544 1347 1801 1409 litteram
1858 1354 2132 1409 constare
2179 1342 2251 1409 ἐκ
2294 1343 2416 1410 τοῦ
2461 1354 2542 1408 πῖ
2581 1340 2692 1407 καὶ
2739 1359 2796 1408 σ.
2889 1346 2993 1407 sed

385 1457 488 1534 qui
535 1458 825 1535 originem
873 1454 1194 1516 verborum
1240 1457 1540 1535 propriam
1588 1456 1946 1536 respiciunt,
1990 1473 2100 1535 per
2145 1455 2184 1514 b
2230 1453 2519 1515 scribunt.

311 1583 363 1621 10
564 1580 599 1618 *
637 1568 697 1622 et
733 1563 792 1622 in
833 1580 904 1622 eo
942 1560 1101 1641 quod
1142 1569 1234 1645 est
1271 1561 1520 1643 appello,
1566 1561 1723 1642 quod
1766 1561 2018 1623 alterum
2056 1563 2134 1623 sit
2173 1579 2379 1624 navem
2426 1560 2793 1642 appellentis‚
2840 1560 2995 1622 aliud

388 1666 556 1728 verbi
601 1685 777 1728 causa
821 1671 1137 1748 pecuniam
1184 1667 1550 1748 appellantis,
1642 1667 1909 1730 videmus
1955 1675 2153 1729 autem
2210 1685 2396 1747 prope
2442 1668 2505 1727 in
2550 1665 2826 1728 omnibus
2874 1685 3001 1727 ver·

389 1772 482 1834 bis
520 1791 670 1854 quae
708 1792 740 1834 a
778 1793 817 1854 p
854 1774 1053 1837 littera
1091 1776 1386 1856 incipiunt
1420 1774 1574 1837 hanc
1619 1777 2117 1857 praepositionem
2157 1776 2288 1854 cogi
2326 1781 2394 1835 ut
2430 1773 2468 1834 d
2504 1773 2702 1836 littera
2740 1776 2958 1835 omissa
2992 1767 2999 1857 Ι

387 1898 427 1960 p
483 1882 769 1964 geminet,
833 1890 902 1943 ut
956 1884 1019 1942 in
1081 1899 1152 1941 eo
1208 1880 1368 1962 quod
1433 1889 1525 1943 est
1578 1890 1748 1962 paret
1812 1889 2056 1961 apparet
2114 1889 2174 1941 et
2229 1882 2291 1940 in
2344 1898 2417 1941 eo
2473 1880 2630 1959 quod
2685 1886 2779 1941 est
2836 1882 3006 1960 ponit

387 1987 630 2066 apponit
702 1996 763 2048 et
836 1989 1048 2067 pungit
1123 1989 1425 2068 appungit.
1539 1989 1624 2047 sic
1697 1989 1758 2047 in
1824 1986 1917 2047 bis
1991 1984 2260 2066 partibus
2333 1987 2616 2046 orationis
2692 2003 2840 2064 quae
2914 1987 3000 2046 in-

312 2114 362 2155 15
389 2095 616 2172 cipiunt
672 2111 706 2154 a
762 2094 956 2156 littera
1014 2114 1047 2156 c
1104 2112 1223 2155 non
1281 2093 1449 2154 facile
1507 2100 1704 2172 potest
1758 2092 1869 2154 bac
1925 2093 2360 2172 praepositione
2414 2090 2645 2152 admota
2703 2109 2914 2152 sonare
2963 2091 3000 2152 d

389 2199 600 2261 littera.
710 2201 857 2262 haec
918 2201 1189 2263 similiter
1252 2199 1448 2262 littera
1508 2201 1841 2279 geminatur
1899 2201 1962 2260 in
2022 2217 2094 2259 eo
2163 2197 2322 2278 quod
2383 2206 2475 2259 est
2532 2199 2700 2278 capio
2759 2175 3003 2278 accipio.

393 2308 595 2386 itaque
646 2303 910 2370 Lucilius

570 2514 754 2570 Godeoe
792 2514 1092 2571 Parrhasii
1165 2520 1194 2568 1
1232 2512 1293 2569 in
1330 2511 1654 2567 confusione
1797 2509 2125 2580 abiungitur
2277 2519 2309 2568 2
2347 2514 2561 2586 autem]
2600 2512 2750 2569 enim
2907 2512 3006 2568 sed

395 2592 578 2648 uerbis
616 2611 744 2648 cum
780 2593 1113 2663 quibusdam
1150 2592 1426 2648 unitatem
1463 2591 1750 2647 consensit
1882 2597 1918 2645 4
1951 2592 2013 2645 et
2049 2591 2312 2660 quoniam
2349 2595 2408 2647 et
2442 2593 2702 2648 accondit
2737 2591 2911 2647 habet
2947 2592 3005 2646 et

393 2671 690 2727 abscondit
724 2672 916 2728 durius
1088 2679 1120 2727 5
1167 2691 1193 2727 s
1229 2670 1445 2743 littera]
1496 2690 1535 2742 p
1571 2670 1767 2727 littera
1937 2677 1970 2726 6
2008 2672 2159 2741 apud
2193 2688 2296 2726 nos
2332 2672 2378 2727 T
2416 2672 2665 2728 litteram
2702 2675 2866 2727 sonat

396 2758 427 2808 8
466 2747 531 2808 ἐκ
566 2754 667 2809 τοῦ
706 2753 839 2820 πιξσ
877 2753 925 2809 0
957 2771 1094 2809 corr.
1135 2747 1199 2808 ἔκ
1235 2752 1337 2809 τοῦ
1376 2772 1442 2807 m
1480 2752 1609 2808 mal.
1649 2770 1682 2808 σ
1716 2767 1747 2806 c
1890 2754 1922 2804 9
1961 2749 2238 2822 originem
2276 2751 2472 2820 (deleta
2507 2770 2565 2806 m
2602 2753 2785 2809 littera
2815 2752 3005 2823 prima

393 2850 590 2900 manu,
624 2839 689 2888 ut
723 2834 965 2900 videtur,
1001 2839 1065 2888 ut
1100 2839 1232 2888 esset
1266 2832 1504 2903 origine)
1538 2832 1838 2887 uerborum
1873 2830 2188 2900 propriores
2225 2833 2356 2885 sunt
2389 2832 2624 2887 uerbum
2661 2833 2911 2889 scribunt
2946 2834 3006 2886 et

394 2913 453 2967 in
488 2930 555 2968 eo
682 2918 748 2967 11
785 2912 1084 2982 pecuniam
1119 2913 1473 2986 appellantes
1621 2918 1685 2967 12
1722 2916 1790 2965 ut
1824 2909 1862 2964 b
1899 2908 2091 2965 littera
2272 2918 2336 2967 13
2382 2914 2444 2968 in
2480 2913 2574 2985 eo]
2610 2912 2685 2968 ab
2721 2929 2787 2967 eo
2816 2913 3010 2981 priore

397 2993 510 3048 loeo
644 2990 807 3061 ponit
843 2992 1080 3063 opponit
1116 2995 1174 3049 et
1209 2992 1415 3064 pungit
1450 2992 1725 3063 oppungit
1869 2995 1935 3045 16
1971 2989 2136 3062 haec]
2173 2991 2281 3046 hac

577 3202 603 3250 1
642 3196 875 3265 fortasse
908 3212 1091 3266 neque
1127 3197 1256 3253 auis
1291 3196 1547 3268 partibus
1586 3194 1854 3253 orationis
1894 3223 1960 3234 -
1997 3194 2096 3249 sed
2131 3193 2337 3262 verbis,
2386 3211 2514 3251 eum
2550 3196 2751 3266 quibus
2785 3194 2845 3249 in
2881 3194 3007 3249 uni-

396 3277 571 3332 tatem
609 3276 883 3333 concessit
1097 3285 1130 3332 4
1176 3276 1440 3347 quoniam
1486 3281 1546 3331 et
1589 3275 1852 3332 accondit
1894 3273 2070 3329 habet
2116 3276 2175 3329 et
2218 3276 2478 3332 ascondit
2522 3277 2714 3332 durius
2752 3278 3008 3347 sonabat,

396 3356 701 3413 intervenit
734 3374 773 3427 p
807 3357 1002 3413 littera
1030 3358 1264 3428 Iunius,
1293 3357 1559 3427 quoniam
1588 3360 1647 3413 et
1673 3354 1935 3413 accondit
1968 3354 2208 3410 habetur
2236 3357 2293 3410 et
2325 3356 2592 3412 abcondit
2626 3356 2819 3412 durius
2847 3372 3010 3411 sona·

397 3436 519 3507 bat,
555 3436 859 3494 intervenit
894 3456 920 3493 s
957 3436 1152 3493 littera
1188 3437 1552 3493 Schneiderus
1584 3453 1811 3507 gramm.
1850 3436 1945 3490 lat.
1981 3452 2032 3490 v.
2071 3436 2115 3489 Ι
2139 3453 2201 3504 p.
2229 3440 2347 3491 221
2385 3440 2435 3490 et
2473 3440 2597 3493 631.
2655 3436 2919 3506 quoniam
2949 3440 3009 3494 et

396 3517 658 3573 accondit
699 3518 782 3573 vel
826 3517 1055 3573 acondit
1096 3517 1268 3573 hebet
1312 3517 1613 3571 coniecerat
1657 3515 1942 3570 Semlerus.
2024 3514 2223 3570 hiabat
2264 3516 2490 3584 scripsi,
2543 3521 2607 3570 ut
2660 3518 3001 3573 contrarium

396 3603 523 3652 esset
558 3599 611 3652 ei
644 3598 790 3667 quod
823 3613 999 3667 supra
1033 3598 1241 3653 dictum
1277 3600 1395 3651 erat
1429 3594 1491 3650 in
1516 3594 1794 3651 unitatem
1824 3594 2097 3650 concessit
2229 3600 2261 3649 5
2302 3594 2369 3649 de
2399 3612 2512 3664 qua
2538 3594 2843 3666 scriptione
2870 3628 2943 3637 —
2974 3604 3007 3652 9

397 3693 497 3746 per
523 3677 561 3731 b
597 3677 847 3733 scribunt
873 3693 936 3747 p.
966 3681 1057 3743 73,
1082 3682 1160 3733 12
1197 3676 1395 3732 Scaur.
1429 3693 1486 3745 p.
1515 3680 1612 3742 27,
1639 3679 1675 3729 3
1812 3681 1845 3730 6
1881 3673 2031 3744 apud
2059 3690 2159 3728 nos
2187 3674 2213 3728 t
2238 3673 2487 3729 litteram
2517 3678 2720 3732 sonant
2745 3676 2817 3747 R,
2855 3677 3007 3747 apud

398 3772 498 3811 nos
542 3758 605 3808 Ψ
632 3755 883 3812 litteram
921 3759 1124 3812 sonant
1159 3757 1203 3811 I
1200 3757 1370 3811 unius
1548 3761 1580 3810 8
1615 3752 2122 3825 pronuntiauerunt
2155 3772 2256 3826 per
2291 3776 2323 3826 χ
2359 3756 2612 3812 litteram
2650 3760 2902 3813 constare
2940 3754 3005 3813 ἐκ

399 3836 501 3890 τοῦ
550 3838 764 3899 πίονος.
840 3835 948 3891 Sed
997 3836 1093 3906 qui
1140 3835 1343 3907 origini
1376 3835 1676 3891 verborum
1722 3832 2040 3904 propriores
2077 3838 2230 3905 sunt,
2267 3837 2499 3892 verbum
2537 3837 2812 3894 scribunt:
2852 3840 2911 3893 et
2946 3837 3006 3890 in

398 3932 465 3972 eo
516 3916 669 3986 quod
719 3917 806 3971 est
853 3916 1108 3987 appello,
1159 3916 1311 3986 quod
1360 3916 1601 3971 alterum
1653 3914 1727 3969 sit
1789 3930 1933 3969 naue
1983 3915 2344 3985 appellentis,
2401 3916 2557 3972 aliud
2611 3919 2772 3974 verbi
2821 3935 3008 3987 causa,

397 3995 693 4066 pecuniam
728 3995 1082 4067 appellantes
1117 3996 1174 4051 R
1337 3996 1436 4051 sed
1472 3996 1570 4065 qui
1607 3994 1809 4066 origini
1847 3995 2146 4052 verborum
2180 3994 2467 4066 proniores
2500 4000 2583 4053 vel
2617 4000 3006 4070 propensiores

400 4078 532 4131 sunt
566 4077 793 4131 coniecit
840 4076 1241 4132 Wslmannsius
1275 4077 1342 4131 de
1389 4076 1550 4132 Varr.
1589 4076 1712 4131 libr.
1748 4093 1976 4146 ,qv-amm.
2005 4093 2066 4146 p.
2104 4080 2232 4136 178,
2305 4076 2402 4131 sed
2439 4077 2537 4147 qui
2573 4079 2846 4151 originem
2881 4098 3001 4136 ver-

396 4156 596 4212 borum
631 4156 915 4226 propriam
950 4157 1258 4227 respiciunt
1291 4156 1515 4226 scripsi,
1551 4172 1658 4226 quo
1692 4158 1852 4213 verbo
1887 4173 2021 4213 usus
2056 4161 2134 4212 est
2159 4158 2387 4228 Lonqus
2419 4175 2475 4227 p.
2497 4163 2589 4225 58,
2608 4164 2643 4214 9
2681 4162 2813 4217 ante
2851 4161 3002 4216 enim

398 4236 673 4307 respicere
706 4236 990 4293 debebant
1023 4243 1075 4293 et
1100 4255 1161 4307 p.
1191 4242 1282 4304 81,
1308 4242 1344 4291 9
1382 4235 1739 4307 antiquorum
1774 4237 2119 4294 consuetudo
2157 4237 2506 4308 respicienda
2542 4242 2629 4295 est
2762 4246 2794 4294 9
2832 4257 2934 4310 per
2969 4239 3008 4294 b

400 4316 675 4386 scribunt,
720 4319 780 4372 et
824 4316 884 4372 in
929 4333 994 4372 eo
1034 4316 1183 4386 quod
1231 4317 1318 4371 est
1360 4316 1584 4386 appello
1623 4318 1937 4375 Putschius.
2029 4318 2286 4374 lacunam
2332 4320 2603 4374 indicavit
2647 4319 3008 4376 Schneider-us

399 4412 626 4466 mmm.
674 4396 770 4450 lat.
815 4411 864 4451 v.
916 4396 958 4448 I
990 4413 1052 4466 p.
1103 4400 1228 4451 631.
1304 4402 1526 4465 praeter
1564 4400 2025 4469 praepositionem
2069 4399 2141 4454 ad
2188 4405 2393 4467 autern,
2450 4401 2525 4454 ad
2568 4416 2733 4469 quam
2768 4416 2834 4456 ea
2868 4416 3007 4469 quae

334 4503 346 4514 ·
398 4480 704 4546 sequuntur
748 4475 1054 4544 pertinent,
1103 4477 1170 4531 de
1214 4474 1274 4530 in
1310 4480 1720 4549 praepositione
1763 4481 1863 4536 hoc
1906 4480 2021 4535 loco
2067 4480 2273 4535 dixisse
2306 4480 2523 4535 videtur
2558 4479 2802 4548 Lonyus,
2848 4495 3002 4548 quem

400 4560 618 4611 secutus
662 4560 739 4609 est
783 4554 1129 4625 Papirianae
1172 4558 1326 4625 apud
1373 4557 1781 4616 Cassiodorium
1818 4578 1879 4629 p.
1919 4563 2077 4617 2293
2260 4564 2324 4613 12
2372 4560 2436 4613 ut
2480 4557 2517 4612 b
2564 4557 2759 4612 littera
2795 4555 3005 4611 omissa

401 4654 440 4707 p
492 4635 765 4705 geminet,
824 4635 892 4688 ut
946 4633 1020 4688 ab
1083 4651 1148 4690 eo
1203 4636 1352 4704 quod
1402 4636 1490 4691 est
1545 4641 1734 4709 paret,
1795 4642 2055 4710 apparet:
2117 4640 2176 4693 et
2230 4638 2288 4692 in
2348 4653 2414 4692 eo
2470 4636 2621 4706 quod
2677 4638 2765 4692 est
2829 4638 3011 4710 ponit,

402 4715 667 4788 opponit,
722 4715 783 4769 et
841 4714 1045 4784 pungit
1092 4716 1370 4786 oppungit
1421 4716 1493 4774 R.
1570 4721 1636 4774 ut
1689 4720 1729 4774 d
1788 4719 1983 4775 littera
2044 4718 2252 4773 omissa
2309 4722 2360 4771 et
2417 4717 2611 4772 deinde
2672 4718 2910 4789 apponit
2960 4723 3011 4772 ct

404 4795 688 4865 appungit
740 4795 1092 4851 restituerant
1137 4794 1405 4851 Semlerus
1458 4802 1509 4853 et
1553 4798 1915 4856 Schneiderus
2142 4803 2205 4852 13
2257 4799 2321 4851 ut
2370 4797 2443 4852 ab
2493 4813 2561 4852 eo
2611 4802 2838 4868 utroque
2895 4798 3010 4854 loco
