3613 5528
596 404 683 467 66
1682 401 1880 454 VELn
1917 402 2145 457 LoNGI

603 516 645 551 p.
675 505 792 543 2227.
821 504 873 542 ss
900 504 946 544 P.

602 591 1100 667 praepositionem
1163 595 1368 646 notare
1437 585 1525 665 vel
1588 585 1749 666 ideo,
1815 588 1952 665 quia
2020 603 2137 645 non
2194 593 2470 646 contenta
2528 585 2880 665 quibusdam
2939 584 3208 664 partibus

599 698 883 756 orationis
929 695 1099 773 plena
1155 694 1442 773 praeponi
1488 693 1523 752 d
1572 693 1828 754 litteram
1877 693 2159 767 adsumit,
2220 701 2284 752 ut
2329 695 2390 753 in
2438 713 2509 753 eo
2558 693 2714 773 quod
2765 703 2858 754 est
2902 692 3100 752 redire
3148 700 3209 751 et

593 801 890 880 redolere,
949 803 1086 880 quia
1143 800 1294 860 duae
1351 800 1583 860 vocales
1637 803 1698 861 in
1758 819 2056 860 concursu
2114 799 2370 860 hiabant.
2461 801 2563 861 sed
2622 801 2923 861 interdum
2976 800 3123 860 haec
3169 799 3204 858 d

595 907 791 968 littera
828 909 1181 986 geminatur,
1234 907 1512 985 quotiens
1550 905 1622 966 ab
1662 907 1866 966 eadem
1905 907 2097 967 littera
2137 925 2395 985 sequens
2432 924 2540 966 vox
2580 909 2815 987 incipit3
2861 926 2972 967 nec
3009 916 3207 968 tamen

593 1033 858 1095 semper,
913 1013 1206 1092 siquidem
1264 1011 1513 1072 reddere
1571 1013 1825 1072 dicimus
1881 1013 2171 1090 geminata
2228 1011 2294 1093 d,
2353 1012 2641 1072 reducere
2699 1021 2898 1074 autem
2954 1014 3207 1093 simplici
3235 1026 3262 1063 ⁵

593 1122 833 1180 utimur.
908 1119 1067 1181 unde
1123 1117 1452 1178 adnotanda
1525 1119 1820 1197 imperitia
1878 1137 2086 1179 eorum
2143 1121 2246 1197 qui
2301 1121 2386 1177 sic
2446 1119 2773 1179 redducere
2830 1122 3144 1198 geminata·
3169 1119 3206 1178 d

594 1227 787 1287 littera
836 1227 1040 1287 volunt
1091 1229 1431 1305 enuntiare,
1487 1227 1655 1303 quasi
1712 1225 1992 1307 reddere,
2052 1235 2349 1304 tamquam
2397 1244 2641 1286 necesse
2689 1227 2767 1287 sit
2809 1229 3031 1287 totiens
3077 1244 3208 1286 eam

593 1331 889 1411 duplicem
936 1352 1088 1414 esse,
1135 1335 1411 1412 quotiens
1459 1350 1715 1410 sequens
1762 1351 1874 1392 vox
1920 1331 1993 1391 ab
2041 1332 2246 1392 eadem
2292 1331 2486 1393 littera
2534 1335 2758 1411 incipit.

771 1456 962 1516 Trans
1000 1474 1238 1535 quoque
1277 1459 1637 1536 praepositio
1677 1474 1795 1516 non
1836 1457 2053 1518 nullam
2093 1458 2271 1519 habet
2307 1457 2796 1518 observationem.
2859 1475 2993 1516 nam
3022 1459 3203 1517 inter-

593 1563 736 1623 dum
782 1563 955 1642 plena
1002 1574 1112 1646 est,
1158 1572 1225 1625 ut
1261 1563 1583 1644 transtulit,
1628 1564 1929 1625 interdum
1967 1567 2274 1646 minuitur,
2321 1573 2389 1625 ut
2426 1567 2659 1625 traiecit
2698 1565 2707 1640 Ι
2749 1562 3026 1624 traduxit.
3094 1581 3205 1623 nec
3236 1578 3289 1616 ιο

592 1688 711 1730 non
759 1669 832 1729 ab
879 1670 1005 1731 aliis
1051 1670 1223 1749 plene
1270 1672 1541 1751 ponitur,
1586 1670 1659 1730 ab
1706 1671 1835 1731 aliis
1882 1671 2184 1732 lenitatem
2231 1670 2604 1733 intuentibus
2651 1672 2966 1751 minuitur,
3031 1678 3098 1728 ut
3142 1670 3205 1728 in

594 1796 663 1835 eo
721 1777 877 1857 quod
936 1786 1028 1838 est
1083 1779 1411 1838 transmisit
1467 1786 1527 1837 et
1583 1781 1864 1838 tramisit:
1921 1778 2018 1839 alii
2079 1780 2472 1859 transposuit,
2526 1777 2621 1837 alii
2670 1778 2975 1856 traposuit.
3052 1794 3201 1854 quae

591 1883 923 1944 observatio
979 1884 1433 1963 orthographiae
1493 1885 1669 1944 mixta
1726 1894 1819 1943 est
1874 1894 1932 1945 et
1987 1876 2412 1965 ὀρθοεπείας,
2479 1902 2627 1963 quae
2686 1887 2863 1944 etiam
2918 1884 2968 1942 si
3028 1860 3210 1941 hab&

592 1992 1050 2051 instructionem
1107 2009 1302 2071 suam,
1357 2000 1554 2051 tamen
1612 1990 1750 2050 huic
1809 1992 2142 2069 quaestioni
2199 1990 2564 2050 familiariter
2618 1989 2912 2069 implicata
2960 1997 3067 2048 est.
3141 1989 3202 2047 in

589 2089 958 2181 ὀρθοεπείᾳ
1014 2099 1171 2157 enim
1219 2097 1359 2176 quid
1410 2098 1719 2158 decentius
1767 2100 1846 2158 sit
1890 2076 1952 2158 et
1997 2098 2138 2177 quid
2187 2097 2380 2157 lenius
2426 2099 2762 2177 quaeritur,
2821 2114 2931 2156 nec
2977 2094 3205 2155 laborat
3234 2109 3285 2149 15

591 2203 687 2264 ille
745 2207 847 2283 qui
904 2204 1113 2265 scribit
1166 2207 1324 2264 circa
1381 2205 1437 2264 id
1495 2205 1651 2283 quod
1714 2204 1935 2264 dicitur
1989 2199 2439 2285 χαριέστατον.
2522 2206 2583 2264 in
2641 2195 3073 2285 ὀρθογραφίᾳ
3132 2220 3203 2261 eo

592 2309 999 2387 scrupulosior
1036 2313 1303 2388 quaestio
1341 2318 1452 2391 est,
1488 2310 1645 2389 quod
1687 2328 1802 2370 non
1845 2328 2165 2389 numquam
2204 2328 2361 2372 unus
2401 2329 2586 2372 sonus
2625 2321 2717 2371 est
2745 2320 2846 2371 aut
2882 2312 3206 2390 perexigua

594 2417 933 2494 suspicione
990 2416 1279 2477 diversus.
1364 2419 1603 2477 interim
1668 2419 1977 2496 quaeritur
2038 2418 2311 2498 scriptio,
2370 2428 2437 2477 ut
2496 2436 2633 2478 cum
2690 2418 2822 2478 dico
2881 2419 3083 2498 eiecit,
3144 2424 3205 2476 et

592 2522 741 2581 alius
796 2541 903 2601 per
960 2540 1135 2582 unam
1182 2525 1201 2582 i
1249 2523 1504 2583 litteram
1562 2522 1794 2602 scribit,
1851 2522 2000 2583 alius
2055 2542 2163 2602 per
2219 2523 2393 2604 duaS,
2449 2526 2620 2584 cuius
2676 2525 2792 2584 iam
2838 2526 3203 2584 mentionem

592 2628 859 2709 secimuS,
900 2647 1041 2705 cum
1088 2629 1160 2689 de
1208 2629 1539 2690 litterarum
1586 2639 1879 2708 potestate
1927 2629 2337 2708 loqueremur:
2395 2639 2757 2709 quapropter
2805 2630 3199 2709 supersederi·
3230 2644 3285 2682 20

594 2733 735 2795 dum
785 2737 1072 2797 existimo.

771 2860 895 2920 Nec
948 2863 1143 2921 minus
1190 2862 1263 2922 de
1311 2877 1357 2922 v
1404 2862 1596 2923 littera
1645 2862 1827 2922 locuti
1874 2881 2108 2943 sumuS‚
2164 2879 2339 2942 quam
2397 2860 2697 2953 interdum
2757 2863 2946 2920 vicem
2993 2879 3201 2921 conso-

594 2970 790 3027 nantis
838 2967 1105 3028 obtinere
1153 2969 1427 3049 diximuS‚
1474 2978 1541 3030 ut
1586 2988 1723 3030 cum
1771 2969 2088 3029 scribimus
2145 2969 2370 3030 vultum
2438 2977 2498 3028 et
2554 2970 2846 3047 geminata
2894 2988 2925 3027 v
2972 2968 3202 3029 diversa

599 3083 892 3152 potestate
930 3077 1189 3153 ponitur.
1248 3078 1333 3136 sic
1372 3095 1585 3137 rursus
1623 3094 1761 3137 cum
1798 3076 2083 3137 scribitur
2120 3078 2516 3137 nominativus
2552 3078 2863 3154 genetivus
2902 3083 2961 3136 et
2996 3093 3203 3135 omnes

590 3180 807 3240 deinde
855 3199 1055 3262 casuS,
1111 3183 1255 3241 item
1300 3185 1662 3263 primitivuS,
1720 3191 1779 3242 et
1837 3185 2005 3261 siqua
2050 3183 2141 3243 his
2190 3185 2426 3242 nomina
2473 3182 2684 3243 similia
2731 3191 2898 3264 sunt,
2954 3181 3202 3242 eandem
3231 3196 3284 3235 25

774 3405 954 3460 Codex
992 3405 1288 3460 Parrhasii
1360 3413 1392 3459 2
1432 3404 1634 3475 redire]
1673 3406 1822 3459 redis
1984 3413 2015 3460 5
2053 3407 2342 3478 reducere]
2381 3424 2649 3463 renouare
2775 3413 2964 3463 autem
3001 3425 3100 3462 om.

1488 3487 1540 3526 ni

596 3547 662 3595 10
697 3538 942 3609 traiecit]
981 3539 1196 3594 traiicit
1342 3545 1401 3592 11
1444 3539 1715 3607 lentatem
1747 3540 1816 3594 C':
1855 3540 1913 3593 ni
1947 3557 2212 3610 superse-r.
2252 3558 2281 3594 c
2429 3548 2492 3595 13
2531 3541 2710 3596 mixta
2746 3545 2830 3596 est
2866 3537 3199 3610 ὄρθοεπείαι

592 3618 880 3689 quaeritur
910 3616 1082 3672 etiam
1110 3620 1158 3672 si
1196 3620 1369 3674 habet
1409 3619 1847 3676 destructionem
1993 3627 2057 3675 16
2094 3620 2190 3674 ille
2229 3620 2353 3689 quis
2381 3620 2574 3675 scribit
2609 3639 2736 3677 cum
2771 3622 2830 3677 id
2868 3622 3018 3691 quod
3054 3621 3202 3676 dica—

590 3702 683 3752 tur
720 3716 1016 3767 εχριαστατ
1052 3698 1113 3752 in
1151 3695 1516 3768 ὀρθογραφία
1659 3705 1729 3752 24
1765 3699 1947 3786 omnis

769 3908 801 3955 2
842 3902 880 3955 b
915 3902 1161 3957 litteram
1199 3901 1444 3957 adsumit
1482 3905 1544 3957 ut
1579 3903 1637 3958 in
1665 3921 1730 3959 eo
1758 3905 1908 3972 quod
1947 3906 2034 3958 est
2067 3904 2215 3958 redis
2246 3907 2303 3958 et
2341 3904 2591 3960 redolere
2629 3905 2710 3973 R,
2748 3906 2847 3960 sed
2883 3910 2942 3962 et
2976 3907 3014 3961 d
3051 3906 3203 3962 litte-

591 4000 712 4036 ram
740 3981 1011 4050 adsumit,
1048 3986 1116 4038 ut
1142 3986 1229 4036 est
1254 3983 1435 4039 redire
1463 3984 1711 4040 redolere
1743 3985 2096 4054 Papirianae
2238 3991 2270 4038 5
2307 3986 2538 4039 reddere
2567 3985 2803 4040 dicimus
2831 3987 3121 4056 geminata
3147 3987 3202 4056 d,

591 4062 854 4117 reducere
893 4065 1080 4117 autem
1119 4062 1360 4131 simplici
1398 4063 1608 4118 utimur
1634 4065 1982 4133 Papirianae
2123 4081 2391 4120 renouare
2420 4064 2661 4135 simplici
2697 4065 2906 4119 utimur
2933 4066 3004 4119 R.
3043 4066 3202 4121 redo-

589 4160 722 4196 nare
760 4143 987 4196 coniecit
1026 4141 1383 4196 Commelinus
1566 4149 1630 4196 10
1668 4147 1733 4197 ut
1769 4143 1980 4198 traiicit
2015 4144 2267 4198 traduxit
2301 4144 2383 4212 R,
2420 4147 2484 4199 ut
2519 4145 2712 4199 traicit
2747 4143 2994 4199 traducit
3031 4145 3201 4214 Papi-

588 4224 788 4276 rianus
933 4228 997 4275 12
1037 4239 1180 4290 quae
1217 4222 1535 4278 observatio
1574 4253 1640 4262 —-
1682 4230 1747 4278 18
1786 4224 2035 4278 diversus
2061 4241 2122 4292 p.
2165 4230 2251 4292 71,
2287 4234 2326 4279 8
2476 4242 2619 4295 quae
2655 4224 2974 4280 obseruatio
3012 4225 3201 4279 ortho-

590 4301 858 4372 graphiae
888 4300 1065 4355 mixta
1091 4304 1178 4357 est
1206 4319 1261 4356 .s.
1292 4295 1642 4369 ὀρθοεπείαι.
1701 4303 1991 4374 quaeritur
2019 4303 2192 4358 etiam
2219 4303 2267 4358 si
2292 4303 2466 4359 habet
2493 4303 2926 4359 destructionem
2956 4321 3116 4358 suam
3145 4305 3201 4359 R

701 4389 767 4436 13
805 4381 979 4437 habet
1017 4381 1548 4437 demonstrationem
1584 4400 1741 4437 suam
1779 4385 2006 4438 coniecit
2043 4385 2311 4439 Semlerus
2457 4390 2522 4437 16
2560 4383 2656 4437 ille
2696 4384 2793 4452 qui
2829 4383 3039 4451 scribit,
3070 4402 3198 4439 cum

589 4462 648 4516 id
697 4463 848 4530 quod
891 4463 1114 4518 dicatur
1157 4461 1523 4532 χαριέστατον
1568 4461 1640 4518 R.
1716 4481 1843 4517 cum
1889 4464 1948 4518 id
1995 4465 2145 4534 quod
2191 4463 2557 4534 χαριέστατον
2604 4466 2689 4517 est
2733 4463 2951 4517 dicatur
2998 4464 3202 4519 Bram-

590 4543 815 4597 baehius
850 4545 1082 4613 orthoyr.
1123 4545 1217 4599 lat.
1249 4560 1308 4611 p.
1349 4548 1403 4596 6.
1460 4560 1537 4597 an
1572 4561 1707 4596 num
1744 4542 1804 4597 id
1850 4545 1998 4613 quod
2038 4545 2257 4600 dicatur
2302 4543 2669 4613 χαριέστατον
2708 4544 2816 4599 sit?
2871 4560 3201 4614 quamquam

588 4624 770 4691 ipsum
816 4621 1208 4692 χαριέστατον,
1255 4625 1400 4693 quod
1445 4640 1512 4677 ex
1548 4624 1810 4692 principe
1854 4625 2087 4680 editione
2132 4626 2365 4690 retinui,
2411 4641 2524 4678 non
2566 4626 2704 4679 satis
2741 4630 2943 4679 certum
2978 4631 3059 4679 est

589 4709 657 4756 20
704 4703 774 4757 de
820 4704 1137 4758 litterarum
1182 4704 1484 4774 potestate]
1524 4720 1583 4772 p.
1625 4708 1714 4770 48,
1753 4711 1805 4759 8.
1880 4705 1973 4758 sed
2017 4706 2098 4758 ibi
2141 4706 2206 4761 de
2250 4706 2613 4773 yeminatione
2658 4704 2679 4758 i
2725 4706 2938 4759 litterae
2989 4707 3198 4760 dietum

589 4798 702 4836 non
737 4789 828 4837 est.
885 4784 1054 4839 coicit
1088 4785 1151 4839 in
1186 4802 1252 4839 ea
1286 4785 1596 4853 quaestione
1621 4783 1866 4851 positum
1891 4790 1968 4838 est
1999 4802 2058 4853 p.
2080 4790 2168 4852 54,
2187 4790 2284 4849 20,
2321 4783 2488 4839 coicit
2523 4788 2574 4838 et
2611 4783 2744 4837 eicit
2778 4785 2936 4850 infra
2967 4801 3025 4852 p.
3052 4790 3145 4850 72,
3166 4790 3200 4838 4

686 4867 753 4914 22
792 4863 862 4917 de
898 4883 933 4919 v
970 4864 1186 4935 littera]
1215 4882 1276 4934 p.
1316 4869 1407 4928 48,
1436 4869 1489 4919 8.
1529 4869 1620 4928 58,
1649 4867 1683 4916 4
1829 4871 1895 4919 23
1933 4864 2175 4920 retinere
2215 4864 2270 4930 R
