3613 5528
612 399 743 465 452
1590 367 1943 456 AavslAni
1979 400 2219 456 Mssssn

612 513 655 550 p.
685 504 776 545 211.
806 505 883 543 218
913 502 965 542 Ia.

614 589 855 648 statim
903 587 1160 648 Romae
1208 596 1277 648 et
1321 587 1400 648 ad
1453 586 1696 649 urbem
1743 606 2095 667 quaerere
2134 596 2201 648 et
2237 589 2516 666 agitare
2555 605 2710 647 cum
2749 588 2902 648 suis
2939 588 3208 667 coepit,

613 694 670 755 id
736 704 827 756 est
890 697 949 755 in
1016 693 1162 756 urbe
1228 702 1289 755 et
1352 695 1656 775 profectus
1721 697 1837 755 iam
1901 696 2059 756 circa
2127 693 2335 756 urbem
2394 742 2406 755 .
2472 693 2577 755 sed
2640 694 2877 773 gravius
2941 693 3207 754 adfertur

612 799 943 881 exemplum
994 803 1214 880 primae
1254 802 1501 864 actionis
1538 804 1597 863 in
1627 801 1876 864 Verrem
1904 802 2105 880 (8,22)
2153 822 2229 863 ex
2279 802 2391 863 his
2438 804 2641 881 quasi
2689 801 2932 863 decem
2980 801 3208 861 fiscos

612 907 692 968 ad
741 916 1150 970 senatorem
1196 908 1396 971 illum
1448 908 1764 970 relictos:

787 1015 1087 1077 Adsuesco
1133 1016 1249 1077 illis
1297 1016 1503 1099 rebuS,
1549 1015 1718 1097 Verg.
1766 1017 1909 1078 Aen.
1958 1015 2081 1077 VIII
2131 1018 2320 1091 (174)
2376 1017 2736 1077 sociorum
2794 1015 3206 1077 adsuescite
3261 1029 3288 1069 5

612 1125 877 1183 mensis
925 1171 937 1184 .
985 1123 1271 1184 adsuesco
1327 1123 1483 1185 illam
1541 1142 1693 1205 rem,
1756 1124 1912 1185 idem
1971 1123 2113 1185 Aen.
2160 1122 2232 1183 vl
2291 1123 2473 1196 (833)
2540 1141 2623 1184 ne
2688 1133 2884 1184 tanta
2949 1123 3209 1183 animis

610 1229 1021 1291 adsuescite
1069 1229 1254 1291 bella
1302 1279 1315 1292 .
1364 1230 1646 1292 adsuetus
1691 1230 1775 1292 illi
1822 1233 1937 1313 rei,
1984 1229 2152 1310 Verg.
2200 1231 2342 1291 Aen.
2389 1229 2489 1290 Vll
2537 1224 2734 1314 (490)
2781 1247 3208 1308 mensaeque

610 1336 955 1398 adsuetus
1002 1336 1218 1398 herili
1265 1385 1278 1398 .
1326 1337 1609 1399 adsuetus
1656 1338 1878 1418 facere,
1926 1337 2082 1398 idem
2128 1337 2267 1397 Aen.
2317 1335 2472 1397 VIIII
2519 1338 2694 1411 (511)

1126 1444 1411 1507 adsueti
1457 1444 1669 1524 longo
1718 1463 1960 1506 muros
2005 1443 2397 1505 defendere
2444 1442 2632 1504 bello
2681 1491 2694 1503 .

790 1550 1034 1612 Adsidet
1078 1551 1189 1626 illi,
1236 1551 1354 1614 Cic.
1404 1551 1698 1613 Siciliensi
1746 1553 1839 1624 (in
1901 1552 2069 1613 Verr.
2119 1552 2194 1611 II
2231 1550 2453 1625 34,83)
2502 1548 2851 1611 Sthenius
2897 1559 3035 1631 est,
3091 1550 3207 1612 hic
3238 1565 3287 1604 10

613 1660 731 1738 qui
781 1657 984 1719 nobis
1030 1658 1340 1740 adsidet,
1386 1657 1895 1720 Thermitanus
1943 1677 1975 1715 *
2023 1675 2252 1736 neque
2290 1655 2625 1717 adsidere
2664 1655 3041 1718 Gabinium
3086 1666 3209 1719 aut

610 1764 880 1844 alloqui
943 1768 1012 1827 in
1078 1769 1278 1827 curia
1344 1768 1717 1846 quisquam
1781 1763 2092 1826 audebat
2149 1813 2162 1826 .
2218 1763 2446 1825 adsidet
2511 1763 2676 1825 illum
2738 1766 2799 1826 in
2863 1764 2960 1826 illa
3020 1775 3209 1846 parte,

612 1872 725 1933 Sal.
772 1872 895 1952 lug.
943 1873 1134 1947 (11,3)
1183 1873 1433 1935 dextra
1480 1873 1960 1935 Adherbalem
2006 1872 2306 1934 adsedit.
2348 1865 2357 1955 Ι

787 1979 1122 2041 Abhorrere
1169 1980 1360 2062 illum,
1415 1983 1533 2042 Cic.
1581 1999 1689 2062 pro
1736 1980 2006 2042 Cluentio
2055 1981 2298 2054 (MAI)
2362 1997 2562 2041 nemo
2628 1979 2825 2041 illum
2883 1981 3208 2041 convivio

610 2087 898 2166 dignum
943 2086 1342 2170 iudicabat,
1415 2106 1657 2150 omnes
1714 2086 2316 2168 aspernabantur,
2389 2104 2631 2148 omnes
2694 2084 3208 2165 abhorrebant,
3241 2099 3287 2138 15

610 2213 857 2255 omnes
904 2204 980 2257 ut
1026 2194 1335 2275 aliquam
1380 2197 1755 2257 immanem
1802 2214 1880 2256 ac
1925 2197 2412 2277 perniciosam
2451 2194 2752 2255 bestiam
2788 2204 3208 2274 pestemque

610 2300 1026 2380 fugiebant.
1056 2300 1377 2363 abhorrere
1416 2302 1487 2363 ab
1527 2302 1654 2383 illo,
1700 2301 1835 2363 Ter.
1874 2301 2052 2382 Hecy.
2092 2303 2222 2375 (IV
2254 2302 2430 2376 4,92)
2468 2300 2863 2362 abhorrere
2900 2304 3207 2362 animum

610 2407 776 2469 huic
826 2407 1029 2469 video
1077 2427 1108 2469 a
1157 2411 1449 2489 nuptiis.

786 2515 1018 2576 Adnare
1079 2515 1150 2576 ad
1206 2534 1335 2577 eam
1400 2534 1555 2598 rem,
1618 2517 1737 2578 Cic.
1802 2517 1877 2578 de
1941 2535 2064 2597 rep.
2121 2515 2172 2576 11
2236 2516 2400 2592 (4‚9)
2466 2524 2541 2576 ut
2604 2514 2683 2575 ad
2749 2532 2896 2575 eam
2959 2513 3208 2574 urbem

610 2640 813 2701 quam
859 2623 1135 2684 incolas
1182 2627 1413 2705 possit
1457 2623 1719 2716 adnare
1768 2673 1781 2686 .
1830 2623 2051 2716 adnare
2095 2623 2179 2685 illi
2225 2627 2343 2705 rei,
2392 2621 2561 2703 Verg.
2601 2622 2743 2683 Aen.
2779 2621 2804 2681 1
2842 2621 3027 2695 (538)
3074 2622 3208 2683 huc
3238 2636 3290 2674 20

607 2731 817 2809 pauci
863 2732 1128 2793 vestris
1175 2731 1586 2793 adnavimus
1633 2733 1798 2794 oris.

785 2837 1111 2918 Adgredior
1155 2839 1348 2922 illum,
1395 2839 1563 2920 Verg.
1611 2842 1752 2901 Aen.
1798 2839 1904 2901 1111
1951 2841 2092 2916 (92)

982 2945 1250 3007 talibus
1297 2946 1720 3027 adgreditur
1767 2947 2113 3009 Venerem
2161 2947 2502 3008 Saturnia
2548 2946 2766 3006 dictis
2814 2992 2826 3005 .

610 3052 924 3130 adgredior
968 3053 1038 3115 ad
1085 3053 1255 3135 illud,
1303 3054 1510 3115 Cicero
1557 3074 1665 3135 pro
1712 3054 1986 3116 Cluentio
2033 3055 2191 3131 (328)
2238 3053 2623 3133 adgredior
2669 3052 2749 3113 ad
2798 3055 3090 3114 crimen.

786 3160 1174 3221 Accomnioda
1241 3161 1379 3222 huic
1443 3163 1557 3243 rei,
1622 3160 1791 3240 Verg.
1857 3162 1999 3222 Aen.
2063 3160 2141 3221 XI
2207 3161 2389 3234 (522)
2455 3159 2904 3221 accommoda
2971 3158 3287 3220 fraudi2⁵

607 3282 1109 3345 armorumque
1177 3267 1362 3328 dolis
1428 3314 1443 3329 .
1508 3267 1984 3330 accommodatus
2041 3269 2109 3329 ad
2168 3267 2318 3329 hanc
2375 3285 2532 3349 rem,
2587 3267 2708 3328 Cic.
2770 3286 2879 3347 pro
2935 3267 3206 3329 Cluentio

609 3371 857 3453 (13,36)
922 3380 1076 3432 arte
1136 3373 1432 3451 quadam
1498 3375 1878 3455 praeditus
1942 3374 2023 3435 ad
2089 3373 2432 3439 libidines
2497 3373 3208 3436 adolescentulorum

609 3478 1024 3539 excitandas
1080 3481 1602 3542 accommodata
1653 3528 1665 3541 .
1713 3480 2097 3542 adcominodo
2154 3481 2293 3542 huic
2349 3483 2462 3563 rei,
2518 3480 2685 3561 Verg.
2735 3482 2876 3542 Aen.
2924 3479 2974 3541 11
3022 3482 3207 3554 (393)

608 3584 968 3664 laterique
1033 3585 1522 3649 adcommodat
1586 3606 1828 3648 ensem
1876 3634 1889 3648 .
1937 3587 2321 3649 adcommodo
2386 3587 2459 3648 ad
2525 3587 2676 3649 hanc
2739 3606 2894 3667 rem,
2959 3587 3077 3649 Cic.
3135 3587 3207 3648 de

609 3691 1090 3773 rep.1(46,70)
1129 3693 1668 3755 adcommodabo
1706 3694 1785 3755 ad
1828 3712 2003 3775 eam,
2050 3696 2109 3755 si
2145 3703 2428 3776 potero,
2473 3713 2750 3755 omnem
2789 3698 3205 3756 orationem.
3234 3707 3286 3748 ³0

1868 3885 2003 3926 iuxta

787 3935 965 3991 Godecc
1004 3936 1302 3992 Parrhasii
1393 3943 1420 3992 1
1461 3937 1639 3992 Roma
1791 3944 1824 3991 2
1863 3938 2010 3992 circa
2046 3939 2241 3993 urbem
2277 3939 2450 3995 deleta
2484 3956 2533 3995 v.
2571 3939 2719 3995 circa
2754 3943 2804 3994 et
2838 3939 3209 4008 superscripta

604 4018 762 4073 iuxta
807 4018 950 4084 alia,
1003 4021 1067 4071 ut
1121 4018 1361 4086 videtur,
1409 4035 1582 4073 mnu
1750 4018 1850 4073 sed
1897 4017 2081 4088 grauis
2135 4018 2224 4074 his
2279 4019 2530 4074 adfertur
2585 4019 2901 4089 exemplum
2948 4036 2979 4073 e
3027 4018 3210 4088 prima

605 4150 865 4208 factionis
884 4150 943 4206 in
964 4152 1192 4206 Verrem
1339 4159 1406 4207 10
1427 4151 1733 4208 Siciliensis
1752 4100 1970 4207 tlaenius
2116 4158 2180 4207 13
2210 4153 2356 4224 Iug.]
2388 4153 2526 4224 uirg.
2676 4160 2742 4207 15
2770 4154 3210 4223 aspernebantur

680 4237 746 4286 16
785 4234 1109 4301 pestemque
1145 4233 1584 4300 aspernebantur
1620 4231 1938 4303 fugiebant,
1982 4232 2075 4287 sed
2120 4232 2293 4287 deleta
2327 4250 2376 4288 v.
2415 4235 2852 4305 aspernebantur
3013 4239 3081 4288 26
3119 4249 3207 4287 ac·

605 4310 1013 4382 commodatus]
1052 4313 1414 4369 accommoda
1555 4320 1624 4369 28
1661 4312 2106 4384 accommodata]
2145 4315 2628 4370 accommodatum
2772 4322 2841 4370 30
2878 4314 2947 4370 ad
2987 4331 3055 4369 ea

782 4488 814 4535 2
852 4481 1079 4551 gravius
1116 4479 1367 4536 adfertur
1402 4483 1705 4539 Houvenus
1737 4500 1794 4552 p.
1833 4486 1925 4549 37,
1978 4499 2150 4553 grave
2204 4484 2291 4539 his
2340 4484 2590 4541 adfertur
2626 4484 2701 4539 M
2709 4484 2786 4553 P,
2842 4484 3068 4556 gravius
3118 4483 3207 4539 his

605 4562 855 4617 adfertur
889 4578 958 4617 ea·
998 4560 1050 4616 G
1086 4561 1502 4619 Lindemannus
1628 4568 1713 4617 -10
1750 4562 1868 4634 hic]
1915 4563 1964 4618 is
2002 4564 2208 4620 codices
2245 4564 2521 4622 Ciceronis
2666 4572 2727 4621 11
2771 4564 3164 4621 Thermitanus
3194 4608 3206 4619 .

606 4643 859 4699 adsidere
895 4642 1058 4698 illum
1096 4640 1205 4696 Cic.
1245 4660 1425 4713 neque
1464 4642 1717 4699 adsidere
1759 4644 1835 4697 M
1870 4685 1881 4697 .
1921 4643 2155 4698 alterum
2192 4643 2469 4701 Ciceronis
2513 4648 2812 4717 exemplum
2856 4663 2924 4701 ex
2968 4647 3109 4701 libro
3144 4646 3209 4700 de

605 4724 723 4777 suis
759 4723 1004 4778 consiliis
1038 4723 1413 4792 depromptum
1449 4741 1556 4780 esse
1591 4725 1909 4795 suspicatur
1944 4724 2177 4779 Beier-us
2214 4724 2326 4780 Cic.
2364 4731 2501 4781 orat.
2540 4728 2738 4797 fraym.
2770 4744 2830 4796 p.
2869 4730 2978 4782 196

606 4807 676 4856 24
712 4801 1011 4871 adgrediar
1045 4803 1117 4857 ad
1155 4800 1362 4858 crimen
1402 4804 1588 4860 Cicero
1730 4809 1798 4858 28
1837 4804 2229 4877 adcommodo]
2266 4806 2416 4862 Non.
2447 4824 2505 4875 p.
2536 4811 2649 4862 244
2793 4811 2862 4860 30
2899 4822 3207 4861 accommo-

606 4880 752 4937 dabo
788 4881 862 4937 ad
900 4900 1048 4951 eam,
1086 4883 1136 4940 si
1172 4887 1433 4953 potuero,
1472 4901 1689 4940 omnem
1726 4883 1885 4939 illam
1923 4885 2232 4942 orationem
2270 4887 2437 4943 codex
2475 4886 2751 4943 Ciceronis
