3613 5528
1382 437 1481 494 DE
1518 437 1711 496 ARTE
1750 437 2082 496 METRIOA
2901 440 3032 506 259

423 554 467 592 p.
495 538 710 580 esso—ss
738 538 790 582 P.

428 624 702 705 vulgares
744 632 954 705 poetae
1002 643 1246 686 necesse
1296 634 1389 687 est
1433 629 1687 709 rustice,
1732 625 1892 688 docti
1939 627 2156 687 saciant
2204 626 2396 688 docte.
2471 645 2591 706 quo
2638 627 2814 688 modo
2863 633 2924 686 et
2970 625 3041 686 ad

426 734 618 793 instar
660 732 894 794 iambici
941 734 1117 794 metri
1162 732 1563 814 pulcherrime
1612 735 1802 797 sactus
1848 743 1943 796 est
1986 733 2241 814 hymnus
2287 734 2385 795 ille
2433 735 2799 818 praeclaruS,

1171 860 1296 903 rex
1343 851 1636 904 aeterne
1682 841 2003 923 domine,

1172 968 1415 1013 rerum
1462 959 1758 1014 creator
1803 952 2149 1031 omnium,

374 1079 400 1119 5
1174 1059 1294 1137 qui
1340 1073 1502 1122 eras
1546 1065 1713 1120 ante
1762 1056 2059 1119 saecula

1171 1183 1445 1246 semper
1489 1183 1646 1227 cum
1693 1174 1898 1245 patre
1947 1164 2182 1245 siliuS,

430 1278 492 1330 et
547 1270 643 1331 alii
704 1269 1076 1331 Ambrosiani
1139 1289 1256 1332 non
1317 1274 1509 1353 pauci.
1595 1274 1737 1333 item
1799 1270 1872 1333 ad
1933 1272 2183 1332 sormam
2242 1273 2417 1332 metri
2476 1270 2761 1332 trochaici
2825 1280 3046 1334 canunt

433 1376 717 1456 hymnum
763 1376 838 1438 de
884 1376 982 1438 die
1029 1378 1234 1439 iudicii
1279 1398 1388 1458 per
1434 1373 1872 1461 alphabetum,!

1175 1484 1558 1566 apparebit
1602 1487 1997 1565 repentina

354 1615 407 1654 ιο
1175 1591 1331 1653 dies
1377 1610 1624 1672 magna
1672 1591 1971 1673 domini,

1176 1699 1295 1760 fur
1340 1699 1650 1762 obscura
1695 1698 1895 1760 velut
1940 1706 2151 1759 nocte

1177 1808 1613 1888 improvisos
1659 1824 2041 1887 occupans,

907 1979 1144 2057 QVOD
1191 1980 1406 2047 TRIA
1455 1979 1656 2046 SINT
1703 1978 2071 2046 GENERA
2115 1976 2580 2045 POEMATOS

617 2127 769 2189 Sane
809 2130 946 2209 quia
983 2129 1168 2191 multa
1206 2129 1637 2210 disputavimus
1675 2126 1750 2188 de
1791 2126 2165 2208 poematibus
2203 2130 2535 2209 et·metris,
2582 2146 3046 2190 commemoran-

359 2255 409 2295 ιτ»
439 2233 580 2296 dnm
626 2236 685 2295 in
736 2235 896 2297 calce
944 2238 1081 2316 quia
1125 2244 1433 2316 poematos
1479 2252 1698 2315 genera
1740 2240 1883 2295 sunt.
1927 2235 2059 2294 tria.
2132 2242 2236 2295 aut
2280 2237 2438 2296 enim
2490 2236 2747 2297 activum
2784 2235 2873 2296 vel
2921 2237 3049 2297 imi-

441 2343 685 2403 tativum
734 2350 854 2425 est,
901 2343 1061 2423 quod
1100 2341 1312 2404 Graeci
1359 2343 1724 2404 dramaticon
1770 2339 1864 2401 vel
1910 2341 2250 2402 mimeticon
2298 2341 2619 2424 appellant3
2664 2351 2768 2405 aut
2813 2360 3048 2404 enarra-

440 2450 641 2530 tivum,
678 2448 836 2529 quod
865 2447 1072 2511 Graeci
1111 2451 1556 2529 exegematicon
1595 2447 1686 2508 vel
1740 2447 2149 2528 apangelticon
2188 2456 2559 2530 nuncupant3
2596 2458 2700 2512 aut
2737 2469 3050 2513 commune

437 2553 530 2614 vel
588 2557 865 2638 mixtum,
920 2555 1079 2636 quod
1127 2554 1338 2617 Graeci
1384 2573 1614 2617 coenon
1669 2554 1761 2616 vel
1818 2555 2041 2615 micton
2096 2564 2323 2617 vocant.
2394 2556 2759 2618 dramaticon
2815 2565 2909 2618 est
2963 2557 3050 2618 vel

437 2662 712 2744 activum,
742 2664 802 2723 in
842 2681 959 2742 quo
997 2681 1290 2743 personae
1318 2663 1631 2743 loquentes
1670 2659 2135 2722 introducuntur
2163 2662 2292 2721 sine
2329 2669 2537 2742 poetae
2571 2661 3050 2748 interlocutione,

356 2790 410 2830 20
439 2777 504 2830 ut
541 2788 604 2829 se
641 2768 862 2831 habent
909 2771 1244 2849 tragoediae
1293 2778 1354 2831 et
1399 2769 1659 2832 fabulae:
1707 2767 1909 2829 drama
1957 2769 2115 2831 enim
2161 2767 2341 2832 latine
2389 2768 2584 2830 fabula
2632 2769 2880 2834 dicitur:
2927 2791 3046 2851 quo

436 2893 657 2955 genere
704 2877 928 2957 scripta
975 2884 1069 2937 est

756 3002 896 3064 quo
944 2982 1026 3044 de
1072 2982 1296 3045 Moeri
1342 2979 1604 3065 pedes?
1650 3000 1732 3043 an
1780 3000 1917 3061 quo
1966 2984 2072 3042 via
2120 2982 2345 3064 ducit,
2390 2985 2460 3045 in
2500 2982 2792 3047 urbem?

438 3109 555 3170 quo
609 3089 764 3171 apud
823 3109 931 3151 nos
985 3108 1206 3170 genere
1267 3092 1496 3152 cantica
1544 3090 1915 3150 canticorum
1961 3091 2182 3168 scripta
2229 3098 2395 3171 sunt,
2441 3089 2544 3151 ubi
2591 3110 2703 3151 vox
2748 3092 3046 3155 alternans

438 3196 657 3258 Christi
687 3206 747 3258 et
774 3196 1058 3258 ecclesiae
1078 3199 1315 3259 tametsi
1344 3215 1463 3257 non
1495 3193 1665 3274 [hoc]
1696 3190 2451 3275 interloquente'scriptore
2482 3200 2792 3259 manifeste
2826 3203 3047 3281 reperi-

359 3324 411 3362 25
439 3310 552 3365 tur.
636 3306 1077 3384 exegematicon
1123 3312 1217 3366 est
1269 3303 1360 3365 vel
1416 3304 1846 3383 enarrativum,
1903 3302 1985 3361 in·
2022 3319 2140 3381 quo
2195 3310 2368 3381 poeta
2426 3306 2551 3384 ipse
2606 3304 2872 3385 loquitur
2918 3309 3046 3368 sine

440 3409 615 3472 ullius
652 3413 1104 3491 interpositione
1141 3429 1468 3497 personaea
1490 3417 1557 3471 ut
1594 3427 1659 3469 se
1697 3406 1921 3469 habent
1957 3415 2082 3468 tres
2118 3407 2257 3469 libri
2294 3411 2557 3490 georgici
2593 3413 2703 3472 toti
2731 3419 2793 3472 et
2829 3406 3042 3496 prima}

438 3535 575 3597 pars
620 3519 845 3598 quarti,
898 3519 1043 3579 item
1089 3516 1352 3580 Lucretii
1407 3520 1668 3579 carmina
1714 3524 1776 3576 et
1830 3514 1924 3575 his
1984 3515 2211 3578 similia.
2286 3535 2404 3597 quo
2460 3535 2679 3597 genere
2726 3519 2879 3599 apud
2938 3538 3047 3580 nos

439 3626 695 3704 scriptae
733 3631 875 3685 sunt
917 3622 1227 3703 parabolae
1269 3623 1599 3686 Salomonis
1638 3630 1698 3684 et
1733 3621 2140 3705 ecclesiastes,
2186 3641 2338 3702 quae
2376 3625 2438 3685 in
2476 3641 2582 3684 sua
2620 3623 2846 3707 lingua,
2893 3628 3049 3687 sicut

439 3738 500 3790 et
552 3730 929 3813 psalterium,
973 3739 1165 3791 metro
1214 3738 1446 3792 constat
1492 3748 1624 3791 esse
1672 3730 2027 3808 conscripta.
2111 3747 2341 3790 coenon
2387 3737 2480 3791 est
2534 3730 2626 3792 vel
2682 3734 2929 3813 miclon,
2987 3735 3045 3793 in

360 3856 413 3896 ao
441 3854 558 3915 quo
586 3845 761 3917 poeta
797 3839 925 3918 ipse
964 3836 1228 3916 loquitur
1258 3844 1319 3898 et
1355 3854 1646 3918 personae
1686 3834 2001 3913 loquentes
2039 3834 2521 3919 introducuntur,
2550 3844 2618 3898 ut
2652 3844 2793 3898 sunt
2829 3839 3050 3918 scripta

442 3942 573 4003 ilias
609 3952 671 4004 et
707 3942 969 4023 Odyssea
1005 3942 1250 4006 Homeri
1287 3952 1349 4005 et
1383 3924 1678 4005 Aeneidos
1715 3938 1943 4019 Virgilii
1982 3946 2040 4001 et
2084 3940 2237 4031 apud
2275 3960 2386 4003 nos
2430 3941 2677 4004 historia
2724 3942 2881 4004 beati
2926 3943 3048 4026 Iob,

620 4121 685 4170 13
724 4113 925 4182 QVOD
964 4114 1138 4170 TRIA
1178 4115 1347 4170 SINT
1384 4112 1687 4169 GENERA
1728 4109 2123 4166 POEMATOS
2159 4111 2345 4168 Diom.
2382 4118 2516 4185 482,
2552 4120 2624 4170 13

620 4281 648 4331 1
679 4275 833 4331 docti
867 4274 1082 4331 faciant
1117 4276 1282 4331 docte
1320 4275 1491 4334 eLP
1524 4274 1689 4329 docte
1724 4271 1944 4327 faciunt
1978 4270 2133 4327 docti
2168 4272 2231 4327 F
2385 4268 2673 4344 quomodo’
2704 4278 2763 4331 et
2797 4276 2868 4330 ad
2908 4272 2970 4329 F
2999 4280 3049 4331 et

439 4360 710 4425 apum
747 4356 808 4410 et
841 4354 896 4408 L
933 4355 1215 4424 quomodo
1252 4354 1326 4409 ad
1364 4355 1467 4413 ςΡ
1584 4360 1616 4409 8
1655 4352 1830 4408 iudici
1869 4350 1930 4405 F
2049 4350 2359 4407 alfabetum
2395 4352 2450 4406 L
2486 4355 2811 4410 albabetum
2846 4355 2972 4409 FP

445 4441 511 4488 13
545 4434 941 4491 ΡΟΕΜΑΤΟΒ
980 4432 1044 4487 F
1082 4434 1501 4498 POEMATVM
1538 4434 1592 4487 L
1772 4437 1841 4486 14
1887 4429 2044 4502 quin]
2092 4429 2228 4500 quid
2265 4431 2327 4485 F
2502 4438 2570 4487 15
2606 4435 2897 4503 poematos
2934 4433 3057 4489 FP

440 4516 765 4584 poematum
792 4514 847 4568 L
956 4519 1024 4569 16
1060 4514 1376 4571 mimiticon
1403 4529 1438 4572 ς
1473 4515 1774 4585 myctyoon
1802 4512 1866 4566 F
1896 4510 2161 4566 micticon
2189 4509 2243 4564 L
2277 4511 2549 4582 mictigon
2585 4513 2642 4565 P
2748 4520 2812 4568 17
2851 4531 3049 4585 exege-

441 4594 692 4650 maticon
737 4593 802 4648 F
968 4603 1034 4652 18
1081 4612 1294 4652 coenon
1341 4594 1565 4664 (coinon
1610 4610 1750 4650 corr.
1795 4609 1972 4649 cenon
2016 4590 2093 4659 L)
2142 4590 2235 4645 uel
2280 4592 2492 4647 micton
2536 4591 2661 4646 LP
2714 4592 2911 4649 coinen
2956 4595 3049 4649 uel

443 4672 657 4729 mikion
683 4673 745 4727 F
847 4679 916 4729 22
955 4692 1065 4745 quo
1101 4677 1185 4748 te]
1226 4674 1383 4743 Vera.
1412 4675 1584 4729 bucol.
1612 4680 1666 4741 9,
1694 4678 1726 4727 1
1837 4677 1905 4725 23
1943 4670 2094 4741 quod
2130 4670 2280 4739 apud
2307 4671 2370 4725 F
2472 4677 2542 4725 24
2580 4688 2691 4727 non
2717 4672 2776 4726 in
2811 4673 2921 4728 hoc
2949 4673 3053 4731 51²

521 4752 816 4810 manifeste
853 4754 907 4808 L
943 4756 1244 4811 manifesta
1280 4753 1439 4812 PFs
1572 4760 1642 4808 25
1678 4752 2136 4823 exhegemeticon
2174 4750 2236 4805 F
2367 4757 2436 4806 26
2472 4750 2665 4823 ullius]
2703 4751 2857 4808 illius
2894 4753 2956 4807 F

442 4841 512 4890 29
552 4835 812 4891 constant
845 4834 899 4888 L
1009 4841 1077 4890 30
1113 4837 1180 4890 ut
1215 4837 1345 4889 sunt
1379 4833 1589 4903 scripta
1624 4832 1686 4886 F
1718 4835 1783 4887 ut
1819 4848 1990 4901 supra.
2024 4830 2234 4900 scripta
2271 4831 2437 4889 §LP
2576 4838 2640 4886 31
2681 4832 2881 4887 iliades
2918 4848 2952 4890 ς

443 4914 712 4970 aeneidos
749 4914 870 4967 LP
898 4916 1128 4970 aneidos
1169 4914 1228 4967 F

2522 5001 2627 5057 17*
