3613 5528
588 433 717 496 316
1732 434 2044 491 AVDACIS

585 626 864 696 solvitur,
913 621 1164 682 alterum
1212 619 1387 699 paulo
1435 620 1668 699 longius
1706 620 1779 681 de
1821 641 1989 704 voce,
2038 624 2309 685 Audacia
2348 625 2677 685 denscausi
2711 622 2775 703 (Ι.
2816 627 2891 685 de
2930 617 3196 706 Scauri)

589 738 647 790 et
693 731 941 790 Palladi
983 731 1158 790 libris
1207 731 1505 804 inscripta
1552 721 1618 810 (Ι.
1659 723 1985 812 excerpta)
2049 731 2176 791 Vox
2214 741 2301 792 est
2340 749 2452 792 aer
2491 734 2645 792 ictus
2677 765 2748 773 —
2790 740 2899 793 aut
2938 734 3196 808 patienS,

587 855 736 915 qnae
775 836 872 896 ille
921 835 997 896 ih.
1047 855 1101 915 p.
1141 832 1271 896 553
1311 830 1366 894 ‘e
1406 835 1691 914 glossario
1730 839 2017 897 maximae
2057 837 2228 898 molis
2265 836 2543 898 Vaticano
2582 841 2936 919 perantiquo
2976 837 3196 898 saeculi

588 945 771 1003 ferme
821 937 1142 1003 undecimi'
1192 941 1538 1021 deprompta
1586 960 1719 1002 esse
1767 941 1992 1004 scribit.
2042 953 2274 1023 sumpta
2323 952 2520 1006 autem
2567 945 2712 1005 haec
2762 963 2893 1006 esse
2934 963 3005 1004 cx
3046 942 3194 1004 libro

585 1050 942 1132 glossarum,
999 1052 1169 1110 cuius
1231 1048 1434 1110 codice
1491 1049 1755 1110 Palatino
1821 1047 1990 1110 1773
2051 1069 2197 1111 usus
2254 1059 2382 1110 erat
2438 1050 2652 1134 MaiuS,
2712 1060 2958 1131 apparet
3013 1070 3082 1112 ex
3122 1053 3195 1111 iis

586 1176 735 1235 qnae
794 1158 865 1218 de
923 1174 993 1216 eo
1051 1155 1201 1216 libro
1260 1155 1715 1236 disputaverunt
1772 1156 2196 1218 Wilmannsins
2252 1167 2313 1219 et
2357 1158 2662 1219 Usenerus
2711 1176 2858 1219 muS.
2907 1158 3095 1218 Rhen.
3144 1176 3194 1218 v.

586 1263 767 1324 XXIV
817 1257 896 1346 (a.
952 1256 1151 1346 1869)
1209 1282 1263 1342 p.
1312 1260 1442 1324 362
1500 1272 1558 1323 et
1617 1260 1746 1325 382
1795 1282 1922 1343 sqq.
1979 1273 2041 1325 et
2095 1263 2367 1326 Loewius
2415 1264 2614 1345 prodr.
2665 1283 2826 1345 corp.
2873 1265 3049 1344 gloss
3098 1264 3195 1326 lat.

584 1391 639 1449 p.
688 1367 817 1431 222
865 1389 991 1450 sqq.
1041 1379 1100 1430 et
1143 1371 1329 1450 praef.
1379 1390 1433 1448 p.
1481 1368 1605 1429 XII.
1692 1372 1952 1449 priorem
2008 1370 2204 1431 Iocum
2261 1370 2539 1450 Hagenus
2595 1371 2797 1431 anecd.
2858 1370 3080 1432 Helvet.
3138 1390 3192 1451 p.

582 1476 792 1537 XXXV
858 1497 889 1536 e
947 1477 1150 1538 codice
1212 1475 1504 1537 Beruensi
1572 1474 1651 1538 16
1714 1476 1925 1559 edidit,
1990 1478 2234 1539 alterius
2299 1488 2528 1558 partem
2595 1497 2667 1539 ex
2733 1478 2866 1539 Maii
2932 1479 3193 1540 editione

586 1582 1007 1643 Wilmannsius
1067 1582 1229 1643 Varr.
1287 1581 1419 1643 libr.
1475 1601 1717 1663 gramm.
1766 1603 1821 1663 p.
1872 1581 1957 1645 82
2021 1586 2311 1665 repetivit.
2368 1588 2587 1645 omisso
2644 1588 2881 1646 nomine
2939 1583 3193 1646 Audacis

583 1689 699 1750 duo
737 1692 1145 1751 commentarii
1184 1690 1255 1750 de
1295 1689 1639 1751 accentibus
1677 1693 1735 1750 in
1776 1690 1980 1752 codice
2020 1690 2074 1750 M
2088 1694 2428 1753 onacensi
2464 1688 2635 1754 6399
2657 1692 2796 1753 olim
2827 1693 3190 1772 Frisingensi

588 1793 710 1858 199
752 1815 903 1857 saec.
942 1795 1020 1856 IX
1066 1808 1202 1877 post
1247 1795 1439 1857 Bedae
1488 1796 1672 1857 libros
1720 1797 1791 1858 de
1842 1807 1967 1858 arte
2016 1800 2258 1859 metrica
2309 1805 2369 1859 ct
2415 1798 2488 1858 de
2537 1798 2937 1861 schematibus
2984 1801 3191 1879 scripti

582 1912 748 1965 sunt:
803 1904 875 1964 cf.
927 1922 1106 1984 supra
1162 1923 1218 1983 p.
1265 1899 1414 1985 219,
1470 1902 1710 1982 catalog.
1769 1904 1900 1965 cod.
1937 1904 2185 1966 Monac.
2244 1925 2293 1964 v.
2352 1903 2374 1964 1
2434 1902 2474 1966 3
2531 1926 2586 1986 p.
2647 1903 2791 1968 104.
2877 1926 3011 1968 cum
3078 1907 3190 1967 hoc

582 2014 877 2072 consentit
941 2010 1329 2071 Leidensis
1386 2009 1549 2070 Voss
1608 2009 1657 2080 Q
1721 2008 1876 2092 116,
1943 2013 2004 2072 in
2062 2030 2179 2090 quo
2235 2021 2371 2091 post
2426 2012 2590 2074 Pauli
2645 2022 2706 2074 et
2767 2013 2941 2075 Nonii
3006 2013 3190 2074 libros

580 2118 757 2179 iidem
805 2119 1214 2179 commentarii
1263 2119 1389 2177 sine
1430 2119 1668 2177 nomine
1707 2121 1970 2179 auctoris
2010 2120 2218 2198 scripti
2257 2127 2415 2179 sunt.
2487 2118 2763 2181 Leidensi
2803 2121 3005 2182 codice
3044 2139 3190 2182 usus

580 2235 671 2287 est
717 2225 780 2287 L.
828 2223 1174 2304 MuelleruS,
1222 2224 1326 2301 qui
1372 2241 1509 2284 eum
1557 2222 1788 2284 decimo
1836 2225 1927 2285 vel
1985 2244 2141 2286 nono
2200 2226 2435 2287 saeculo
2493 2228 2781 2307 scriptum
2837 2245 2970 2287 6556
3026 2225 3210 2306 ᾱίκίι,

579 2352 716 2394 cum
772 2352 922 2393 mus.
984 2330 1172 2391 Rhen.
1231 2350 1279 2389 v.
1328 2327 1510 2388 XVIII
1567 2323 1646 2410 (a.
1700 2323 1901 2413 1863)
1950 2350 2004 2410 p.
2057 2328 2181 2392 169
2240 2350 2365 2411 sqq.
2413 2331 2564 2392 ditos
2612 2335 3067 2392 commentarios
3113 2331 3187 2392 de

580 2449 827 2502 accentu
868 2440 1090 2500 ederet.
1817 2433 1822 2438 ’
2297 2499 2302 2504 ,

755 2547 863 2608 His
918 2546 1124 2606 addam
1183 2547 1420 2604 nomina
1474 2545 2022 2628 grammaticorum,
2079 2548 2182 2625 qui
2237 2547 2374 2607 inde
2430 2565 2460 2606 a
2522 2548 2771 2627 septimo
2829 2544 3063 2607 sacculo
3125 2547 3186 2605 in

579 2655 746 2716 libris
801 2654 873 2714 (16
931 2663 1055 2714 arte
1113 2653 1493 2731 grammatica
1550 2654 1789 2733 scriptis
1837 2651 1949 2712 hoc
1997 2652 2250 2714 Audacis
2297 2653 2448 2714 libro
2497 2655 2590 2714 nsi
2637 2662 2793 2715 sunt.
2869 2671 3002 2714 nam
3049 2662 3184 2714 ante

577 2762 732 2824 illam
784 2769 1032 2823 aetatem
1084 2779 1256 2840 quam
1306 2759 1429 2820 dixi
1466 2760 1596 2821 eius
1635 2762 1976 2822 memoriam
2025 2761 2154 2822 fieri
2201 2781 2319 2823 non
2368 2763 2581 2823 inveni.
2657 2764 2941 2822 extremis
2986 2770 3184 2822 autem

577 2871 813 2951 septimi
862 2867 1080 2929 saeculi
1126 2869 1296 2927 annis
1344 2865 1605 2927 lulianus
1652 2867 1975 2928 Toletanus
2021 2869 2083 2928 in
2131 2877 2257 2929 arte
2304 2871 2711 2950 grammatica,
2766 2888 2917 2947 quae
2965 2868 3182 2929 Romae

576 2997 624 3038 a.
679 2974 844 3039 1797
895 2975 1047 3036 edita
1096 2984 1213 3056 est,
1260 2994 1331 3033 ex
1380 2993 1495 3054 qna
1542 2993 1728 3055 pauca
1777 2983 2055 3053 excerpta
2103 2976 2276 3053 posui
2322 2992 2565 3054 gramm.
2613 2975 2709 3036 lat.
2758 2995 2808 3035 v.
2857 2975 2902 3033 V
2947 2995 3003 3055 p.
3052 2971 3183 3037 313

576 3104 735 3165 sqq.‚
794 3103 1009 3145 nomen
1065 3082 1316 3144 Audacis
1374 3081 1466 3142 bis
1522 3081 1861 3164 appellavit,
1919 3100 1974 3161 p.
2023 3079 2180 3163 317,
2237 3079 2319 3142 21
2379 3085 2543 3143 unde
2598 3083 2825 3143 Audax
2881 3077 3183 3158 ‘definitio

574 3196 726 3268 quid
766 3195 893 3253 est?
965 3193 1165 3252 oratio
1220 3207 1378 3264 quae
1436 3190 1503 3249 id
1546 3191 1622 3250 de
1658 3207 1775 3264 quo
1824 3192 2148 3264 quaeritur
2204 3197 2417 3265 aperte
2463 3185 2787 3251 describit'
2845 3208 2973 3269 sqq.
3020 3198 3081 3250 et
3126 3209 3181 3269 p.

575 3296 732 3382 318,
783 3296 865 3360 13
912 3306 979 3358 ut
1026 3305 1181 3375 puta
1236 3299 1293 3356 si
1345 3298 1518 3357 dicas
1577 3299 1728 3357 mihi
1782 3291 1955 3372 ‘quid
2006 3300 2124 3358 scit
2179 3291 2495 3370 Audax-,⁹2
2553 3299 2691 3357 dico
2741 3300 3183 3373 ,qrammaticus

573 3415 686 3485 est,
743 3416 802 3466 et
849 3404 1133 3484 quaedam
1181 3402 1253 3462 (16
1303 3401 1543 3482 titteris,
1601 3401 1672 3462 de
1733 3412 1952 3484 metro,
2009 3404 2080 3463 de
2138 3402 2416 3484 pedibuS,
2474 3403 2546 3463 de
2604 3403 2949 3465 hexametro
3007 3423 3179 3465 versu

573 3533 645 3573 ex
711 3515 840 3573 eius
905 3510 1056 3571 libro
1123 3510 1367 3589 recepit.
1451 3508 1657 3569 eodem
1724 3510 1850 3570 sere
1919 3520 2183 3590 tempore
2248 3509 2590 3570 Aldhelmus
2655 3509 2877 3590 Anglus
2943 3514 3182 3592 scripsit

578 3619 795 3680 librum
846 3614 942 3679 ‘de
992 3617 1328 3697 septenario
1378 3623 1438 3675 et
1483 3613 1554 3673 de
1605 3633 1669 3676 re
1717 3619 2094 3694 grammatica
2144 3635 2211 3677 ac
2249 3611 2517 3677 metrica'
2556 3634 2586 3675 a
2625 3615 2775 3676 Maio
2822 3616 2990 3677 class
3028 3626 3179 3678 auct.

572 3747 621 3787 v.
677 3726 723 3785 V
780 3747 835 3808 p.
894 3724 1024 3787 522
1081 3743 1208 3805 sqq.
1274 3722 1527 3800 editum,
1592 3724 1652 3782 in
1722 3741 1897 3801 quem
1966 3742 2201 3785 omnem
2264 3723 2515 3784 Audacis
2581 3722 3042 3802 disputationem
3105 3723 3178 3783 (16

568 3833 913 3894 hexametro
961 3851 1137 3893 versu
1186 3849 1302 3892 non
1353 3831 1652 3890 nominato
1700 3839 1944 3891 anctore
1992 3833 2234 3912 recepit.
2313 3830 2403 3890 his
2450 3828 2682 3891 duobus
2721 3830 2894 3910 paulo
2933 3831 3179 3891 inferior

570 3950 759 4003 aetate
815 3943 928 4003 suit
982 3939 1166 4019 Beda,
1233 3938 1334 4017 qni
1398 3939 1457 3996 in
1525 3934 1676 3995 libro
1742 3936 1814 3996 de
1882 3944 2008 3997 arte
2076 3940 2317 3997 metrica
2384 3956 2437 4017 p.
2497 3933 2657 4017 241,
2717 3934 2799 3997 10
2864 3946 3178 4017 praecepta

571 4048 841 4130 Audacii,
898 4066 1075 4128 quem
1123 4047 1293 4127 dicit,
1349 4043 1423 4104 (16
1470 4044 1816 4104 accentibus
1863 4045 2343 4105 interiectionnm
2391 4046 2620 4126 posuit,
2668 4062 2816 4123 qnae
2863 4046 2925 4104 in
2974 4043 3175 4104 codice
3274 4114 3291 4127 ν

569 4156 857 4218 Beruensi
903 4155 1057 4236 apud
1105 4152 1410 4232 Hagenum
1459 4149 1660 4210 anecd.
1702 4149 1862 4210 11er.
1902 4169 1957 4229 p.
2000 4149 2248 4211 CXCVII
2298 4153 2547 4230 repetita
2595 4159 2761 4233 sunt,
2808 4163 2869 4212 et
2906 4150 3174 4211 eiusdem

569 4263 718 4324 libro
760 4282 902 4324 usus
941 4271 1033 4323 est
1070 4264 1332 4340 saepiuS,
1378 4277 1435 4337 p.
1466 4253 1622 4337 245,
1668 4254 1747 4318 16
1786 4257 1859 4317 (16
1899 4259 2191 4331 caesuris,
2229 4277 2283 4337 p.
2324 4254 2480 4338 253,
2531 4254 2614 4319 15
2651 4258 2723 4317 (16
2763 4257 3176 4319 communibus

568 4371 831 4452 syllabis,
897 4390 950 4451 p.
1013 4364 1170 4447 258,
1235 4365 1320 4428 24
1377 4365 1449 4425 (16
1507 4372 1699 4425 metro
1764 4373 1825 4425 et
1892 4365 2181 4444 rhythmo.
2264 4373 2470 4446 postca
2526 4364 2856 4425 Bonifatius
2921 4366 2980 4425 in
3049 4372 3175 4425 arte

567 4480 945 4557 grammatica
994 4496 1023 4537 a
1074 4476 1222 4536 Maio
1271 4474 1439 4534 class,
1488 4480 1639 4533 auct.
1680 4490 1730 4531 v.
1772 4469 1870 4531 Vll
1909 4490 1964 4551 p.
2003 4468 2134 4532 475
2175 4490 2300 4550 sqq.
2340 4471 2495 4531 edita
2533 4479 2772 4549 praeter
2810 4472 3174 4549 antiquiores

565 4587 1007 4666 grammaticoS,
1064 4583 1136 4643 de
1186 4581 1403 4662 quibus
1450 4579 1778 4640 Bursianus
1828 4577 2375 4658 Sitzungsberichte
2425 4578 2478 4639 d.
2527 4577 2721 4658 bayer.
2771 4576 2949 4637 Akad.
3005 4575 3173 4639 1873

566 4712 621 4771 p.
677 4689 806 4753 457
866 4710 992 4772 sqq.
1040 4690 1346 4771 disseruit,
1412 4686 1665 4746 Audacis
1730 4683 1949 4746 librum
2010 4684 2293 4747 adhibuit.
2369 4705 2440 4746 ex
2502 4684 2615 4745 hoc
2672 4687 2829 4744 enim
2884 4687 3175 4763 petiverat

565 4817 714 4877 quae
772 4799 844 4859 de
900 4794 1442 4878 praepositionibus
1499 4812 1552 4873 p.
1601 4788 1733 4852 544
1790 4810 1917 4871 sqq.
1967 4793 2186 4871 scripta
2244 4801 2410 4873 sunt,
2471 4794 2627 4853 sicut
2683 4792 2803 4852 dixi
2861 4793 2919 4852 in
2977 4791 3171 4852 indice

562 4904 884 4966 lectionum
932 4904 1274 4964 llalensium
1322 4902 1523 4962 aestiv.
1572 4919 1620 4959 a.
1675 4895 1861 4960 1875.
1938 4917 2151 4960 nomen
2191 4901 2556 4979 grammatici
2595 4916 2731 4958 cum
2768 4899 3173 4977 antiquiorum
