3613 5528
599 427 634 493 1
645 429 726 493 72
1674 427 2134 485 CASSIODORII

596 541 639 579 p.
666 530 774 570 ms
802 530 851 571 P.

595 614 826 675 desinat
872 616 932 675 in
980 623 1431 690 consonantem,
1487 632 1558 675 ex
1607 633 1723 694 qua
1770 618 1947 676 etiam
1995 614 2255 677 secunda
2310 617 2580 698 incipiat,
2635 616 2675 677 b
2720 625 2943 679 mutam
2991 617 3211 697 retinet

596 723 907 803 scriptura,
952 728 1021 783 ut
1067 720 1253 784 bucca
1298 720 1456 783 bulla
1504 732 1564 783 et
1611 721 1839 783 similia.

772 826 887 887 Vac
935 827 1179 911 syllaba,
1236 831 1512 908 quotiens
1565 832 1902 910 praeposita
1959 831 2166 913 fuerit,
2224 849 2257 889 v
2304 830 2563 892 vocalem
2609 829 2789 891 habet
2842 850 2951 911 pro
2999 850 3208 893 conso-

593 942 798 1017 nante,
846 944 913 995 ut
958 953 1133 996 vacca
1182 933 1267 1012 [id
1315 945 1408 996 est
1456 936 1815 1014 iumentum]
1866 939 2192 999 vaccinium
2245 936 2501 1015 [scilicet
2537 938 2693 1016 flos].
2771 956 2903 998 nam
2940 937 3209 1000 Bacchus

592 1050 651 1102 et
696 1040 925 1102 Baccha
971 1050 1031 1102 et
1076 1039 1288 1102 baccar
1333 1060 1442 1121 per
1488 1040 1525 1101 b
1572 1042 1886 1103 scribenda
1932 1052 2088 1104 sunt.
2163 1042 2273 1103 bec
2320 1052 2380 1103 et
2425 1041 2519 1103 bic
2567 1043 2818 1124 syllabas
2862 1047 3061 1106 inveni
3108 1044 3206 1106 de—
3239 1062 3267 1101 s

587 1149 785 1209 ficere.
860 1147 974 1209 boc
1014 1166 1198 1209 unum
1236 1146 1556 1211 barbarum
1594 1149 1801 1232 didici,
1848 1149 1906 1210 id
1955 1159 2046 1211 est
2083 1148 2381 1226 BocchuS,
2428 1150 2585 1230 quod
2634 1150 2671 1211 b
2719 1162 2942 1213 mutam
2987 1151 3209 1213 habere

591 1257 978 1334 cognovimus
1023 1258 1086 1315 in
1133 1258 1445 1334 scriptura.
1524 1263 1584 1317 et
1629 1255 1939 1316 sciendum
1988 1256 2144 1336 quod
2193 1258 2428 1317 nomina
2475 1259 2817 1339 peregrina,
2875 1260 2927 1319 si
2973 1257 3210 1319 trahan-

594 1370 692 1422 tur
730 1362 803 1422 ad
839 1361 1089 1422 latinum
1128 1379 1490 1442 sermonem,
1537 1360 1575 1421 b
1615 1373 1837 1423 mutam
1877 1362 1990 1424 sibi
2029 1362 2381 1442 plerumque
2420 1362 2765 1425 defendunt.
2831 1363 2963 1425 ideo
3007 1372 3210 1426 autem

593 1467 849 1529 diximus
905 1468 1285 1549 plerumque,
1339 1469 1477 1547 quia
1532 1476 1672 1529 sunt
1729 1487 1879 1548 quae
1936 1469 2133 1530 latinis
2189 1470 2413 1550 regulis
2468 1472 2766 1552 serviunt,
2822 1478 2888 1531 ut
2941 1469 3208 1533 Massiva.

594 1575 707 1635 hoc
755 1577 915 1635 enim
961 1592 1177 1636 nomen
1225 1574 1363 1636 licet
1409 1573 1728 1636 barbarum
1774 1582 2036 1652 constat,
2084 1584 2278 1638 tamen
2317 1576 2580 1657 regulam
2625 1577 2867 1638 latinam
2913 1580 3210 1658 scriptura
3241 1596 3295 1636 ιο
3337 1608 3344 1615 ⁴

593 1691 933 1763 conservat,
999 1700 1176 1761 quam
1240 1700 1386 1744 suus
1450 1683 1617 1745 locus
1683 1682 2054 1744 monstrabit.
2148 1683 2265 1745 buc
2326 1683 2605 1764 syllabam
2669 1686 2729 1744 in
2790 1701 2911 1745 uno
2972 1687 3212 1765 repperi

596 1787 966 1848 solummodo
1014 1791 1280 1871 nomine,
1328 1789 1439 1850 hoc
1487 1797 1579 1849 est
1624 1788 1840 1871 bucca,
1885 1788 2045 1867 quod
2090 1809 2200 1870 per
2246 1789 2284 1851 b
2331 1798 2553 1852 mutam
2602 1788 2900 1851 scribitur.

769 1948 801 1995 3
840 1903 1129 2012 proffisita
1163 1943 1217 1997 B
1362 1949 1397 1997 4
1433 1942 1727 1998 uaccinum
1768 1940 1817 1995 0
1954 1943 2196 1998 bacchus
2234 1946 2292 1999 et
2328 1944 2541 1999 baccha
2576 1945 2634 1998 et
2665 1943 2876 1998 bachar
2910 1944 2965 1998 A
3002 1944 3209 2000 baccus

592 2027 649 2076 et
692 2022 906 2077 baccha
954 2023 1196 2077 bacchar
1238 2022 1295 2076 Β
1340 2023 1543 2077 baccus
1590 2025 1649 2077 et
1694 2023 1880 2078 bacha
1924 2023 2132 2079 bachal·
2179 2023 2227 2078 0
2276 2024 2532 2079 Bacchus
2580 2025 2640 2079 et
2682 2023 2903 2078 Baccha
2945 2024 3212 2079 bacchari

593 2102 805 2157 bachar
843 2101 1040 2157 Carrio
1197 2108 1230 2156 6
1267 2101 1511 2156 bocchos
1546 2101 1667 2156 AB
1704 2101 1913 2157 bochos
1952 2102 2000 2158 Ο
2156 2109 2222 2157 10
2258 2102 2558 2159 barbarum
2594 2120 2717 2159 esse
2755 2105 2974 2159 constet
3010 2103 3209 2160 Carrio

1493 2369 1863 2426 MARTYRII
1898 2370 1994 2425 DE
2033 2370 2077 2424 Β
2114 2368 2211 2425 ΕΤ
2247 2371 2300 2426 V

767 2535 888 2596 Bab
942 2537 1034 2597 vel
1088 2536 1200 2597 alia
1255 2536 1663 2599 intercedente
1718 2537 1904 2599 vocali
1961 2537 2183 2599 nullam
2229 2539 2468 2617 repperi
2516 2540 2770 2600 nominis
2819 2541 3206 2620 incipientem

591 2642 887 2722 syllabam.
977 2642 1092 2703 Vac
1150 2643 1363 2723 syllaba
1422 2647 1698 2725 quotiens
1766 2647 2101 2725 praeposita
2159 2645 2366 2721 fuerit,
2421 2664 2457 2705 v
2511 2645 2771 2707 vocalem
2825 2645 3040 2708 haheat
3092 2666 3206 2727 pro

591 2760 980 2832 consonante,
1026 2760 1094 2812 ut
1138 2771 1310 2813 vacca
1357 2754 1701 2815 vaccinium.
1778 2770 1913 2813 nam
1949 2751 2218 2814 Bacchus
2258 2761 2317 2814 et
2363 2751 2575 2814 baccar
2612 2751 2726 2813 sibi
2772 2773 2981 2834 graeca
3019 2756 3206 2818 vindi·

590 2857 743 2918 cavit
796 2857 1129 2937 prudentia.
1224 2877 1329 2920 vec
1391 2862 1482 2920 vic
1538 2858 1788 2940 syllabas
1861 2860 2060 2919 inveni
2113 2858 2387 2920 deficere.
2469 2858 2581 2920 boc
2637 2878 2822 2921 unum
2887 2861 3205 2923 barbarum

588 2963 795 3045 didici,
839 2964 897 3025 id
942 2973 1034 3025 est
1069 2963 1367 3047 Bocchus,
1414 2965 1574 3045 quod
1619 2963 1658 3025 b
1706 2973 1929 3025 mutam
1976 2964 2194 3025 habere
2234 2967 2616 3044 cognovimus
2654 2967 2715 3026 in
2755 2969 3067 3047 scriptura.
3142 2975 3203 3029 et
3231 2985 3257 3024 5

587 3070 895 3132 sciendum
950 3072 1108 3152 quod
1165 3074 1401 3133 nomina
1457 3073 1800 3153 peregrina,
1857 3074 1908 3132 si
1965 3070 2286 3132 trahuntur
2332 3071 2403 3131 ad
2451 3070 2697 3132 latinum
2746 3092 3109 3155 sermonem,
3165 3074 3204 3134 1»

589 3185 811 3238 mutam
866 3178 978 3239 sibi
1035 3178 1387 3258 plerumque
1444 3177 1786 3239 defendunt.
1872 3176 2008 3237 ideo
2065 3185 2262 3237 autem
2318 3176 2575 3238 diximus
2631 3178 3009 3259 plerumque,
3067 3182 3204 3259 quia

588 3293 727 3344 sunt
774 3302 923 3362 quae
972 3273 1167 3345 latinis
1213 3286 1482 3346 serviunt
1526 3282 1779 3365 regulis,
1828 3291 1893 3343 ut
1939 3282 2202 3343 Massiva.
2277 3284 2392 3344 hoc
2430 3288 2586 3345 enim
2626 3303 2842 3345 nomeu
2887 3286 3026 3347 licet
3070 3285 3203 3347 bar·

586 3389 796 3450 barum
843 3393 1155 3472 consistat,
1210 3398 1408 3450 tamen
1454 3389 1719 3469 regulam
1766 3391 1826 3448 in
1874 3389 2171 3468 scriptura
2217 3399 2556 3472 conservat,
2612 3409 2788 3470 quam
2835 3379 2981 3453 suus
3009 3393 3204 3455 locus

586 3496 955 3557 monstrabit.
1031 3497 1146 3557 buc
1192 3498 1443 3576 primam
1491 3494 1769 3575 syllabam
1817 3496 1876 3555 in
1926 3512 2045 3555 uno
2088 3498 2328 3575 repperi
2376 3495 2744 3559 solummodo
2783 3500 3040 3579 nomine,
3087 3499 3200 3561 hoc
3233 3519 3285 3556 ιο

586 3610 679 3661 est
734 3600 946 3684 bucca,
1002 3603 1158 3682 quod
1215 3621 1323 3682 per
1369 3602 1407 3662 l)
1465 3610 1687 3663 mutam
1734 3601 2049 3675 scribitur,
2107 3619 2217 3661 ceu
2265 3603 2438 3681 paulo
2486 3612 2619 3664 ante
2668 3606 2957 3665 rationem
3004 3606 3201 3667 reddi-

586 3708 797 3768 dimus
872 3708 983 3769 bad
1028 3709 1133 3769 bal*
1173 3708 1284 3788 bag
1330 3708 1439 3769 bak
1490 3707 1737 3788 syllabas
1781 3706 1874 3767 vel
1929 3705 2441 3770 intercedentibus
2488 3707 2616 3769 aliis
2667 3701 2965 3772 vocalibus
3021 3712 3200 3773 latina

592 3815 788 3875 minus
836 3818 1283 3879 connumeravit
1329 3811 1616 3876 facundia.

764 3920 864 3982 Val
920 3925 1113 4001 prima
1165 3921 1408 4004 syllaba,
1464 3920 1755 3999 siquidem
1802 3920 1822 3979 l
1870 3921 2051 3982 fuerit
2107 3920 2304 3982 littera
2361 3921 2707 4003 subsecuta,
2751 3941 2861 4001 per
2898 3942 2931 3982 v
2979 3925 3199 3986 scribe-

763 4082 796 4129 2
834 4037 1064 4147 habeat]
1104 4074 1337 4131 habebit
1375 4074 1432 4129 P
1570 4080 1603 4128 3
1643 4076 1703 4128 et
1734 4073 1940 4128 baccar
1976 4091 2077 4129 om.
2117 4075 2173 4128 P
2291 4082 2324 4130 4
2362 4075 2612 4131 defecere
2649 4076 2717 4130 N
2845 4083 2878 4130 6
2914 4078 3200 4133 traheren-

584 4173 679 4225 tur
713 4202 784 4211 -
821 4171 1192 4228 defenderunt
1231 4173 1287 4226 P
1435 4179 1468 4227 s
1507 4170 1754 4228 Massiva
1793 4170 1850 4223 P
1883 4155 2127 4226 Maenas
2161 4172 2215 4227 N
2357 4171 2658 4229 barbarum
2695 4173 2956 4230 consistit
2991 4175 3047 4228 P
3073 4176 3200 4231 bar-

583 4249 799 4305 bariem
838 4251 1109 4308 consistat
1143 4253 1211 4307 N
1348 4259 1415 4307 10
1452 4252 1510 4307 in
1548 4268 1658 4306 uno
1696 4251 1906 4321 reperis
1944 4253 2292 4308 solummodo
2319 4250 2547 4307 nomine
2583 4251 2690 4306 hoe
2728 4254 2812 4308 est
2844 4254 3021 4309 bucca
3058 4255 3114 4308 P
3141 4256 3198 4310 in

587 4350 759 4386 unum
795 4333 1016 4404 repperi
1052 4334 1233 4389 solum
1260 4351 1461 4389 nomen
1498 4332 1607 4387 hoc
1643 4331 1871 4385 buccam
1913 4332 1980 4384 N
2100 4339 2160 4386 11
2204 4331 2487 4387 reddimus
2522 4330 2654 4383 NP
2778 4339 2844 4386 14
2882 4333 2983 4388 Bal
3020 4333 3203 4403 prima

585 4410 815 4481 syllaba·
853 4413 1131 4482 siquidem
1176 4413 1199 4467 l
1248 4412 1419 4467 fuerit
1464 4410 1652 4465 littera
1698 4410 1998 4465 subsecuta
2042 4429 2142 4482 per
2176 4431 2210 4467 v
2250 4411 2574 4483 digammon
2620 4411 2891 4469 scribetur
2928 4418 2992 4469 ut
3036 4415 3200 4471 vallis

586 4492 644 4546 et
678 4491 891 4546 vallum
928 4510 1058 4548 nam
1105 4493 1385 4548 vallenam
1430 4506 1498 4545 ac
1540 4489 1829 4545 vallistam
1865 4507 1901 4545 a
1935 4509 2136 4561 graeco
2174 4491 2286 4547 dici
2321 4507 2448 4546 mea.
2482 4491 2708 4560 putavit
2743 4494 3021 4549 sententia
3055 4495 3200 4551 hanc

584 4590 742 4639 παρα
787 4591 851 4626 το
897 4574 1092 4643 fiad-lav
1128 4593 1227 4628 και
1264 4589 1614 4640 στρωννυναι
1650 4591 1937 4627 τουτεστιν
1975 4592 2234 4641 αναιρειν
2279 4572 2327 4627 si
2363 4587 2495 4627 vero
2545 4570 2689 4626 haec
2724 4589 2838 4628 non
2874 4576 3201 4643 sequeretur

586 4652 651 4704 ut
686 4651 884 4708 balvae
920 4653 1143 4709 balteus
1179 4654 1418 4709 balneae
1454 4655 1514 4707 et
1548 4651 1748 4707 balvae
1782 4655 1966 4721 θυραι
2001 4652 2109 4708 nisi
2145 4669 2181 4707 a
2215 4651 2492 4708 vestibulo
2520 4651 2650 4706 aluo
2679 4669 2882 4709 nomen
2918 4654 3026 4710 hoc
3052 4654 3202 4709 arui·

583 4730 795 4784 tremor
839 4731 1227 4801 compositum.
1299 4730 1439 4787 mibi
1484 4734 1670 4787 tamen
1717 4731 1827 4785 hoc
1871 4733 2044 4787 etiam
2089 4748 2356 4802 graecum
2401 4730 2626 4786 videtur
2673 4732 2911 4790 exist-ere
2957 4751 3201 4805 namque

586 4810 735 4879 apud
778 4810 907 4866 illos
953 4813 1218 4882 βαλβιδες
1264 4831 1319 4865 οι
1364 4831 1686 4882 καμπτηρες
1731 4813 1791 4866 et
1832 4810 2015 4865 balbis
2062 4830 2122 4864 αι
2165 4831 2277 4865 των
2324 4814 2612 4881 δρομαιων
2649 4813 2987 4884 αφαιτηριαὶ
3022 4815 3202 4870 nomi·

582 4892 805 4945 uantur.
861 4889 1154 4960 Excipitur
1181 4891 1506 4947 adverbium
1534 4892 1703 4948 valde
1731 4891 1787 4947 P
1887 4892 2186 4948 subsecuta
2211 4910 2313 4963 per
2337 4911 2373 4947 v
2404 4891 2701 4965 scribetur]
2734 4893 3115 4950 subscribetur
3139 4894 3208 4949 N
