<?xml version="1.0" encoding="UTF-8"?>
<!DOCTYPE html PUBLIC "-//W3C//DTD XHTML 1.0 Transitional//EN"
    "http://www.w3.org/TR/xhtml1/DTD/xhtml1-transitional.dtd">
<html xmlns="http://www.w3.org/1999/xhtml" xml:lang="en" lang="en">
 <head>
  <title>
</title>
<meta http-equiv="Content-Type" content="text/html;charset=utf-8" />
  <meta name='ocr-system' content='tesseract 3.04.00' />
  <meta name='ocr-capabilities' content='ocr_page ocr_carea ocr_par ocr_line ocrx_word'/>
</head>
<body>
  <div class='ocr_page' id='page_1' title='image "./grammaticilatin09keilgoog_0411.png"; bbox 0 0 3613 5528; ppageno 0'>
   <div class='ocr_carea' id='block_1_1' title="bbox 22 4624 25 5169">
    <p class='ocr_par' dir='ltr' id='par_1_1' title="bbox 22 4624 25 5169">
     <span class='ocr_line' id='line_1_1' title="bbox 22 4624 25 5169; baseline 0 0"><span class='ocrx_word' id='word_1_1' title='bbox 22 4624 25 5169; x_wconf 95' lang='lat' dir='ltr'><strong> </strong></span> 
     </span>
    </p>
   </div>
   <div class='ocr_carea' id='block_1_2' title="bbox 379 418 2977 569">
    <p class='ocr_par' dir='ltr' id='par_1_2' title="bbox 379 418 2977 569">
     <span class='ocr_line' id='line_1_2' title="bbox 1298 418 2977 485; baseline -0.001 -12"><span class='ocrx_word' id='word_1_2' title='bbox 1298 418 1437 473; x_wconf 80' lang='lat' dir='ltr'><strong>ARS</strong></span> <span class='ocrx_word' id='word_1_3' title='bbox 1476 418 1965 475; x_wconf 77' lang='lat' dir='ltr'>GRAMMATICA</span> <span class='ocrx_word' id='word_1_4' title='bbox 2849 419 2977 485; x_wconf 85' lang='lat'><strong>401</strong></span> 
     </span>
     <span class='ocr_line' id='line_1_3' title="bbox 379 520 687 569; baseline 0.006 -11"><span class='ocrx_word' id='word_1_5' title='bbox 379 529 425 569; x_wconf 73' lang='lat' dir='ltr'><strong>p.</strong></span> <span class='ocrx_word' id='word_1_6' title='bbox 454 520 517 562; x_wconf 78' lang='lat' dir='ltr'><strong>so.</strong></span> <span class='ocrx_word' id='word_1_7' title='bbox 545 520 598 561; x_wconf 72' lang='grc' dir='ltr'><strong>ει</strong></span> <span class='ocrx_word' id='word_1_8' title='bbox 627 520 687 560; x_wconf 80' lang='grc' dir='ltr'><strong>Η.</strong></span> 
     </span>
    </p>
   </div>
   <div class='ocr_carea' id='block_1_3' title="bbox 327 604 2983 1332">
    <p class='ocr_par' dir='ltr' id='par_1_3' title="bbox 378 604 2983 1008">
     <span class='ocr_line' id='line_1_4' title="bbox 379 604 2981 686; baseline -0 -21"><span class='ocrx_word' id='word_1_9' title='bbox 379 611 486 666; x_wconf 88' lang='lat' dir='ltr'><strong>est.</strong></span> <span class='ocrx_word' id='word_1_10' title='bbox 577 605 975 685; x_wconf 82' lang='lat' dir='ltr'><strong>superlativus</strong></span> <span class='ocrx_word' id='word_1_11' title='bbox 1021 623 1161 666; x_wconf 83' lang='lat' dir='ltr'><strong>vero</strong></span> <span class='ocrx_word' id='word_1_12' title='bbox 1208 604 1303 667; x_wconf 86' lang='lat' dir='ltr'><strong>his</strong></span> <span class='ocrx_word' id='word_1_13' title='bbox 1348 612 1578 667; x_wconf 85' lang='lat' dir='ltr'><strong>tantum</strong></span> <span class='ocrx_word' id='word_1_14' title='bbox 1621 607 1726 686; x_wconf 88' lang='lat' dir='ltr'><strong>qui</strong></span> <span class='ocrx_word' id='word_1_15' title='bbox 1772 608 1868 667; x_wconf 89' lang='lat' dir='ltr'><strong>sui</strong></span> <span class='ocrx_word' id='word_1_16' title='bbox 1902 608 2139 686; x_wconf 86' lang='lat' dir='ltr'><strong>generis</strong></span> <span class='ocrx_word' id='word_1_17' title='bbox 2177 613 2317 667; x_wconf 89' lang='lat' dir='ltr'><strong>sunt</strong></span> <span class='ocrx_word' id='word_1_18' title='bbox 2351 608 2756 686; x_wconf 75' lang='lat' dir='ltr'><strong>praeponitur.</strong></span> <span class='ocrx_word' id='word_1_19' title='bbox 2848 623 2981 666; x_wconf 86' lang='lat' dir='ltr'><strong>nam</strong></span> 
     </span>
     <span class='ocr_line' id='line_1_5' title="bbox 381 705 2980 796; baseline 0 -24"><span class='ocrx_word' id='word_1_20' title='bbox 381 705 783 773; x_wconf 83' lang='lat' dir='ltr'><strong>velocissimus</strong></span> <span class='ocrx_word' id='word_1_21' title='bbox 830 730 1021 792; x_wconf 88' lang='lat' dir='ltr'><strong>equus</strong></span> <span class='ocrx_word' id='word_1_22' title='bbox 1067 731 1188 774; x_wconf 90' lang='lat' dir='ltr'><strong>non</strong></span> <span class='ocrx_word' id='word_1_23' title='bbox 1234 712 1481 796; x_wconf 88' lang='lat' dir='ltr'><strong>dicitur,</strong></span> <span class='ocrx_word' id='word_1_24' title='bbox 1533 715 1645 775; x_wconf 88' lang='lat' dir='ltr'><strong>nisi</strong></span> <span class='ocrx_word' id='word_1_25' title='bbox 1692 715 1863 793; x_wconf 83' lang='lat' dir='ltr'><strong>equis</strong></span> <span class='ocrx_word' id='word_1_26' title='bbox 1911 721 2286 793; x_wconf 87' lang='lat' dir='ltr'><strong>comparatus</strong></span> <span class='ocrx_word' id='word_1_27' title='bbox 2332 714 2425 773; x_wconf 86' lang='lat' dir='ltr'><strong>sit.</strong></span> <span class='ocrx_word' id='word_1_28' title='bbox 2519 714 2718 791; x_wconf 89' lang='lat' dir='ltr'><strong>itaque</strong></span> <span class='ocrx_word' id='word_1_29' title='bbox 2775 730 2980 792; x_wconf 86' lang='lat' dir='ltr'><strong>super·</strong></span> 
     </span>
     <span class='ocr_line' id='line_1_6' title="bbox 378 814 2981 899; baseline -0 -19"><span class='ocrx_word' id='word_1_30' title='bbox 378 819 591 881; x_wconf 69' lang='lat' dir='ltr'><strong>latirus</strong></span> <span class='ocrx_word' id='word_1_31' title='bbox 634 818 854 899; x_wconf 86' lang='lat' dir='ltr'><strong>gradus</strong></span> <span class='ocrx_word' id='word_1_32' title='bbox 898 827 1001 881; x_wconf 90' lang='lat' dir='ltr'><strong>aut</strong></span> <span class='ocrx_word' id='word_1_33' title='bbox 1046 818 1321 881; x_wconf 89' lang='lat' dir='ltr'><strong>omnibus</strong></span> <span class='ocrx_word' id='word_1_34' title='bbox 1368 821 1461 880; x_wconf 91' lang='lat' dir='ltr'><strong>sui</strong></span> <span class='ocrx_word' id='word_1_35' title='bbox 1505 821 1743 899; x_wconf 83' lang='lat' dir='ltr'><strong>generis</strong></span> <span class='ocrx_word' id='word_1_36' title='bbox 1788 821 2204 899; x_wconf 75' lang='lat' dir='ltr'><strong>praeponitur,</strong></span> <span class='ocrx_word' id='word_1_37' title='bbox 2252 828 2320 880; x_wconf 85' lang='lat' dir='ltr'><strong>ut</strong></span> <span class='ocrx_word' id='word_1_38' title='bbox 2366 814 2433 879; x_wconf 72' lang='lat' dir='ltr'><strong>‘o</strong></span> <span class='ocrx_word' id='word_1_39' title='bbox 2483 817 2791 880; x_wconf 87' lang='lat' dir='ltr'><strong>Danaum</strong></span> <span class='ocrx_word' id='word_1_40' title='bbox 2839 818 2981 879; x_wconf 86' lang='lat' dir='ltr'><strong>l&#39;or·</strong></span> 
     </span>
     <span class='ocr_line' id='line_1_7' title="bbox 380 919 2983 1008; baseline -0.001 -20"><span class='ocrx_word' id='word_1_41' title='bbox 380 927 656 989; x_wconf 82' lang='lat' dir='ltr'><strong>tissime</strong></span> <span class='ocrx_word' id='word_1_42' title='bbox 702 927 943 1007; x_wconf 80' lang='lat' dir='ltr'><strong>gentis</strong></span> <span class='ocrx_word' id='word_1_43' title='bbox 989 919 1349 1008; x_wconf 76' lang='lat' dir='ltr'><strong>TydideS,&#39;</strong></span> <span class='ocrx_word' id='word_1_44' title='bbox 1396 934 1499 988; x_wconf 90' lang='lat' dir='ltr'><strong>aut</strong></span> <span class='ocrx_word' id='word_1_45' title='bbox 1543 926 1741 988; x_wconf 72' lang='lat' dir='ltr'><strong>nullis</strong></span> <span class='ocrx_word' id='word_1_46' title='bbox 1788 928 1939 988; x_wconf 87' lang='lat' dir='ltr'><strong>scito</strong></span> <span class='ocrx_word' id='word_1_47' title='bbox 1986 933 2183 987; x_wconf 85' lang='lat' dir='ltr'><strong>autem</strong></span> <span class='ocrx_word' id='word_1_48' title='bbox 2232 926 2694 1008; x_wconf 80' lang='lat' dir='ltr'><strong>comparativum</strong></span> <span class='ocrx_word' id='word_1_49' title='bbox 2735 924 2983 1005; x_wconf 88' lang='lat' dir='ltr'><strong>gradum</strong></span> 
     </span>
    </p>

    <p class='ocr_par' dir='ltr' id='par_1_4' title="bbox 327 1019 2983 1332">
     <span class='ocr_line' id='line_1_8' title="bbox 327 1019 2983 1115; baseline -0.001 -20"><span class='ocrx_word' id='word_1_50' title='bbox 327 1044 354 1085; x_wconf 78' lang='lat'><strong>⁶</strong></span> <span class='ocrx_word' id='word_1_51' title='bbox 383 1052 586 1095; x_wconf 86' lang='lat' dir='ltr'><strong>casum</strong></span> <span class='ocrx_word' id='word_1_52' title='bbox 632 1033 951 1096; x_wconf 81' lang='lat' dir='ltr'><strong>ablativum</strong></span> <span class='ocrx_word' id='word_1_53' title='bbox 998 1033 1232 1095; x_wconf 77' lang='lat' dir='ltr'><strong>trahere</strong></span> <span class='ocrx_word' id='word_1_54' title='bbox 1282 1043 1399 1095; x_wconf 89' lang='lat' dir='ltr'><strong>tam</strong></span> <span class='ocrx_word' id='word_1_55' title='bbox 1447 1035 1680 1095; x_wconf 90' lang='lat' dir='ltr'><strong>numeri</strong></span> <span class='ocrx_word' id='word_1_56' title='bbox 1726 1034 2044 1114; x_wconf 85' lang='lat' dir='ltr'><strong>singularis</strong></span> <span class='ocrx_word' id='word_1_57' title='bbox 2090 1019 2269 1114; x_wconf 83' lang='lat' dir='ltr'><strong>quam⁰</strong></span> <span class='ocrx_word' id='word_1_58' title='bbox 2311 1032 2584 1115; x_wconf 78' lang='lat' dir='ltr'><strong>pluraliS,</strong></span> <span class='ocrx_word' id='word_1_59' title='bbox 2641 1041 2707 1094; x_wconf 89' lang='lat' dir='ltr'><strong>ut</strong></span> <span class='ocrx_word' id='word_1_60' title='bbox 2753 1031 2983 1093; x_wconf 82' lang='lat' dir='ltr'><strong>doctior</strong></span> 
     </span>
     <span class='ocr_line' id='line_1_9' title="bbox 380 1139 2982 1222; baseline -0 -22"><span class='ocrx_word' id='word_1_61' title='bbox 380 1139 506 1222; x_wconf 87' lang='lat' dir='ltr'><strong>illo,</strong></span> <span class='ocrx_word' id='word_1_62' title='bbox 571 1141 804 1202; x_wconf 84' lang='lat' dir='ltr'><strong>doctior</strong></span> <span class='ocrx_word' id='word_1_63' title='bbox 866 1140 999 1202; x_wconf 81' lang='lat' dir='ltr'><strong>illis.</strong></span> <span class='ocrx_word' id='word_1_64' title='bbox 1092 1139 1487 1221; x_wconf 85' lang='lat' dir='ltr'><strong>superlativus</strong></span> <span class='ocrx_word' id='word_1_65' title='bbox 1550 1159 1690 1202; x_wconf 86' lang='lat' dir='ltr'><strong>vero</strong></span> <span class='ocrx_word' id='word_1_66' title='bbox 1755 1160 1960 1203; x_wconf 89' lang='lat' dir='ltr'><strong>casum</strong></span> <span class='ocrx_word' id='word_1_67' title='bbox 2018 1142 2342 1221; x_wconf 85' lang='lat' dir='ltr'><strong>genitivum</strong></span> <span class='ocrx_word' id='word_1_68' title='bbox 2398 1140 2581 1202; x_wconf 85' lang='lat' dir='ltr'><strong>trahit</strong></span> <span class='ocrx_word' id='word_1_69' title='bbox 2635 1149 2695 1201; x_wconf 89' lang='lat' dir='ltr'><strong>et</strong></span> <span class='ocrx_word' id='word_1_70' title='bbox 2756 1146 2982 1202; x_wconf 88' lang='lat' dir='ltr'><strong>tantum</strong></span> 
     </span>
     <span class='ocr_line' id='line_1_10' title="bbox 380 1241 2396 1332; baseline 0 -24"><span class='ocrx_word' id='word_1_71' title='bbox 380 1246 591 1328; x_wconf 78' lang='lat' dir='ltr'><strong>plurali</strong></span> <span class='ocrx_word' id='word_1_72' title='bbox 638 1249 907 1330; x_wconf 79' lang='lat' dir='ltr'><strong>iungitur</strong></span> <span class='ocrx_word' id='word_1_73' title='bbox 953 1266 1232 1330; x_wconf 87' lang='lat' dir='ltr'><strong>numero,</strong></span> <span class='ocrx_word' id='word_1_74' title='bbox 1277 1256 1345 1310; x_wconf 92' lang='lat' dir='ltr'><strong>ut</strong></span> <span class='ocrx_word' id='word_1_75' title='bbox 1389 1249 1652 1311; x_wconf 89' lang='lat' dir='ltr'><strong>omnium</strong></span> <span class='ocrx_word' id='word_1_76' title='bbox 1699 1249 2063 1311; x_wconf 85' lang='lat' dir='ltr'><strong>iustissimus</strong></span> <span class='ocrx_word' id='word_1_77' title='bbox 2110 1248 2344 1310; x_wconf 88' lang='lat' dir='ltr'><strong>dicitur.</strong></span> <span class='ocrx_word' id='word_1_78' title='bbox 2386 1241 2396 1332; x_wconf 87' lang='grc' dir='ltr'>Ι</span> 
     </span>
    </p>
   </div>
   <div class='ocr_carea' id='block_1_4' title="bbox 1335 1460 2024 1528">
    <p class='ocr_par' dir='ltr' id='par_1_5' title="bbox 1335 1460 2024 1528">
     <span class='ocr_line' id='line_1_11' title="bbox 1335 1460 2024 1528; baseline 0 -2"><span class='ocrx_word' id='word_1_79' title='bbox 1335 1460 1455 1526; x_wconf 85' lang='lat' dir='ltr'><strong>DE</strong></span> <span class='ocrx_word' id='word_1_80' title='bbox 1502 1460 2024 1528; x_wconf 85' lang='lat' dir='ltr'>PRONOMINE</span> 
     </span>
    </p>
   </div>
   <div class='ocr_carea' id='block_1_5' title="bbox 304 1601 2991 2441">
    <p class='ocr_par' dir='ltr' id='par_1_6' title="bbox 304 1601 2991 2441">
     <span class='ocr_line' id='line_1_12' title="bbox 553 1601 2986 1690; baseline -0 -22"><span class='ocrx_word' id='word_1_81' title='bbox 553 1607 890 1669; x_wconf 88' lang='lat' dir='ltr'><strong>Pronomen</strong></span> <span class='ocrx_word' id='word_1_82' title='bbox 956 1615 1048 1670; x_wconf 88' lang='lat' dir='ltr'><strong>est</strong></span> <span class='ocrx_word' id='word_1_83' title='bbox 1111 1627 1249 1689; x_wconf 89' lang='lat' dir='ltr'><strong>pars</strong></span> <span class='ocrx_word' id='word_1_84' title='bbox 1312 1611 1599 1671; x_wconf 87' lang='lat' dir='ltr'><strong>orationis</strong></span> <span class='ocrx_word' id='word_1_85' title='bbox 1666 1628 1816 1689; x_wconf 87' lang='lat' dir='ltr'><strong>quae</strong></span> <span class='ocrx_word' id='word_1_86' title='bbox 1882 1627 1991 1690; x_wconf 89' lang='lat' dir='ltr'><strong>pro</strong></span> <span class='ocrx_word' id='word_1_87' title='bbox 2057 1610 2184 1689; x_wconf 90' lang='lat' dir='ltr'><strong>ipso</strong></span> <span class='ocrx_word' id='word_1_88' title='bbox 2241 1601 2431 1688; x_wconf 68' lang='lat' dir='ltr'><strong>pos&#39;ita</strong></span> <span class='ocrx_word' id='word_1_89' title='bbox 2488 1610 2725 1669; x_wconf 91' lang='lat' dir='ltr'><strong>nomine</strong></span> <span class='ocrx_word' id='word_1_90' title='bbox 2790 1608 2986 1668; x_wconf 87' lang='lat' dir='ltr'><strong>minus</strong></span> 
     </span>
     <span class='ocr_line' id='line_1_13' title="bbox 306 1714 2987 1799; baseline -0.001 -24"><span class='ocrx_word' id='word_1_91' title='bbox 306 1715 621 1794; x_wconf 81' lang='lat' dir='ltr'><strong>mquidem</strong></span> <span class='ocrx_word' id='word_1_92' title='bbox 679 1715 878 1799; x_wconf 82' lang='lat' dir='ltr'><strong>plene,</strong></span> <span class='ocrx_word' id='word_1_93' title='bbox 941 1716 1098 1778; x_wconf 89' lang='lat' dir='ltr'><strong>idem</strong></span> <span class='ocrx_word' id='word_1_94' title='bbox 1155 1726 1349 1777; x_wconf 86' lang='lat' dir='ltr'><strong>tamen</strong></span> <span class='ocrx_word' id='word_1_95' title='bbox 1408 1717 1727 1797; x_wconf 84' lang='lat' dir='ltr'><strong>significat,</strong></span> <span class='ocrx_word' id='word_1_96' title='bbox 1793 1725 1859 1777; x_wconf 84' lang='lat' dir='ltr'><strong>ut</strong></span> <span class='ocrx_word' id='word_1_97' title='bbox 1916 1734 2052 1795; x_wconf 84' lang='lat' dir='ltr'><strong>ego·</strong></span> <span class='ocrx_word' id='word_1_98' title='bbox 2091 1723 2153 1777; x_wconf 89' lang='lat' dir='ltr'><strong>tu</strong></span> <span class='ocrx_word' id='word_1_99' title='bbox 2220 1714 2370 1794; x_wconf 89' lang='lat' dir='ltr'><strong>[me]</strong></span> <span class='ocrx_word' id='word_1_100' title='bbox 2439 1714 2552 1776; x_wconf 92' lang='lat' dir='ltr'><strong>ille.</strong></span> <span class='ocrx_word' id='word_1_101' title='bbox 2652 1715 2987 1795; x_wconf 87' lang='lat' dir='ltr'><strong>pronomini</strong></span> 
     </span>
     <span class='ocr_line' id='line_1_14' title="bbox 384 1821 2987 1904; baseline -0 -23"><span class='ocrx_word' id='word_1_102' title='bbox 384 1821 660 1884; x_wconf 89' lang='lat' dir='ltr'><strong>accidunt</strong></span> <span class='ocrx_word' id='word_1_103' title='bbox 688 1822 937 1903; x_wconf 85' lang='lat' dir='ltr'><strong>qualitas</strong></span> <span class='ocrx_word' id='word_1_104' title='bbox 975 1842 1164 1903; x_wconf 83' lang='lat' dir='ltr'><strong>genus</strong></span> <span class='ocrx_word' id='word_1_105' title='bbox 1203 1825 1387 1903; x_wconf 81' lang='lat' dir='ltr'><strong>figura</strong></span> <span class='ocrx_word' id='word_1_106' title='bbox 1425 1842 1711 1885; x_wconf 89' lang='lat' dir='ltr'><strong>numerus</strong></span> <span class='ocrx_word' id='word_1_107' title='bbox 1750 1842 1924 1884; x_wconf 85' lang='lat' dir='ltr'><strong>casus</strong></span> <span class='ocrx_word' id='word_1_108' title='bbox 1961 1841 2229 1904; x_wconf 82' lang='lat' dir='ltr'><strong>persona,</strong></span> <span class='ocrx_word' id='word_1_109' title='bbox 2292 1821 2542 1902; x_wconf 88' lang='lat' dir='ltr'><strong>qualitas</strong></span> <span class='ocrx_word' id='word_1_110' title='bbox 2568 1822 2987 1902; x_wconf 88' lang='lat' dir='ltr'><strong>pronominum</strong></span> 
     </span>
     <span class='ocr_line' id='line_1_15' title="bbox 385 1929 2986 2010; baseline -0.001 -22"><span class='ocrx_word' id='word_1_111' title='bbox 385 1937 486 1989; x_wconf 89' lang='lat' dir='ltr'><strong>aut</strong></span> <span class='ocrx_word' id='word_1_112' title='bbox 530 1929 693 1990; x_wconf 86' lang='lat' dir='ltr'><strong>finita</strong></span> <span class='ocrx_word' id='word_1_113' title='bbox 739 1939 832 1991; x_wconf 88' lang='lat' dir='ltr'><strong>est</strong></span> <span class='ocrx_word' id='word_1_114' title='bbox 877 1941 979 1993; x_wconf 89' lang='lat' dir='ltr'><strong>aut</strong></span> <span class='ocrx_word' id='word_1_115' title='bbox 1025 1932 1269 1992; x_wconf 87' lang='lat' dir='ltr'><strong>infinita.</strong></span> <span class='ocrx_word' id='word_1_116' title='bbox 1359 1932 1522 1992; x_wconf 78' lang='lat' dir='ltr'><strong>[inita</strong></span> <span class='ocrx_word' id='word_1_117' title='bbox 1570 1939 1661 1993; x_wconf 91' lang='lat' dir='ltr'><strong>est</strong></span> <span class='ocrx_word' id='word_1_118' title='bbox 1707 1948 1858 2010; x_wconf 90' lang='lat' dir='ltr'><strong>quae</strong></span> <span class='ocrx_word' id='word_1_119' title='bbox 1906 1938 2072 1991; x_wconf 88' lang='lat' dir='ltr'><strong>notat</strong></span> <span class='ocrx_word' id='word_1_120' title='bbox 2117 1938 2341 1992; x_wconf 87' lang='lat' dir='ltr'><strong>certam</strong></span> <span class='ocrx_word' id='word_1_121' title='bbox 2386 1947 2727 2010; x_wconf 88' lang='lat' dir='ltr'><strong>personam,</strong></span> <span class='ocrx_word' id='word_1_122' title='bbox 2775 1935 2842 1990; x_wconf 88' lang='lat' dir='ltr'><strong>ut</strong></span> <span class='ocrx_word' id='word_1_123' title='bbox 2878 1945 2986 2006; x_wconf 85' lang='lat' dir='ltr'><strong>ego</strong></span> 
     </span>
     <span class='ocr_line' id='line_1_16' title="bbox 386 2034 2988 2118; baseline -0 -23"><span class='ocrx_word' id='word_1_124' title='bbox 386 2043 447 2096; x_wconf 90' lang='lat' dir='ltr'><strong>tu</strong></span> <span class='ocrx_word' id='word_1_125' title='bbox 495 2034 611 2097; x_wconf 92' lang='lat' dir='ltr'><strong>ille.</strong></span> <span class='ocrx_word' id='word_1_126' title='bbox 701 2038 931 2099; x_wconf 82' lang='lat' dir='ltr'><strong>infinita</strong></span> <span class='ocrx_word' id='word_1_127' title='bbox 977 2045 1070 2099; x_wconf 86' lang='lat' dir='ltr'><strong>est</strong></span> <span class='ocrx_word' id='word_1_128' title='bbox 1115 2057 1265 2118; x_wconf 85' lang='lat' dir='ltr'><strong>quae</strong></span> <span class='ocrx_word' id='word_1_129' title='bbox 1322 2037 1568 2099; x_wconf 85' lang='lat' dir='ltr'><strong>cuilibet</strong></span> <span class='ocrx_word' id='word_1_130' title='bbox 1623 2054 1915 2118; x_wconf 89' lang='lat' dir='ltr'><strong>personae</strong></span> <span class='ocrx_word' id='word_1_131' title='bbox 1971 2043 2168 2116; x_wconf 87' lang='lat' dir='ltr'><strong>potest</strong></span> <span class='ocrx_word' id='word_1_132' title='bbox 2223 2035 2679 2116; x_wconf 88' lang='lat' dir='ltr'><strong>accommodari,</strong></span> <span class='ocrx_word' id='word_1_133' title='bbox 2734 2041 2801 2095; x_wconf 81' lang='lat' dir='ltr'><strong>ut</strong></span> <span class='ocrx_word' id='word_1_134' title='bbox 2854 2036 2988 2114; x_wconf 88' lang='lat' dir='ltr'><strong>quis</strong></span> 
     </span>
     <span class='ocr_line' id='line_1_17' title="bbox 384 2141 2987 2226; baseline -0.002 -22"><span class='ocrx_word' id='word_1_135' title='bbox 384 2143 575 2223; x_wconf 89' lang='lat' dir='ltr'><strong>qualis</strong></span> <span class='ocrx_word' id='word_1_136' title='bbox 612 2162 779 2225; x_wconf 87' lang='lat' dir='ltr'><strong>quae.</strong></span> <span class='ocrx_word' id='word_1_137' title='bbox 861 2164 1081 2224; x_wconf 83' lang='lat' dir='ltr'><strong>genera</strong></span> <span class='ocrx_word' id='word_1_138' title='bbox 1119 2146 1537 2226; x_wconf 82' lang='lat' dir='ltr'><strong>pronominum</strong></span> <span class='ocrx_word' id='word_1_139' title='bbox 1578 2152 1719 2205; x_wconf 89' lang='lat' dir='ltr'><strong>sunt</strong></span> <span class='ocrx_word' id='word_1_140' title='bbox 1756 2143 1893 2225; x_wconf 83' lang='lat'>1111,</span> <span class='ocrx_word' id='word_1_141' title='bbox 1941 2141 2328 2204; x_wconf 89' lang='lat' dir='ltr'><strong>masculinum</strong></span> <span class='ocrx_word' id='word_1_142' title='bbox 2369 2152 2434 2204; x_wconf 89' lang='lat' dir='ltr'><strong>ut</strong></span> <span class='ocrx_word' id='word_1_143' title='bbox 2469 2142 2594 2224; x_wconf 85' lang='lat' dir='ltr'><strong>hic,</strong></span> <span class='ocrx_word' id='word_1_144' title='bbox 2640 2142 2987 2203; x_wconf 80' lang='lat' dir='ltr'><strong>femininum</strong></span> 
     </span>
     <span class='ocr_line' id='line_1_18' title="bbox 304 2247 2987 2335; baseline 0 -28"><span class='ocrx_word' id='word_1_145' title='bbox 304 2264 357 2305; x_wconf 66' lang='grc' dir='ltr'><em>ιε</em></span> <span class='ocrx_word' id='word_1_146' title='bbox 386 2258 453 2311; x_wconf 89' lang='lat' dir='ltr'><strong>ut</strong></span> <span class='ocrx_word' id='word_1_147' title='bbox 497 2250 670 2332; x_wconf 88' lang='lat' dir='ltr'><strong>baec,</strong></span> <span class='ocrx_word' id='word_1_148' title='bbox 724 2259 1008 2313; x_wconf 89' lang='lat' dir='ltr'><strong>neutrum</strong></span> <span class='ocrx_word' id='word_1_149' title='bbox 1054 2260 1122 2315; x_wconf 89' lang='lat' dir='ltr'><strong>ut</strong></span> <span class='ocrx_word' id='word_1_150' title='bbox 1167 2252 1311 2335; x_wconf 86' lang='lat' dir='ltr'><strong>hoc,</strong></span> <span class='ocrx_word' id='word_1_151' title='bbox 1366 2270 1680 2313; x_wconf 88' lang='lat' dir='ltr'><strong>commune</strong></span> <span class='ocrx_word' id='word_1_152' title='bbox 1728 2260 1795 2312; x_wconf 86' lang='lat' dir='ltr'><strong>ut</strong></span> <span class='ocrx_word' id='word_1_153' title='bbox 1841 2270 1966 2330; x_wconf 83' lang='lat' dir='ltr'><strong>ego.</strong></span> <span class='ocrx_word' id='word_1_154' title='bbox 2058 2251 2245 2329; x_wconf 84' lang='lat' dir='ltr'><strong>figura</strong></span> <span class='ocrx_word' id='word_1_155' title='bbox 2300 2251 2716 2330; x_wconf 88' lang='lat' dir='ltr'><strong>pronominum</strong></span> <span class='ocrx_word' id='word_1_156' title='bbox 2773 2247 2987 2328; x_wconf 81' lang='lat' dir='ltr'><strong>duplex</strong></span> 
     </span>
     <span class='ocr_line' id='line_1_19' title="bbox 386 2357 2991 2441; baseline -0.001 -24"><span class='ocrx_word' id='word_1_157' title='bbox 386 2364 503 2419; x_wconf 85' lang='lat' dir='ltr'><strong>est:</strong></span> <span class='ocrx_word' id='word_1_158' title='bbox 558 2365 660 2419; x_wconf 90' lang='lat' dir='ltr'><strong>aut</strong></span> <span class='ocrx_word' id='word_1_159' title='bbox 719 2359 878 2419; x_wconf 92' lang='lat' dir='ltr'><strong>enim</strong></span> <span class='ocrx_word' id='word_1_160' title='bbox 933 2359 1220 2439; x_wconf 87' lang='lat' dir='ltr'><strong>simplicia</strong></span> <span class='ocrx_word' id='word_1_161' title='bbox 1276 2366 1443 2441; x_wconf 84' lang='lat' dir='ltr'><strong>sunt,</strong></span> <span class='ocrx_word' id='word_1_162' title='bbox 1507 2364 1575 2419; x_wconf 88' lang='lat' dir='ltr'><strong>ut</strong></span> <span class='ocrx_word' id='word_1_163' title='bbox 1627 2359 1762 2437; x_wconf 88' lang='lat' dir='ltr'><strong>quis</strong></span> <span class='ocrx_word' id='word_1_164' title='bbox 1827 2375 1964 2438; x_wconf 84' lang='lat' dir='ltr'><strong>ego,</strong></span> <span class='ocrx_word' id='word_1_165' title='bbox 2027 2365 2128 2418; x_wconf 89' lang='lat' dir='ltr'><strong>aut</strong></span> <span class='ocrx_word' id='word_1_166' title='bbox 2182 2358 2534 2437; x_wconf 87' lang='lat' dir='ltr'><strong>composita,</strong></span> <span class='ocrx_word' id='word_1_167' title='bbox 2598 2366 2664 2418; x_wconf 89' lang='lat' dir='ltr'><strong>ut</strong></span> <span class='ocrx_word' id='word_1_168' title='bbox 2718 2357 2991 2436; x_wconf 89' lang='lat' dir='ltr'><strong>quisquis</strong></span> 
     </span>
    </p>
   </div>
   <div class='ocr_carea' id='block_1_6' title="bbox 388 2482 813 2490">
    <p class='ocr_par' dir='ltr' id='par_1_7' title="bbox 388 2482 813 2490">
     <span class='ocr_line' id='line_1_20' title="bbox 388 2482 813 2490; baseline 0 3038"><span class='ocrx_word' id='word_1_169' title='bbox 388 2482 813 2490; x_wconf 95' lang='lat' dir='ltr'><strong> </strong></span> 
     </span>
    </p>
   </div>
   <div class='ocr_carea' id='block_1_7' title="bbox 385 2527 2890 2762">
    <p class='ocr_par' dir='ltr' id='par_1_8' title="bbox 385 2527 2890 2762">
     <span class='ocr_line' id='line_1_21' title="bbox 564 2527 2890 2602; baseline -0.001 -17"><span class='ocrx_word' id='word_1_170' title='bbox 564 2529 746 2585; x_wconf 75' lang='lat' dir='ltr'><strong>Codeae</strong></span> <span class='ocrx_word' id='word_1_171' title='bbox 782 2529 1175 2602; x_wconf 72' lang='lat' dir='ltr'><strong>Sanyallensia.</strong></span> <span class='ocrx_word' id='word_1_172' title='bbox 1249 2539 1281 2586; x_wconf 87' lang='lat'><strong>3</strong></span> <span class='ocrx_word' id='word_1_173' title='bbox 1318 2530 1657 2586; x_wconf 73' lang='lat' dir='ltr'><strong>fortissimae</strong></span> <span class='ocrx_word' id='word_1_174' title='bbox 1694 2528 1880 2600; x_wconf 79' lang='lat' dir='ltr'><strong>gentis</strong></span> <span class='ocrx_word' id='word_1_175' title='bbox 1923 2528 2278 2585; x_wconf 82' lang='lat' dir='ltr'><strong><em>TYTIAEG&#39;</em></strong></span> <span class='ocrx_word' id='word_1_176' title='bbox 2414 2536 2448 2583; x_wconf 82' lang='lat'>4</span> <span class='ocrx_word' id='word_1_177' title='bbox 2488 2527 2628 2584; x_wconf 69' lang='lat' dir='ltr'><strong>scibo</strong></span> <span class='ocrx_word' id='word_1_178' title='bbox 2666 2529 2890 2583; x_wconf 79' lang='grc' dir='ltr'><em>νισθιδε</em></span> 
     </span>
     <span class='ocr_line' id='line_1_22' title="bbox 385 2609 2886 2683; baseline 0 -19"><span class='ocrx_word' id='word_1_179' title='bbox 385 2615 418 2664; x_wconf 85' lang='grc'>5</span> <span class='ocrx_word' id='word_1_180' title='bbox 455 2611 598 2682; x_wconf 76' lang='lat' dir='ltr'><strong>tam]</strong></span> <span class='ocrx_word' id='word_1_181' title='bbox 638 2610 810 2666; x_wconf 79' lang='lat' dir='ltr'><strong>etiam</strong></span> <span class='ocrx_word' id='word_1_182' title='bbox 961 2611 1219 2683; x_wconf 82' lang='lat' dir='ltr'><strong>pluralis]</strong></span> <span class='ocrx_word' id='word_1_183' title='bbox 1258 2609 1482 2681; x_wconf 85' lang='lat' dir='ltr'><strong>populis</strong></span> <span class='ocrx_word' id='word_1_184' title='bbox 1638 2615 1704 2664; x_wconf 90' lang='grc'><strong>10</strong></span> <span class='ocrx_word' id='word_1_185' title='bbox 1741 2609 1955 2681; x_wconf 75' lang='lat' dir='ltr'><strong>tamen]</strong></span> <span class='ocrx_word' id='word_1_186' title='bbox 1995 2612 2110 2664; x_wconf 80' lang='lat' dir='ltr'><strong>tam</strong></span> <span class='ocrx_word' id='word_1_187' title='bbox 2254 2609 2588 2679; x_wconf 86' lang='lat' dir='ltr'><strong>pronomina.</strong></span> <span class='ocrx_word' id='word_1_188' title='bbox 2624 2609 2886 2664; x_wconf 76' lang='lat' dir='ltr'><strong>accidunt</strong></span> 
     </span>
     <span class='ocr_line' id='line_1_23' title="bbox 387 2692 1016 2762; baseline 0.003 -18"><span class='ocrx_word' id='word_1_189' title='bbox 387 2697 454 2745; x_wconf 86' lang='lat'><strong>13</strong></span> <span class='ocrx_word' id='word_1_190' title='bbox 492 2694 557 2745; x_wconf 78' lang='lat' dir='ltr'><strong>ut·</strong></span> <span class='ocrx_word' id='word_1_191' title='bbox 591 2698 719 2747; x_wconf 81' lang='lat' dir='ltr'><strong>ante</strong></span> <span class='ocrx_word' id='word_1_192' title='bbox 754 2692 879 2762; x_wconf 82' lang='lat' dir='ltr'><strong>quis</strong></span> <span class='ocrx_word' id='word_1_193' title='bbox 915 2710 1016 2748; x_wconf 85' lang='lat' dir='ltr'><strong>om.</strong></span> 
     </span>
    </p>
   </div>
   <div class='ocr_carea' id='block_1_8' title="bbox 387 2805 812 2813">
    <p class='ocr_par' dir='ltr' id='par_1_9' title="bbox 387 2805 812 2813">
     <span class='ocr_line' id='line_1_24' title="bbox 387 2805 812 2813; baseline 0 0"><span class='ocrx_word' id='word_1_194' title='bbox 387 2805 812 2813; x_wconf 95' lang='lat' dir='ltr'><strong> </strong></span> 
     </span>
    </p>
   </div>
   <div class='ocr_carea' id='block_1_9' title="bbox 384 2851 2997 3887">
    <p class='ocr_par' dir='ltr' id='par_1_10' title="bbox 568 2851 2849 2925">
     <span class='ocr_line' id='line_1_25' title="bbox 568 2851 2849 2925; baseline 0 -18"><span class='ocrx_word' id='word_1_195' title='bbox 568 2860 593 2907; x_wconf 87' lang='lat'><strong>1</strong></span> <span class='ocrx_word' id='word_1_196' title='bbox 633 2853 718 2909; x_wconf 81' lang='lat' dir='ltr'><strong>sui</strong></span> <span class='ocrx_word' id='word_1_197' title='bbox 754 2854 1003 2925; x_wconf 76' lang='lat' dir='ltr'><strong>generis]</strong></span> <span class='ocrx_word' id='word_1_198' title='bbox 1060 2853 1311 2909; x_wconf 85' lang='lat' dir='ltr'><strong>eiusdem</strong></span> <span class='ocrx_word' id='word_1_199' title='bbox 1363 2851 1584 2922; x_wconf 82' lang='lat' dir='ltr'><strong>generis</strong></span> <span class='ocrx_word' id='word_1_200' title='bbox 1624 2853 1699 2907; x_wconf 80' lang='lat' dir='ltr'><strong><em>M</em></strong></span> <span class='ocrx_word' id='word_1_201' title='bbox 1847 2860 1881 2908; x_wconf 85' lang='lat'><strong>3</strong></span> <span class='ocrx_word' id='word_1_202' title='bbox 1920 2870 1952 2908; x_wconf 89' lang='grc' dir='ltr'><strong>ο</strong></span> <span class='ocrx_word' id='word_1_203' title='bbox 1990 2853 2269 2925; x_wconf 78' lang='lat' dir='ltr'><strong>Danaum]</strong></span> <span class='ocrx_word' id='word_1_204' title='bbox 2331 2852 2483 2924; x_wconf 75' lang='lat' dir='ltr'><strong>Very.</strong></span> <span class='ocrx_word' id='word_1_205' title='bbox 2521 2852 2656 2908; x_wconf 83' lang='lat' dir='ltr'><strong>Aen.</strong></span> <span class='ocrx_word' id='word_1_206' title='bbox 2698 2855 2739 2909; x_wconf 93' lang='grc' dir='ltr'><em>Ι</em></span> <span class='ocrx_word' id='word_1_207' title='bbox 2774 2859 2849 2909; x_wconf 88' lang='grc'><strong>96</strong></span> 
     </span>
    </p>

    <p class='ocr_par' dir='ltr' id='par_1_11' title="bbox 384 2932 2997 3887">
     <span class='ocr_line' id='line_1_26' title="bbox 387 2932 2991 3004; baseline -0.001 -16"><span class='ocrx_word' id='word_1_208' title='bbox 387 2940 420 2988; x_wconf 78' lang='lat'>4</span> <span class='ocrx_word' id='word_1_209' title='bbox 456 2954 491 3004; x_wconf 88' lang='grc' dir='ltr'><strong><em>η</em></strong></span> <span class='ocrx_word' id='word_1_210' title='bbox 529 2937 763 2997; x_wconf 77' lang='grc' dir='ltr'><em>ουὸενος</em></span> <span class='ocrx_word' id='word_1_211' title='bbox 800 2937 899 2989; x_wconf 75' lang='lat' dir='ltr'><strong>aut</strong></span> <span class='ocrx_word' id='word_1_212' title='bbox 935 2934 1104 2988; x_wconf 85' lang='lat' dir='ltr'><strong>nullis</strong></span> <span class='ocrx_word' id='word_1_213' title='bbox 1153 2932 1163 3003; x_wconf 89' lang='grc' dir='ltr'>Ι</span> <span class='ocrx_word' id='word_1_214' title='bbox 1213 2934 1490 3001; x_wconf 73' lang='grc' dir='ltr'><em>γνωστοδε</em></span> <span class='ocrx_word' id='word_1_215' title='bbox 1542 2933 1684 2987; x_wconf 81' lang='lat' dir='ltr'><strong>scito</strong></span> <span class='ocrx_word' id='word_1_216' title='bbox 1721 2934 1911 2988; x_wconf 74' lang='lat' dir='ltr'><strong>autem</strong></span> <span class='ocrx_word' id='word_1_217' title='bbox 1953 2934 2028 2986; x_wconf 84' lang='lat' dir='ltr'><em>M</em></span> <span class='ocrx_word' id='word_1_218' title='bbox 2185 2940 2216 2987; x_wconf 85' lang='lat'><strong>5</strong></span> <span class='ocrx_word' id='word_1_219' title='bbox 2254 2937 2429 2988; x_wconf 73' lang='grc' dir='ltr'><em>θακει</em></span> <span class='ocrx_word' id='word_1_220' title='bbox 2476 2935 2634 3001; x_wconf 80' lang='lat' dir='ltr'><strong>(corr.</strong></span> <span class='ocrx_word' id='word_1_221' title='bbox 2674 2936 2843 3001; x_wconf 76' lang='grc' dir='ltr'><em>ελκει)</em></span> <span class='ocrx_word' id='word_1_222' title='bbox 2894 2951 2991 2986; x_wconf 75' lang='grc' dir='ltr'><em>και</em></span> 
     </span>
     <span class='ocr_line' id='line_1_27' title="bbox 387 3012 2987 3085; baseline -0.001 -16"><span class='ocrx_word' id='word_1_223' title='bbox 387 3033 525 3069; x_wconf 84' lang='grc' dir='ltr'><em>εντω</em></span> <span class='ocrx_word' id='word_1_224' title='bbox 574 3034 741 3070; x_wconf 72' lang='lat' dir='ltr'><strong>svium</strong></span> <span class='ocrx_word' id='word_1_225' title='bbox 788 3015 1011 3070; x_wconf 72' lang='lat' dir='ltr'><strong>trahere</strong></span> <span class='ocrx_word' id='word_1_226' title='bbox 1059 3017 1177 3070; x_wconf 75' lang='lat' dir='ltr'><strong>tam</strong></span> <span class='ocrx_word' id='word_1_227' title='bbox 1213 3014 1274 3069; x_wconf 87' lang='lat' dir='ltr'><strong>in</strong></span> <span class='ocrx_word' id='word_1_228' title='bbox 1311 3012 1584 3083; x_wconf 77' lang='lat' dir='ltr'><strong>singulari</strong></span> <span class='ocrx_word' id='word_1_229' title='bbox 1633 3014 1642 3081; x_wconf 91' lang='grc' dir='ltr'>Ι</span> <span class='ocrx_word' id='word_1_230' title='bbox 1691 3016 1934 3083; x_wconf 81' lang='grc' dir='ltr'><em>αρηθμω</em></span> <span class='ocrx_word' id='word_1_231' title='bbox 1992 3033 2089 3068; x_wconf 75' lang='grc' dir='ltr'><em>και</em></span> <span class='ocrx_word' id='word_1_232' title='bbox 2146 3032 2208 3068; x_wconf 82' lang='grc' dir='ltr'><em>εν</em></span> <span class='ocrx_word' id='word_1_233' title='bbox 2263 3034 2339 3067; x_wconf 85' lang='grc' dir='ltr'><strong>τω</strong></span> <span class='ocrx_word' id='word_1_234' title='bbox 2389 3030 2618 3069; x_wconf 86' lang='lat' dir='ltr'><strong>numero</strong></span> <span class='ocrx_word' id='word_1_235' title='bbox 2665 3031 2834 3083; x_wconf 77' lang='lat' dir='ltr'><strong>quam</strong></span> <span class='ocrx_word' id='word_1_236' title='bbox 2879 3013 2936 3067; x_wconf 89' lang='lat' dir='ltr'><strong>in</strong></span> <span class='ocrx_word' id='word_1_237' title='bbox 2978 3012 2987 3085; x_wconf 82' lang='grc' dir='ltr'>Ι</span> 
     </span>
     <span class='ocr_line' id='line_1_28' title="bbox 384 3093 2992 3167; baseline -0.002 -18"><span class='ocrx_word' id='word_1_238' title='bbox 384 3098 750 3164; x_wconf 84' lang='grc' dir='ltr'><em>πληθυντικω</em></span> <span class='ocrx_word' id='word_1_239' title='bbox 789 3096 1000 3167; x_wconf 79' lang='lat' dir='ltr'><strong>plurali</strong></span> <span class='ocrx_word' id='word_1_240' title='bbox 1031 3098 1041 3164; x_wconf 86' lang='grc' dir='ltr'>Ι</span> <span class='ocrx_word' id='word_1_241' title='bbox 1073 3116 1148 3158; x_wconf 78' lang='grc' dir='ltr'><strong>ως</strong></span> <span class='ocrx_word' id='word_1_242' title='bbox 1183 3114 1246 3150; x_wconf 90' lang='grc' dir='ltr'><strong>το</strong></span> <span class='ocrx_word' id='word_1_243' title='bbox 1284 3099 1349 3150; x_wconf 77' lang='lat' dir='ltr'><strong>ut·</strong></span> <span class='ocrx_word' id='word_1_244' title='bbox 1383 3094 1601 3150; x_wconf 76' lang='lat' dir='ltr'><strong>doctior</strong></span> <span class='ocrx_word' id='word_1_245' title='bbox 1635 3093 1736 3148; x_wconf 89' lang='lat' dir='ltr'><strong>illo</strong></span> <span class='ocrx_word' id='word_1_246' title='bbox 1774 3096 1835 3149; x_wconf 75' lang='lat' dir='ltr'><strong>et</strong></span> <span class='ocrx_word' id='word_1_247' title='bbox 1869 3093 2087 3149; x_wconf 76' lang='lat' dir='ltr'><strong>doctior</strong></span> <span class='ocrx_word' id='word_1_248' title='bbox 2121 3093 2235 3148; x_wconf 81' lang='lat' dir='ltr'><strong>illis</strong></span> <span class='ocrx_word' id='word_1_249' title='bbox 2275 3096 2349 3149; x_wconf 87' lang='lat' dir='ltr'><em>M</em></span> <span class='ocrx_word' id='word_1_250' title='bbox 2491 3102 2521 3151; x_wconf 86' lang='grc'><strong>7</strong></span> <span class='ocrx_word' id='word_1_251' title='bbox 2560 3115 2635 3156; x_wconf 79' lang='grc' dir='ltr'><strong>ως</strong></span> <span class='ocrx_word' id='word_1_252' title='bbox 2670 3114 2732 3149; x_wconf 90' lang='grc' dir='ltr'><strong>το</strong></span> <span class='ocrx_word' id='word_1_253' title='bbox 2770 3098 2992 3163; x_wconf 77' lang='grc' dir='ltr'><em>λεγεται</em></span> 
     </span>
     <span class='ocr_line' id='line_1_29' title="bbox 386 3173 2992 3246; baseline 0 -16"><span class='ocrx_word' id='word_1_254' title='bbox 386 3177 450 3230; x_wconf 77' lang='lat' dir='ltr'><strong>ul:</strong></span> <span class='ocrx_word' id='word_1_255' title='bbox 484 3176 819 3231; x_wconf 71' lang='lat' dir='ltr'><strong>iustissimus</strong></span> <span class='ocrx_word' id='word_1_256' title='bbox 856 3176 1063 3231; x_wconf 81' lang='lat' dir='ltr'><strong>dicitur</strong></span> <span class='ocrx_word' id='word_1_257' title='bbox 1099 3176 1348 3231; x_wconf 87' lang='lat' dir='ltr'><strong>omnium</strong></span> <span class='ocrx_word' id='word_1_258' title='bbox 1388 3177 1463 3229; x_wconf 84' lang='lat' dir='ltr'><strong><em>M</em></strong></span> <span class='ocrx_word' id='word_1_259' title='bbox 1602 3179 1635 3228; x_wconf 90' lang='grc'>8</span> <span class='ocrx_word' id='word_1_260' title='bbox 1672 3174 1768 3228; x_wconf 89' lang='lat' dir='ltr'><strong>DE</strong></span> <span class='ocrx_word' id='word_1_261' title='bbox 1808 3173 2270 3246; x_wconf 87' lang='lat' dir='ltr'>PRONOMINE]</span> <span class='ocrx_word' id='word_1_262' title='bbox 2318 3192 2429 3231; x_wconf 75' lang='lat' dir='ltr'><strong>exc.</strong></span> <span class='ocrx_word' id='word_1_263' title='bbox 2471 3176 2686 3231; x_wconf 70' lang='lat' dir='ltr'><strong>Choria.</strong></span> <span class='ocrx_word' id='word_1_264' title='bbox 2726 3192 2788 3244; x_wconf 84' lang='lat' dir='ltr'><strong>p.</strong></span> <span class='ocrx_word' id='word_1_265' title='bbox 2827 3178 2992 3240; x_wconf 83' lang='lat'><em>55⁷‚3</em></span> 
     </span>
     <span class='ocr_line' id='line_1_30' title="bbox 390 3256 2992 3325; baseline -0 -15"><span class='ocrx_word' id='word_1_266' title='bbox 390 3256 599 3311; x_wconf 75' lang='lat' dir='ltr'><strong>Charis.</strong></span> <span class='ocrx_word' id='word_1_267' title='bbox 616 3274 674 3325; x_wconf 88' lang='lat' dir='ltr'><strong>p.</strong></span> <span class='ocrx_word' id='word_1_268' title='bbox 692 3261 928 3322; x_wconf 81' lang='lat'><em>157‚23=</em></span> <span class='ocrx_word' id='word_1_269' title='bbox 966 3257 1038 3323; x_wconf 82' lang='lat' dir='ltr'><strong>cf.</strong></span> <span class='ocrx_word' id='word_1_270' title='bbox 1074 3256 1261 3311; x_wconf 84' lang='lat' dir='ltr'><strong>Diom.</strong></span> <span class='ocrx_word' id='word_1_271' title='bbox 1295 3273 1353 3325; x_wconf 87' lang='lat' dir='ltr'><strong>p.</strong></span> <span class='ocrx_word' id='word_1_272' title='bbox 1384 3260 1567 3321; x_wconf 83' lang='lat'><strong>329,1.</strong></span> <span class='ocrx_word' id='word_1_273' title='bbox 1605 3256 1669 3309; x_wconf 79' lang='lat' dir='ltr'><strong>in</strong></span> <span class='ocrx_word' id='word_1_274' title='bbox 1704 3256 1885 3311; x_wconf 81' lang='lat' dir='ltr'><strong>codice</strong></span> <span class='ocrx_word' id='word_1_275' title='bbox 1927 3256 2254 3310; x_wconf 76' lang='lat' dir='ltr'><strong>Monacensi</strong></span> <span class='ocrx_word' id='word_1_276' title='bbox 2290 3260 2396 3310; x_wconf 85' lang='lat'><strong>601</strong></span> <span class='ocrx_word' id='word_1_277' title='bbox 2436 3256 2823 3310; x_wconf 74' lang='lat' dir='ltr'><strong>declinationes</strong></span> <span class='ocrx_word' id='word_1_278' title='bbox 2860 3272 2992 3324; x_wconf 82' lang='lat' dir='ltr'><strong>pro-</strong></span> 
     </span>
     <span class='ocr_line' id='line_1_31' title="bbox 387 3334 2993 3407; baseline -0.001 -16"><span class='ocrx_word' id='word_1_279' title='bbox 387 3338 668 3392; x_wconf 77' lang='lat' dir='ltr'><strong>nominum</strong></span> <span class='ocrx_word' id='word_1_280' title='bbox 700 3338 1074 3406; x_wconf 74' lang='lat' dir='ltr'><strong>personalium</strong></span> <span class='ocrx_word' id='word_1_281' title='bbox 1108 3353 1427 3407; x_wconf 74' lang='lat' dir='ltr'><strong>qraecorum</strong></span> <span class='ocrx_word' id='word_1_282' title='bbox 1461 3340 1512 3389; x_wconf 79' lang='lat' dir='ltr'><strong>et</strong></span> <span class='ocrx_word' id='word_1_283' title='bbox 1558 3336 1859 3389; x_wconf 85' lang='lat' dir='ltr'><strong>latinorum</strong></span> <span class='ocrx_word' id='word_1_284' title='bbox 1894 3335 2106 3389; x_wconf 74' lang='lat' dir='ltr'><strong>omissis</strong></span> <span class='ocrx_word' id='word_1_285' title='bbox 2141 3334 2215 3388; x_wconf 74' lang='lat' dir='ltr'><strong>iis</strong></span> <span class='ocrx_word' id='word_1_286' title='bbox 2250 3351 2388 3403; x_wconf 81' lang='lat' dir='ltr'><strong>quae</strong></span> <span class='ocrx_word' id='word_1_287' title='bbox 2424 3335 2489 3389; x_wconf 82' lang='lat' dir='ltr'><strong>de</strong></span> <span class='ocrx_word' id='word_1_288' title='bbox 2524 3336 2733 3402; x_wconf 79' lang='lat' dir='ltr'><strong>defectu</strong></span> <span class='ocrx_word' id='word_1_289' title='bbox 2768 3351 2993 3389; x_wconf 76' lang='lat' dir='ltr'><strong>casuum</strong></span> 
     </span>
     <span class='ocr_line' id='line_1_32' title="bbox 385 3414 2994 3487; baseline -0.001 -15"><span class='ocrx_word' id='word_1_290' title='bbox 385 3418 776 3487; x_wconf 65' lang='lat' dir='ltr'><strong>mammaticus</strong></span> <span class='ocrx_word' id='word_1_291' title='bbox 840 3418 1202 3473; x_wconf 79' lang='lat' dir='ltr'><strong>adnotaverat</strong></span> <span class='ocrx_word' id='word_1_292' title='bbox 1264 3418 1534 3487; x_wconf 71' lang='lat' dir='ltr'><strong>leyuntur.</strong></span> <span class='ocrx_word' id='word_1_293' title='bbox 1626 3416 1690 3469; x_wconf 84' lang='lat' dir='ltr'><strong>in</strong></span> <span class='ocrx_word' id='word_1_294' title='bbox 1737 3414 1965 3482; x_wconf 70' lang='lat' dir='ltr'><strong>reliquia</strong></span> <span class='ocrx_word' id='word_1_295' title='bbox 2014 3415 2433 3482; x_wconf 79' lang='lat' dir='ltr'><strong>pronominibus</strong></span> <span class='ocrx_word' id='word_1_296' title='bbox 2494 3432 2632 3485; x_wconf 74' lang='lat' dir='ltr'><strong>quae</strong></span> <span class='ocrx_word' id='word_1_297' title='bbox 2692 3421 2994 3485; x_wconf 75' lang='lat' dir='ltr'><strong>sequuntur</strong></span> 
     </span>
     <span class='ocr_line' id='line_1_33' title="bbox 387 3492 2997 3566; baseline -0.001 -13"><span class='ocrx_word' id='word_1_298' title='bbox 387 3498 638 3553; x_wconf 74' lang='lat' dir='ltr'><strong>omnibus</strong></span> <span class='ocrx_word' id='word_1_299' title='bbox 683 3492 792 3552; x_wconf 79' lang='lat' dir='ltr'><strong>duo</strong></span> <span class='ocrx_word' id='word_1_300' title='bbox 838 3514 1024 3562; x_wconf 70' lang='lat' dir='ltr'><strong>casua,</strong></span> <span class='ocrx_word' id='word_1_301' title='bbox 1069 3497 1399 3551; x_wconf 79' lang='lat' dir='ltr'><strong>nominativi</strong></span> <span class='ocrx_word' id='word_1_302' title='bbox 1444 3502 1494 3550; x_wconf 78' lang='lat' dir='ltr'><strong>et</strong></span> <span class='ocrx_word' id='word_1_303' title='bbox 1535 3496 1768 3566; x_wconf 70' lang='lat' dir='ltr'><strong>yenativi</strong></span> <span class='ocrx_word' id='word_1_304' title='bbox 1777 3536 1794 3562; x_wconf 89' lang='lat'><strong>,</strong></span> <span class='ocrx_word' id='word_1_305' title='bbox 1850 3495 2018 3547; x_wconf 79' lang='lat' dir='ltr'><strong>trium</strong></span> <span class='ocrx_word' id='word_1_306' title='bbox 2069 3510 2324 3564; x_wconf 61' lang='lat' dir='ltr'><strong>gener-um</strong></span> <span class='ocrx_word' id='word_1_307' title='bbox 2380 3496 2446 3549; x_wconf 83' lang='lat' dir='ltr'><strong>in</strong></span> <span class='ocrx_word' id='word_1_308' title='bbox 2497 3495 2776 3565; x_wconf 73' lang='lat' dir='ltr'><strong>sinqulari</strong></span> <span class='ocrx_word' id='word_1_309' title='bbox 2829 3501 2879 3549; x_wconf 83' lang='lat' dir='ltr'><strong>et</strong></span> <span class='ocrx_word' id='word_1_310' title='bbox 2930 3496 2997 3550; x_wconf 85' lang='lat' dir='ltr'><strong>in</strong></span> 
     </span>
     <span class='ocr_line' id='line_1_34' title="bbox 385 3573 2996 3646; baseline 0 -15"><span class='ocrx_word' id='word_1_311' title='bbox 385 3577 599 3646; x_wconf 73' lang='lat' dir='ltr'><strong>plurali</strong></span> <span class='ocrx_word' id='word_1_312' title='bbox 635 3592 859 3631; x_wconf 81' lang='lat' dir='ltr'><strong>numero</strong></span> <span class='ocrx_word' id='word_1_313' title='bbox 893 3577 1020 3629; x_wconf 78' lang='lat' dir='ltr'><strong>item</strong></span> <span class='ocrx_word' id='word_1_314' title='bbox 1053 3593 1241 3646; x_wconf 74' lang='lat' dir='ltr'><strong>yraece</strong></span> <span class='ocrx_word' id='word_1_315' title='bbox 1275 3581 1325 3631; x_wconf 80' lang='lat' dir='ltr'><strong>et</strong></span> <span class='ocrx_word' id='word_1_316' title='bbox 1362 3575 1532 3631; x_wconf 72' lang='lat' dir='ltr'><strong>latine</strong></span> <span class='ocrx_word' id='word_1_317' title='bbox 1566 3575 1788 3644; x_wconf 81' lang='lat' dir='ltr'><strong>scripti,</strong></span> <span class='ocrx_word' id='word_1_318' title='bbox 1833 3575 1963 3629; x_wconf 84' lang='lat' dir='ltr'><strong>inde</strong></span> <span class='ocrx_word' id='word_1_319' title='bbox 1999 3592 2037 3629; x_wconf 82' lang='lat' dir='ltr'><em>a</em></span> <span class='ocrx_word' id='word_1_320' title='bbox 2064 3575 2393 3643; x_wconf 81' lang='lat' dir='ltr'><strong>pronomine</strong></span> <span class='ocrx_word' id='word_1_321' title='bbox 2437 3573 2533 3629; x_wconf 85' lang='lat' dir='ltr'><strong>illo</strong></span> <span class='ocrx_word' id='word_1_322' title='bbox 2571 3581 2751 3629; x_wconf 77' lang='lat' dir='ltr'><strong>autem</strong></span> <span class='ocrx_word' id='word_1_323' title='bbox 2787 3576 2996 3631; x_wconf 78' lang='lat' dir='ltr'><strong>latinae</strong></span> 
     </span>
     <span class='ocr_line' id='line_1_35' title="bbox 388 3654 2993 3726; baseline -0 -14"><span class='ocrx_word' id='word_1_324' title='bbox 388 3659 594 3725; x_wconf 71' lang='lat' dir='ltr'><strong>somnae</strong></span> <span class='ocrx_word' id='word_1_325' title='bbox 628 3657 840 3726; x_wconf 67' lang='lat' dir='ltr'><strong>graecia</strong></span> <span class='ocrx_word' id='word_1_326' title='bbox 873 3658 1275 3725; x_wconf 69' lang='lat' dir='ltr'><strong>mpersmptae</strong></span> <span class='ocrx_word' id='word_1_327' title='bbox 1308 3659 1438 3710; x_wconf 79' lang='lat' dir='ltr'><strong>sunt</strong></span> <span class='ocrx_word' id='word_1_328' title='bbox 1476 3699 1487 3711; x_wconf 89' lang='lat'><em>.</em></span> <span class='ocrx_word' id='word_1_329' title='bbox 1527 3656 1752 3710; x_wconf 78' lang='lat' dir='ltr'><strong>exhibui</strong></span> <span class='ocrx_word' id='word_1_330' title='bbox 1798 3657 2074 3710; x_wconf 77' lang='lat' dir='ltr'><strong>lectionem</strong></span> <span class='ocrx_word' id='word_1_331' title='bbox 2121 3656 2321 3710; x_wconf 75' lang='lat' dir='ltr'><strong>codicis</strong></span> <span class='ocrx_word' id='word_1_332' title='bbox 2358 3654 2763 3726; x_wconf 63' lang='lat' dir='ltr'><strong>Sangallensis,</strong></span> <span class='ocrx_word' id='word_1_333' title='bbox 2809 3674 2993 3725; x_wconf 78' lang='lat' dir='ltr'><strong>quam-</strong></span> 
     </span>
     <span class='ocr_line' id='line_1_36' title="bbox 390 3735 2995 3808; baseline 0.001 -17"><span class='ocrx_word' id='word_1_334' title='bbox 390 3755 553 3808; x_wconf 73' lang='lat' dir='ltr'><strong>quam</strong></span> <span class='ocrx_word' id='word_1_335' title='bbox 586 3738 651 3792; x_wconf 80' lang='lat' dir='ltr'><strong>in</strong></span> <span class='ocrx_word' id='word_1_336' title='bbox 685 3753 745 3791; x_wconf 82' lang='lat' dir='ltr'><strong>eo</strong></span> <span class='ocrx_word' id='word_1_337' title='bbox 783 3737 845 3791; x_wconf 83' lang='lat' dir='ltr'><strong>in</strong></span> <span class='ocrx_word' id='word_1_338' title='bbox 880 3737 1076 3791; x_wconf 80' lang='lat' dir='ltr'><strong>latinis</strong></span> <span class='ocrx_word' id='word_1_339' title='bbox 1105 3735 1527 3805; x_wconf 80' lang='lat' dir='ltr'><strong>pronominibus</strong></span> <span class='ocrx_word' id='word_1_340' title='bbox 1563 3737 1832 3806; x_wconf 74' lang='lat' dir='ltr'><strong>quaedam</strong></span> <span class='ocrx_word' id='word_1_341' title='bbox 1866 3737 2076 3803; x_wconf 77' lang='lat' dir='ltr'><strong>formae</strong></span> <span class='ocrx_word' id='word_1_342' title='bbox 2112 3737 2340 3791; x_wconf 76' lang='lat' dir='ltr'><strong>omissae</strong></span> <span class='ocrx_word' id='word_1_343' title='bbox 2373 3741 2504 3791; x_wconf 69' lang='lat' dir='ltr'><strong>auoit</strong></span> <span class='ocrx_word' id='word_1_344' title='bbox 2688 3742 2751 3791; x_wconf 90' lang='grc'><strong>10</strong></span> <span class='ocrx_word' id='word_1_345' title='bbox 2790 3740 2854 3792; x_wconf 86' lang='lat' dir='ltr'><strong>ut</strong></span> <span class='ocrx_word' id='word_1_346' title='bbox 2889 3753 2995 3808; x_wconf 83' lang='lat' dir='ltr'><strong>ego</strong></span> 
     </span>
     <span class='ocr_line' id='line_1_37' title="bbox 390 3816 1364 3887; baseline 0 -14"><span class='ocrx_word' id='word_1_347' title='bbox 390 3820 453 3873; x_wconf 78' lang='lat' dir='ltr'><strong>tu</strong></span> <span class='ocrx_word' id='word_1_348' title='bbox 489 3817 584 3872; x_wconf 89' lang='lat' dir='ltr'><strong>hic</strong></span> <span class='ocrx_word' id='word_1_349' title='bbox 618 3816 717 3872; x_wconf 88' lang='lat' dir='ltr'><strong>ille</strong></span> <span class='ocrx_word' id='word_1_350' title='bbox 754 3833 865 3873; x_wconf 77' lang='lat' dir='ltr'><strong>exc.</strong></span> <span class='ocrx_word' id='word_1_351' title='bbox 906 3817 1070 3871; x_wconf 78' lang='lat' dir='ltr'><strong>Char.</strong></span> <span class='ocrx_word' id='word_1_352' title='bbox 1102 3834 1161 3887; x_wconf 83' lang='lat' dir='ltr'><strong>p.</strong></span> <span class='ocrx_word' id='word_1_353' title='bbox 1201 3821 1364 3885; x_wconf 83' lang='lat'><em>557‚5</em></span> 
     </span>
    </p>
   </div>
   <div class='ocr_carea' id='block_1_10' title="bbox 336 4082 2997 4818">
    <p class='ocr_par' dir='ltr' id='par_1_12' title="bbox 388 4082 2995 4493">
     <span class='ocr_line' id='line_1_38' title="bbox 392 4082 2995 4173; baseline -0 -19"><span class='ocrx_word' id='word_1_354' title='bbox 392 4086 834 4173; x_wconf 79' lang='grc' dir='ltr'><em>ἕτερογενοῦς.</em></span> <span class='ocrx_word' id='word_1_355' title='bbox 925 4083 962 4155; x_wconf 83' lang='grc' dir='ltr'>ὁ</span> <span class='ocrx_word' id='word_1_356' title='bbox 1008 4082 1451 4172; x_wconf 75' lang='grc' dir='ltr'><em>ὖπερθετικὸς</em></span> <span class='ocrx_word' id='word_1_357' title='bbox 1497 4085 1570 4154; x_wconf 72' lang='grc' dir='ltr'><strong>δὲ</strong></span> <span class='ocrx_word' id='word_1_358' title='bbox 1615 4085 1874 4155; x_wconf 83' lang='grc' dir='ltr'><em>τούτων</em></span> <span class='ocrx_word' id='word_1_359' title='bbox 1922 4084 2137 4173; x_wconf 87' lang='grc' dir='ltr'><em>μόνον</em></span> <span class='ocrx_word' id='word_1_360' title='bbox 2184 4089 2320 4154; x_wconf 87' lang='grc' dir='ltr'><em>τῶν</em></span> <span class='ocrx_word' id='word_1_361' title='bbox 2369 4082 2716 4173; x_wconf 77' lang='grc' dir='ltr'><em>ὁμογενῶν</em></span> <span class='ocrx_word' id='word_1_362' title='bbox 2777 4083 2995 4153; x_wconf 80' lang='grc' dir='ltr'><em>ὄντων</em></span> 
     </span>
     <span class='ocr_line' id='line_1_39' title="bbox 389 4190 2994 4280; baseline 0 -21"><span class='ocrx_word' id='word_1_363' title='bbox 389 4191 843 4279; x_wconf 79' lang='grc' dir='ltr'><em>προτάσσεται.</em></span> <span class='ocrx_word' id='word_1_364' title='bbox 934 4190 1292 4279; x_wconf 79' lang='grc' dir='ltr'><em>ταχύτατος</em></span> <span class='ocrx_word' id='word_1_365' title='bbox 1336 4190 1465 4280; x_wconf 79' lang='grc' dir='ltr'><strong>γὰρ</strong></span> <span class='ocrx_word' id='word_1_366' title='bbox 1511 4196 1710 4273; x_wconf 78' lang='grc' dir='ltr'><em>ἵππος</em></span> <span class='ocrx_word' id='word_1_367' title='bbox 1755 4190 1837 4263; x_wconf 81' lang='grc' dir='ltr'><strong>οὐ</strong></span> <span class='ocrx_word' id='word_1_368' title='bbox 1884 4194 2173 4280; x_wconf 81' lang='grc' dir='ltr'><em>λέγεται,</em></span> <span class='ocrx_word' id='word_1_369' title='bbox 2230 4190 2351 4261; x_wconf 77' lang='grc' dir='ltr'><em>ἐὰν</em></span> <span class='ocrx_word' id='word_1_370' title='bbox 2404 4190 2493 4279; x_wconf 84' lang='grc' dir='ltr'><strong>μὴ</strong></span> <span class='ocrx_word' id='word_1_371' title='bbox 2549 4195 2775 4272; x_wconf 80' lang='grc' dir='ltr'><strong><em>ἵπποις</em></strong></span> <span class='ocrx_word' id='word_1_372' title='bbox 2838 4211 2994 4279; x_wconf 83' lang='grc' dir='ltr'><em>συγ-</em></span> 
     </span>
     <span class='ocr_line' id='line_1_40' title="bbox 389 4295 2995 4388; baseline 0 -22"><span class='ocrx_word' id='word_1_373' title='bbox 389 4305 710 4388; x_wconf 78' lang='grc' dir='ltr'><em>κρίνηται.</em></span> <span class='ocrx_word' id='word_1_374' title='bbox 799 4301 1164 4386; x_wconf 73' lang='grc' dir='ltr'><strong><em>τοιγαροῦν</em></strong></span> <span class='ocrx_word' id='word_1_375' title='bbox 1210 4296 1246 4367; x_wconf 86' lang='grc' dir='ltr'>ὁ</span> <span class='ocrx_word' id='word_1_376' title='bbox 1296 4296 1731 4386; x_wconf 79' lang='grc' dir='ltr'><em>ὑπερθετικὸς</em></span> <span class='ocrx_word' id='word_1_377' title='bbox 1775 4297 2042 4387; x_wconf 72' lang='grc' dir='ltr'><em>βαθμὸς</em></span> <span class='ocrx_word' id='word_1_378' title='bbox 2087 4295 2127 4386; x_wconf 84' lang='grc' dir='ltr'>ἢ</span> <span class='ocrx_word' id='word_1_379' title='bbox 2167 4297 2435 4367; x_wconf 82' lang='grc' dir='ltr'><em>πάντων</em></span> <span class='ocrx_word' id='word_1_380' title='bbox 2472 4303 2610 4367; x_wconf 89' lang='grc' dir='ltr'><em>τῶν</em></span> <span class='ocrx_word' id='word_1_381' title='bbox 2650 4297 2995 4385; x_wconf 74' lang='grc' dir='ltr'><em>ὁμογενῶν</em></span> 
     </span>
     <span class='ocr_line' id='line_1_41' title="bbox 388 4401 2995 4493; baseline -0 -20"><span class='ocrx_word' id='word_1_382' title='bbox 388 4406 827 4493; x_wconf 78' lang='grc' dir='ltr'><em>προτάσσεται</em></span> <span class='ocrx_word' id='word_1_383' title='bbox 881 4401 925 4493; x_wconf 85' lang='grc' dir='ltr'>ἢ</span> <span class='ocrx_word' id='word_1_384' title='bbox 971 4403 1271 4486; x_wconf 79' lang='grc' dir='ltr'><em>οὐδενός.</em></span> <span class='ocrx_word' id='word_1_385' title='bbox 1345 4414 1491 4473; x_wconf 76' lang='grc' dir='ltr'><em>ἴσθι</em></span> <span class='ocrx_word' id='word_1_386' title='bbox 1532 4405 1607 4474; x_wconf 73' lang='grc' dir='ltr'><strong>δὲ</strong></span> <span class='ocrx_word' id='word_1_387' title='bbox 1643 4405 1766 4475; x_wconf 87' lang='grc' dir='ltr'><em>τὸν</em></span> <span class='ocrx_word' id='word_1_388' title='bbox 1803 4403 2234 4491; x_wconf 79' lang='grc' dir='ltr'><em>συγκριτικὸν</em></span> <span class='ocrx_word' id='word_1_389' title='bbox 2272 4404 2543 4493; x_wconf 86' lang='grc' dir='ltr'><em>βαθμὸν</em></span> <span class='ocrx_word' id='word_1_390' title='bbox 2581 4406 2706 4493; x_wconf 84' lang='grc' dir='ltr'><em>τὴν</em></span> <span class='ocrx_word' id='word_1_391' title='bbox 2741 4410 2995 4473; x_wconf 83' lang='grc' dir='ltr'><em>πτῶσιν</em></span> 
     </span>
    </p>

    <p class='ocr_par' dir='ltr' id='par_1_13' title="bbox 336 4509 2997 4818">
     <span class='ocr_line' id='line_1_42' title="bbox 336 4509 2994 4605; baseline -0.001 -24"><span class='ocrx_word' id='word_1_392' title='bbox 336 4548 365 4588; x_wconf 76' lang='lat'><strong>5</strong></span> <span class='ocrx_word' id='word_1_393' title='bbox 390 4511 511 4601; x_wconf 84' lang='grc' dir='ltr'><em>τὴν</em></span> <span class='ocrx_word' id='word_1_394' title='bbox 575 4509 1096 4600; x_wconf 82' lang='grc' dir='ltr'><em>ἀποκομιστικὴν</em></span> <span class='ocrx_word' id='word_1_395' title='bbox 1173 4513 1387 4580; x_wconf 76' lang='grc' dir='ltr'><em>ἕλκειν</em></span> <span class='ocrx_word' id='word_1_396' title='bbox 1449 4513 1561 4579; x_wconf 80' lang='grc' dir='ltr'><strong>καὶ</strong></span> <span class='ocrx_word' id='word_1_397' title='bbox 1626 4514 1702 4580; x_wconf 80' lang='grc' dir='ltr'><em>ἐν</em></span> <span class='ocrx_word' id='word_1_398' title='bbox 1785 4516 1877 4605; x_wconf 87' lang='grc' dir='ltr'><strong>τῷ</strong></span> <span class='ocrx_word' id='word_1_399' title='bbox 1965 4514 2160 4605; x_wconf 80' lang='grc' dir='ltr'><em>ἑνικῷ</em></span> <span class='ocrx_word' id='word_1_400' title='bbox 2233 4510 2501 4604; x_wconf 76' lang='grc' dir='ltr'><em>ἀριθμῷ</em></span> <span class='ocrx_word' id='word_1_401' title='bbox 2573 4512 2684 4580; x_wconf 82' lang='grc' dir='ltr'><strong>καὶ</strong></span> <span class='ocrx_word' id='word_1_402' title='bbox 2757 4513 2832 4579; x_wconf 82' lang='grc' dir='ltr'><em>ἐν</em></span> <span class='ocrx_word' id='word_1_403' title='bbox 2903 4516 2994 4602; x_wconf 84' lang='grc' dir='ltr'><strong>τῷ</strong></span> 
     </span>
     <span class='ocr_line' id='line_1_43' title="bbox 390 4615 2997 4711; baseline -0 -25"><span class='ocrx_word' id='word_1_404' title='bbox 390 4622 819 4711; x_wconf 74' lang='grc' dir='ltr'><em>πληθυντικῷ</em></span> <span class='ocrx_word' id='word_1_405' title='bbox 957 4673 971 4686; x_wconf 94' lang='grc'><strong>.</strong></span> <span class='ocrx_word' id='word_1_406' title='bbox 1019 4615 1055 4686; x_wconf 84' lang='grc' dir='ltr'>ὁ</span> <span class='ocrx_word' id='word_1_407' title='bbox 1101 4615 1537 4706; x_wconf 75' lang='grc' dir='ltr'><em>ὑπερθετικὸς</em></span> <span class='ocrx_word' id='word_1_408' title='bbox 1584 4617 1659 4686; x_wconf 74' lang='grc' dir='ltr'><strong>δὲ</strong></span> <span class='ocrx_word' id='word_1_409' title='bbox 1704 4618 1829 4706; x_wconf 86' lang='grc' dir='ltr'><em>τὴν</em></span> <span class='ocrx_word' id='word_1_410' title='bbox 1874 4622 2128 4688; x_wconf 84' lang='grc' dir='ltr'><em>πτῶσιν</em></span> <span class='ocrx_word' id='word_1_411' title='bbox 2173 4616 2297 4706; x_wconf 85' lang='grc' dir='ltr'><em>τὴν</em></span> <span class='ocrx_word' id='word_1_412' title='bbox 2342 4616 2616 4705; x_wconf 81' lang='grc' dir='ltr'><em>γενικὴν</em></span> <span class='ocrx_word' id='word_1_413' title='bbox 2663 4619 2833 4686; x_wconf 78' lang='grc' dir='ltr'><em>ἕλκει</em></span> <span class='ocrx_word' id='word_1_414' title='bbox 2885 4618 2997 4685; x_wconf 82' lang='grc' dir='ltr'><strong>καὶ</strong></span> 
     </span>
     <span class='ocr_line' id='line_1_44' title="bbox 390 4721 2536 4818; baseline -0.002 -23"><span class='ocrx_word' id='word_1_415' title='bbox 390 4725 608 4813; x_wconf 86' lang='grc' dir='ltr'><em>μόνον</em></span> <span class='ocrx_word' id='word_1_416' title='bbox 650 4729 1083 4817; x_wconf 78' lang='grc' dir='ltr'><em>πληθυντικῷ</em></span> <span class='ocrx_word' id='word_1_417' title='bbox 1134 4724 1479 4812; x_wconf 78' lang='grc' dir='ltr'><em>ζεύγνυται</em></span> <span class='ocrx_word' id='word_1_418' title='bbox 1525 4721 1827 4818; x_wconf 77' lang='grc' dir='ltr'><em>ἀριθμῷ,</em></span> <span class='ocrx_word' id='word_1_419' title='bbox 1874 4723 1965 4813; x_wconf 80' lang='grc' dir='ltr'><strong>ῶς</strong></span> <span class='ocrx_word' id='word_1_420' title='bbox 2004 4723 2082 4794; x_wconf 88' lang='grc' dir='ltr'><strong>τό</strong></span> <span class='ocrx_word' id='word_1_421' title='bbox 2263 4727 2536 4813; x_wconf 79' lang='grc' dir='ltr'><em>λέγεται.</em></span> 
     </span>
    </p>
   </div>
   <div class='ocr_carea' id='block_1_11' title="bbox 392 4856 602 4863">
    <p class='ocr_par' dir='ltr' id='par_1_14' title="bbox 392 4856 602 4863">
     <span class='ocr_line' id='line_1_45' title="bbox 392 4856 602 4863; baseline 0 0"><span class='ocrx_word' id='word_1_422' title='bbox 392 4856 602 4863; x_wconf 95' lang='lat' dir='ltr'><strong> </strong></span> 
     </span>
    </p>
   </div>
   <div class='ocr_carea' id='block_1_12' title="bbox 619 4858 815 4865">
    <p class='ocr_par' dir='ltr' id='par_1_15' title="bbox 619 4858 815 4865">
     <span class='ocr_line' id='line_1_46' title="bbox 619 4858 815 4865; baseline 0 0"><span class='ocrx_word' id='word_1_423' title='bbox 619 4858 815 4865; x_wconf 95' lang='lat' dir='ltr'><strong> </strong></span> 
     </span>
    </p>
   </div>
   <div class='ocr_carea' id='block_1_13' title="bbox 535 4900 1730 4978">
    <p class='ocr_par' dir='ltr' id='par_1_16' title="bbox 535 4900 1730 4978">
     <span class='ocr_line' id='line_1_47' title="bbox 535 4900 1730 4978; baseline 0 -19"><span class='ocrx_word' id='word_1_424' title='bbox 535 4910 568 4963; x_wconf 78' lang='lat'>2</span> <span class='ocrx_word' id='word_1_425' title='bbox 608 4905 824 4978; x_wconf 75' lang='grc' dir='ltr'><em>ἵπποις]</em></span> <span class='ocrx_word' id='word_1_426' title='bbox 864 4922 1121 4973; x_wconf 77' lang='grc' dir='ltr'><em>ειπποσις</em></span> <span class='ocrx_word' id='word_1_427' title='bbox 1264 4909 1296 4965; x_wconf 76' lang='lat'><strong>5</strong></span> <span class='ocrx_word' id='word_1_428' title='bbox 1335 4900 1543 4977; x_wconf 78' lang='grc' dir='ltr'><em>ἕλκειν]</em></span> <span class='ocrx_word' id='word_1_429' title='bbox 1583 4908 1730 4961; x_wconf 67' lang='lat' dir='ltr'><strong>aluei</strong></span> 
     </span>
    </p>
   </div>
  </div>
 </body>
</html>
