3613 5528
590 399 719 464 208
1667 397 2127 455 CASSIODORII

588 510 631 547 p.
661 499 766 540 2819
795 499 846 539 Ρ.

769 580 1012 642 Caelebs
1069 587 1204 640 ante
1261 580 1628 641 terminalem
1685 602 1714 643 s
1750 583 2020 643 litteram
2066 582 2104 642 b
2162 580 2342 642 scribi
2399 578 2604 661 debet,
2661 597 2779 639 non
2828 597 2879 659 v,
2925 580 3204 658 qnoniam

592 710 625 749 v
664 688 906 772 vocalis,
953 706 1089 747 cum
1132 689 1190 747 in
1231 691 1612 749 consonantis
1651 690 1957 749 transierit
2001 696 2384 768 potestatem,
2429 705 2550 747 non
2596 695 2795 766 potest
2830 685 3001 746 aliam
3040 703 3204 765 prae-

593 796 804 856 ce‘flere
854 802 1295 855 consonantem.

765 902 1099 983 Adspiratio
1156 910 1292 963 ante
1348 901 1578 963 vocales
1633 921 1840 963 omnes
1896 904 2037 982 poni
2094 909 2313 983 potest3
2374 910 2509 981 post
2565 907 2958 961 consonantes
3006 907 3202 960 autem
3598 931 3599 968 ι

587 1017 869 1089 quattuor
913 1007 1321 1070 tantummodo
1369 1010 1637 1089 ponitur,
1683 1027 1715 1069 c
1765 1018 1787 1069 t
1832 1027 1871 1088 p
1918 1027 1968 1089 r,
2025 1017 2091 1069 ut
2154 1007 2343 1068 habeo
2390 1007 2729 1068 Herennius
2784 1007 2963 1067 heros
3018 1006 3209 1067 hiems
3238 1018 3263 1056 6

587 1115 764 1175 homo
826 1114 1043 1176 humus
1092 1114 1376 1176 Chremes
1422 1113 1649 1173 Thraso
1695 1113 2006 1195 Philippus
2052 1114 2313 1175 Rhodus.
2389 1114 2522 1175 ideo
2570 1122 2769 1175 autem
2824 1113 2862 1173 h
2910 1112 3209 1174 vocalibus

588 1225 961 1283 extrinsecus
1008 1222 1395 1301 adscribitur,
1442 1231 1509 1282 ut
1551 1224 1751 1282 minus
1789 1230 2033 1302 sonent,
2080 1219 2546 1282 consonantibus
2584 1228 2781 1280 autem
2827 1222 3209 1298 intrinsecuS,

591 1336 659 1389 ut
703 1327 1024 1408 plurimum
1073 1337 1302 1391 sonent.

766 1436 992 1497 Gnatus
1046 1454 1155 1515 per
1200 1456 1238 1516 g
1283 1444 1346 1497 et
1391 1455 1432 1498 n
1477 1435 1859 1497 scribendum
1917 1445 2039 1517 est,
2094 1438 2249 1496 sicut
2295 1454 2547 1515 gnavus,
2604 1436 2741 1514 quia
2797 1433 2858 1494 in
2917 1434 3207 1513 composi·
3380 1485 3419 1516 0

591 1545 751 1603 tione
798 1545 987 1623 ipsam
1033 1544 1293 1614 retinent
1339 1562 1402 1623 g,
1446 1550 1516 1604 ut
1560 1551 1812 1623 agnatus
1859 1551 1920 1603 et
1963 1544 2225 1622 ignavus.
3241 1554 3292 1592 1⁰
3364 1533 3387 1562 ⁸

765 1649 995 1729 Ecquid
1041 1668 1148 1729 per
1186 1668 1219 1711 c
1266 1650 1648 1714 scribendum
1694 1652 1754 1711 in
1798 1651 1987 1729 prima
2026 1647 2270 1730 syllaba,
2319 1651 2596 1729 quoniam
2653 1646 2873 1726 enquid
2921 1647 3213 1726 significat

600 1776 638 1817 n
684 1756 879 1817 littera
926 1741 1289 1817 consonante
1335 1758 1397 1818 in
1444 1777 1476 1817 c
1524 1775 1825 1818 conversa.

772 1863 1043 1942 Samguis
1090 1865 1151 1923 in
1198 1864 1387 1942 prima
1435 1862 1651 1943 syllaba
1707 1882 1921 1942 per,m
1969 1861 2352 1923 scribendum
2400 1864 2460 1922 in
2509 1864 2868 1923 nominativo
2907 1861 3211 1921 dumtaxat

597 1988 765 2051 casu,
808 1971 873 2030 in
921 1971 1138 2031 ceteris
1185 1976 1382 2029 autem
1431 1968 1666 2030 casibus
1710 1988 1821 2049 per
1852 1954 1919 2049 n,
1965 1972 2243 2048 qnoniam
2283 1987 2340 2028 m
2388 1968 2582 2030 littera
2628 1971 2687 2029 in
2737 1987 2775 2028 n
2824 1970 3208 2029 convertitur.

779 2076 857 2136 Bs
903 2075 1118 2136 latinae
1164 2075 1397 2136 litterae
1443 2094 1553 2155 pro
1590 2083 1641 2151 ψ
1687 2094 1898 2155 graeca
1943 2076 2137 2137 littera
2179 2096 2296 2136 non
2337 2077 2507 2138 aliter
2552 2078 2693 2157 poni
2731 2075 2950 2136 debent
2993 2077 3054 2134 in
3092 2092 3211 2134 una
3240 2087 3293 2126 15

597 2184 919 2262 eademque
959 2181 1177 2262 syllaba
1216 2185 1565 2272 coniunctae
1605 2184 1741 2253 nisi
1767 2186 1827 2243 in
1875 2185 1990 2243 fine
2031 2185 2402 2269 nominativi,
2451 2186 2624 2244 cuins
2669 2184 2976 2261 genetivus
3013 2182 3074 2241 in
3119 2179 3211 2240 bis

598 2290 846 2370 desinit,
892 2299 959 2350 ut
1002 2287 1150 2349 urbs
1197 2287 1390 2368 urbis,
1437 2288 1669 2350 caelebs
1716 2289 1984 2371 caelibis,
2030 2289 2218 2351 Arabs
2262 2290 2488 2351 Arabis,

773 2395 1092 2457 Sciendum
1149 2403 1346 2456 autem
1405 2398 1664 2475 surripio
1723 2414 1833 2475 per
1880 2414 1911 2456 r
1957 2399 2284 2476 geminum,
2342 2415 2460 2457 non
2515 2415 2623 2476 per
2668 2396 2706 2456 b
2753 2406 2815 2457 et
2860 2414 2891 2455 r
2946 2393 3209 2454 scriben-

594 2503 762 2564 dum:
809 2502 1083 2564 similiter
1129 2512 1190 2563 et
1239 2500 1553 2581 [corripio]
1603 2504 1851 2583 arripio,
1909 2504 2186 2581 quoniam
2233 2502 2271 2562 b
2317 2504 2379 2562 in
2428 2520 2459 2562 r
2506 2521 2744 2582 quoque
2794 2510 3210 2562 commutatur.

773 2608 1058 2691 Suspicor
1095 2619 1157 2671 et
1198 2610 1488 2688 suspicio,
1534 2609 1712 2669 verba
1751 2593 2074 2689 composita
2113 2609 2186 2670 ab
2233 2608 2528 2670 adverbiis
2566 2628 2806 2670 sursum
2844 2607 2936 2667 vel
2982 2625 3209 2686 susum,
3238 2620 3294 2658 2⁰

594 2719 654 2777 in
700 2718 892 2798 prima
930 2716 1146 2797 syllaba
1192 2735 1302 2796 per
1340 2734 1525 2777 unum
1564 2734 1620 2797 S,
1666 2734 1785 2777 non
1833 2734 1942 2797 per
1980 2715 2097 2778 duo
2137 2715 2448 2777 scribenda
2487 2723 2658 2797 sunt,
2703 2716 2981 2795 quoniam
3020 2711 3208 2793 dupli-

593 2827 715 2885 cari
772 2843 1104 2885 consonans
1161 2823 1561 2902 subsequente
1618 2824 1727 2883 alia
1784 2833 2147 2884 consonante
2204 2841 2321 2884 non
2378 2830 2605 2905 potest,
2673 2825 2829 2883 sicut
2884 2839 2995 2881 nec
3049 2828 3213 2880 ante·

595 2930 871 3013 cedente,
917 2933 1029 2991 nisi
1080 2931 1260 2991 fuerit
1304 2937 1465 2991 muta
1515 2937 1648 2990 ante
1697 2929 2009 3010 liquidam,
2057 2937 2123 2990 nt
2170 2928 2418 3009 supplex
2466 2914 2759 3008 suffragor
2806 2927 2982 2988 sui'sso
3029 2927 3213 2988 effluo

595 3039 863 3118 effringo.

773 3145 1102 3226 Quicquam
1159 3149 1220 3207 in
1274 3148 1462 3226 prima
1521 3144 1740 3225 syllaba
1793 3163 1903 3225 per
1951 3162 1984 3204 c
2031 3142 2444 3225 scribendum,
2498 3143 2656 3222 quod
2712 3142 2769 3233 d·
2804 3140 3002 3202 littera
3056 3143 3118 3202 in
3178 3160 3212 3201 c
3242 3153 3295 3193 25

601 3250 856 3312 litteram
902 3260 1318 3313 commutatur.

776 3359 1005 3437 Aggero
1051 3377 1160 3438 per
1207 3377 1245 3437 g
1291 3357 1674 3419 scribendum
1722 3366 1782 3418 et
1829 3366 2212 3438 aggregatnS,
2258 3375 2378 3417 non
2425 3375 2533 3436 per
2579 3356 2634 3416 d.

695 3482 710 3485 -
776 3525 803 3572 1
846 3480 1121 3573 Priscian.
1161 3519 1383 3574 caelebs
1420 3525 1513 3586 18,
1552 3526 1624 3575 10
1781 3526 1816 3573 4
1854 3517 2162 3589 adspiratio
2199 3523 2292 3583 18,
2329 3522 2401 3572 15
2559 3525 2590 3573 9
2629 3522 2832 3588 gnatus
2870 3521 2961 3586 30,
2996 3522 3070 3571 10

598 3604 660 3651 11
702 3596 903 3665 ecquid
940 3602 1139 3666 31,10
1287 3603 1352 3652 13
1382 3599 1627 3669 samguis
1665 3604 1759 3669 32,
1795 3606 1833 3655 9
1980 3604 2046 3652 15
2085 3599 2151 3653 bs
2189 3595 2398 3651 latinae
2434 3597 2661 3653 litterae
2699 3602 2789 3665 33,
2827 3601 2863 3651 7
2990 3602 3057 3652 18
3097 3614 3213 3651 snr-

594 3693 782 3825 {rpigg
779 3681 990 3826 {3012
993 3762 1044 3826 5
1084 3683 1190 3811 120
1228 3677 1479 3747 suspicor
1515 3683 1602 3747 34,
1641 3684 1712 3733 13
1875 3684 1945 3734 25
1983 3678 2282 3747 quicquam
2320 3682 2410 3747 35,
2447 3683 2479 3732 1
2519 3678 2813 3748 Papin'cm.
2851 3682 2979 3745 160,
3016 3682 3088 3731 10

775 3905 803 3953 1
845 3918 870 3954 s
907 3917 1007 3957 om.
1045 3898 1165 3954 AC
1266 3900 1304 3954 b
1342 3902 1511 3958 scribi
1547 3902 1716 3958 debet
1752 3918 1867 3956 non
1903 3918 1941 3954 u
1976 3900 2032 3953 Β
2067 3900 2105 3953 b
2145 3898 2314 3955 scribi
2350 3900 2520 3956 debet
2553 3917 2665 3956 non
2704 3918 2805 3971 per
2841 3920 2878 3955 ιι
2914 3900 3021 3955 AG
3050 3917 3152 3970 per
3178 3901 3217 3954 b

596 3978 764 4033 scribi
802 3978 971 4053 debet
1007 3982 1066 4034 et
1099 3997 1212 4036 non
1249 3998 1348 4050 per
1383 4000 1419 4037 v
1458 3982 1658 4038 Gamo
1801 3987 1834 4035 2
1874 3978 2253 4050 consonantis]
2294 3984 2665 4037 consonantes
2701 3984 2756 4036 A
2795 3982 3134 4036 consonante
3174 3980 3222 4033 0

668 4075 778 4113 non
816 4064 942 4114 ante
978 4062 1167 4152 potest
1202 4076 1301 4115 om.
1341 4060 1523 4116 ABG
1645 4067 1679 4115 4
1716 4058 1929 4129 autem]
1970 4060 2034 4112 nt
2068 4060 2123 4112 A
2252 4066 2287 4113 6
2323 4062 2612 4116 chremens
2644 4061 2761 4117 AG
2880 4061 2918 4115 h
2955 4076 3055 4114 om.
3087 4060 3217 4127 AG,

596 4139 723 4196 add.
760 4139 817 4192 Β
1000 4146 1029 4195 7
1068 4140 1252 4195 minus
1288 4144 1494 4196 sonent
1523 4140 1579 4194 Β
1618 4141 1801 4196 minus
1841 4143 2004 4194 sonet
2036 4139 2154 4194 AC
2329 4147 2360 4195 9
2410 4141 2566 4211 quia]
2606 4159 2752 4211 quae
2792 4142 2840 4197 G
2870 4158 2981 4212 que
3018 4142 3071 4194 A

598 4225 665 4273 10
702 4219 945 4275 retinent
973 4220 1188 4289 Cart-ie,
1226 4221 1435 4276 retinet
1471 4220 1652 4277 ABG
1753 4224 1820 4276 ut
1854 4221 2094 4289 agnatus
2130 4219 2187 4272 Β
2223 4221 2287 4274 ut
2313 4223 2519 4290 gnatus
2556 4220 2673 4275 AO
2776 4229 2843 4276 13
2883 4220 3142 4291 Samgm's
3176 4221 3224 4275 G

597 4298 838 4369 Sanguis
875 4299 998 4353 AB
1178 4298 1474 4354 dumtaxat
1515 4317 1617 4356 om.
1657 4300 1706 4355 0
1884 4304 1950 4351 14
1994 4304 2094 4367 qffi
2132 4316 2188 4352 m
2224 4299 2418 4355 littera
2451 4300 2548 4354 Bc
2592 4319 2686 4370 qm
2723 4300 2916 4356 littera
2953 4301 3001 4354 G
3042 4306 3117 4368 qii
3151 4305 3218 4354 co

597 4378 793 4433 littera
828 4381 900 4435 A.
958 4379 1243 4434 Priscumi
1270 4385 1653 4449 praeceptum,
1690 4381 1750 4434 in
1786 4399 1826 4434 ιι
1863 4382 2117 4435 mutatur
2150 4397 2201 4447 s,
2240 4379 2465 4449 sanguis
2503 4379 2818 4450 sanguinis,
2854 4381 2970 4449 ipse
3006 4378 3218 4434 Cassio·

595 4459 788 4513 dorius
822 4462 1039 4515 videtin·
1065 4461 1478 4529 pet-turbavisse
1659 4465 1723 4514 15
1761 4477 1864 4529 pro
1901 4473 1948 4529 ψ
1985 4476 2189 4531 graeca
2222 4460 2418 4515 littera
2453 4477 2487 4518 ς
2539 4477 2640 4530 per
2676 4459 2698 4515 i
2732 4477 2901 4531 greca
2936 4459 3128 4513 littera
3161 4459 3219 4513 Β

601 4554 703 4606 per
727 4558 764 4608 y
801 4548 1005 4608 graeca.
1040 4540 1235 4595 littera.
1272 4540 1321 4595 G
1351 4556 1452 4610 per
1478 4556 1514 4593 v
1543 4556 1809 4609 graecam
1847 4538 1953 4594 lita,
1989 4540 2044 4594 A
2156 4545 2221 4593 19
2259 4539 2521 4595 similiter
2548 4540 2607 4593 et
2643 4538 2882 4609 corripio
2919 4537 3125 4608 arripio
3161 4539 3218 4592 Β

595 4615 855 4674 similiter
891 4620 1099 4690 arripio
1138 4622 1197 4675 et
1233 4619 1473 4690 corripio
1513 4619 1562 4674 0
1593 4619 1802 4691 arripio
1841 4620 2102 4676 similiter
2138 4623 2197 4674 et
2233 4618 2475 4689 corripio
2511 4619 2566 4672 A
2674 4618 2735 4673 in
2761 4637 2789 4673 r
2820 4634 3039 4686 quoque
3068 4634 3218 4672 com-

598 4700 785 4753 mutat
820 4701 873 4752 A
911 4699 970 4753 in
1007 4717 1035 4751 r
1074 4700 1387 4753 commutat
1424 4696 1470 4751 0
1574 4704 1642 4752 23
1682 4699 1931 4769 suffr-ago
1970 4700 2017 4753 0
2049 4696 2316 4765 suffragio
2351 4697 2406 4750 A
2516 4702 2585 4750 25
2626 4698 2799 4769 quod]
2839 4698 2970 4767 quia
2998 4698 3045 4752 C
3076 4716 3129 4766 q.
3160 4699 3215 4752 A

704 4784 773 4831 26
819 4781 1068 4833 mutatur
1121 4779 1236 4832 AC
1371 4784 1437 4833 27
1486 4795 1698 4851 aggero
1745 4794 1847 4847 per
1881 4795 1920 4848 g
1955 4778 2011 4831 Β
2059 4793 2269 4848 aggero
2306 4793 2408 4845 per
2444 4776 2479 4830 d
2517 4777 2572 4830 A
2611 4776 2820 4847 adgero
2856 4794 2957 4848 per
2990 4795 3031 4846 g
3068 4777 3116 4831 0

599 4855 947 4911 scribendum
988 4874 1089 4913 om.
1122 4859 1170 4912 0
1305 4858 1642 4928 adgregatns
1682 4858 1729 4911 0
