3613 5528
1364 449 1462 505 DE
1486 444 2082 533 03130οω311
2935 446 3019 511 51

420 560 467 597 p.
495 550 608 590 8816.
639 550 688 589 17
716 548 766 589 P.

424 640 594 713 atque
631 632 735 693 has
777 632 955 711 [tres]
993 633 1224 695 litteras
1254 633 1635 697 semivocales
1663 633 1934 713 plerique
1974 630 2363 692 tradiderunt.
2420 631 2627 693 Verrio
2657 633 2868 695 Flacco
2904 632 3026 714 pla-

426 748 520 800 cet
564 747 755 800 mutas
802 724 965 820 e‘sse,
1022 741 1300 820 quoniam
1346 759 1378 800 a
1425 743 1605 801 mutis
1651 741 1964 820 incipiant,
2020 755 2137 798 una
2184 756 2216 799 a
2262 758 2322 820 c,
2378 739 2558 799 altera
2605 758 2637 799 a
2685 738 2739 799 d.
2816 737 3028 818 quodsi

426 865 576 926 quos
612 855 834 931 movet,
880 847 1037 928 quod
1085 851 1148 909 in
1196 847 1605 909 semivocalem
1645 845 1943 925 desinant,
1992 841 2227 905 ‘sciant’
2274 848 2468 925 inquit
2506 841 2566 906 ‘z
2615 847 2873 907 litteram
2913 864 3030 923 per

424 953 492 1014 sd
538 953 718 1015 scribi
764 953 837 1014 ab
884 956 957 1015 iis
998 950 1007 1034 Ι
1050 940 1159 1034 qui⁸
1198 963 1411 1035 putant
1455 954 1615 1015 illam
1652 972 1724 1014 ex
1763 971 1792 1013 s
1831 959 1894 1013 et
1930 950 1966 1011 d
2014 959 2306 1036 constare,
2351 963 2419 1015 ut
2464 957 2591 1015 sine
2638 953 2817 1015 dubio
2865 959 3028 1014 muta

364 1070 390 1109 ⁶
420 1055 694 1121 finiatur’.
751 1060 896 1121 mihi
951 1061 1186 1147 videtur
1226 1080 1335 1122 nec
1374 1062 1561 1122 aliena
1599 1065 1791 1122 latino
1840 1061 2102 1123 sermoni
2139 1060 2355 1142 fuisse,
2402 1078 2537 1121 cum
2584 1062 2917 1121 inveniatur
2963 1060 3025 1119 in

419 1168 677 1227 carmine
728 1166 961 1247 Saliari,
1008 1176 1067 1228 et
1108 1187 1239 1229 esse
1287 1167 1444 1230 aliud
1492 1183 1559 1252 z,
1606 1167 1764 1228 aliud
1813 1163 2015 1247 σίγμα
2060 1159 2172 1226 καὶ
2211 1163 2274 1245 ὃ,
2323 1185 2433 1226 nec
2480 1166 2725 1227 eandem
2771 1173 3026 1246 potesta-

419 1258 538 1332 tem
593 1291 704 1334 nec
760 1273 1018 1335 eundem
1079 1293 1291 1335 sonum
1354 1293 1513 1355 esse,
1573 1273 1677 1335 sed
1738 1271 2066 1334 secundum
2131 1271 2394 1333 diversas
2456 1271 2737 1334 dialectos
2796 1270 2881 1350 [id
2938 1280 3030 1333 est

417 1378 674 1459 linguas]
722 1383 1038 1443 enuntiari.
1130 1380 1319 1442 Dores
1376 1384 1534 1442 enim
1588 1383 1812 1442 seimus
1860 1378 2058 1440 dicere
2111 1377 2476 1459 μελίσὸειν,
2533 1378 2676 1440 alios
2723 1377 3028 1459 μελίζειν,

418 1493 479 1546 et
530 1487 1038 1567 ipsum'vroelsseiv
1096 1488 1250 1569 apud
1309 1489 1456 1550 alios
1510 1487 1729 1549 dicitur
1784 1482 2115 1547 παίσδειν.
2207 1505 2318 1548 nec
2372 1486 2505 1548 ideo
2568 1495 2765 1548 tamen
2826 1485 3030 1547 eadem

342 1603 392 1641 10
418 1592 614 1655 littera
661 1602 771 1677 est,
816 1614 937 1656 non
984 1598 1170 1675 magis
1219 1614 1394 1675 quam
1442 1612 1580 1656 cum
1626 1593 1724 1653 alii
1769 1585 2063 1672 κεβαλήν
2110 1591 2208 1653 3111
2252 1585 2576 1674 κεφαλήν,
2623 1594 2722 1655 3111
2768 1585 3030 1655 ὄππατα

419 1698 516 1760 3111
562 1691 845 1781 ὄμματα,
892 1701 989 1762 alii
1033 1694 1382 1764 θάλατταν
1430 1703 1542 1763 alii
1582 1690 1941 1760 θάλασσαν
1981 1697 2204 1780 dicunt,
2250 1717 2388 1760 cum
2427 1699 2582 1761 idem
2620 1700 2834 1762 dicant.
2908 1717 3028 1760 non

418 1804 574 1866 idem
613 1814 706 1867 est
751 1821 789 1866 z
838 1815 900 1867 et
944 1806 1055 1888 sd,'
1088 1810 1174 1869 sic
1224 1828 1340 1888 quo
1390 1806 1564 1868 modo
1613 1824 1731 1866 non
1777 1803 1937 1865 idem
1984 1812 2076 1865 est
2123 1803 2326 1886 σίγμα
2369 1802 2482 1868 καὶ
2530 1805 2572 1867 ὃ
2617 1817 2771 1869 etz.
2864 1804 3025 1866 deni-

419 1931 533 1992 que
582 1915 773 1992 siquis
818 1912 1149 1975 secundum
1196 1925 1466 1977 naturam
1516 1914 1642 1975 vult
1666 1920 1970 1979 *excutere
2017 1912 2170 1973 hanc
2225 1913 2482 1976 litteram
2532 1914 2616 1993 [id
2666 1922 2758 1977 est
2801 1896 2892 1996 ⁹z],
2938 1916 3025 1975 in-

418 2020 616 2080 veniet
662 2017 959 2099 duplicem
996 2038 1116 2082 non
1155 2041 1306 2104 esse,
1354 2025 1403 2084 si
1440 2021 1613 2083 modo
1653 2019 1994 2088 illamaure
2047 2022 2371 2083 sinceriore
2419 2023 2825 2102 exploraverit.
2892 2038 3026 2082 nam

344 2135 393 2175 15
421 2133 482 2187 et
526 2126 875 2206 simpliciter
922 2130 1143 2209 scripta
1192 2129 1365 2190 aliter
1420 2146 1630 2190 sonare
1687 2134 1918 2208 potest,
1971 2126 2141 2187 aliter
2197 2130 2515 2212 geminata,
2571 2127 2729 2208 quod
2786 2129 3027 2188 omnino
3107 2116 3118 2127 ⁹

415 2230 637 2311 duplici
685 2231 919 2294 litterae
976 2253 1097 2296 non
1144 2235 1358 2297 accidit
1405 2234 1509 2314 [ne
1556 2232 1940 2314 geminetur}
2032 2233 2226 2295 scribe
2284 2238 2441 2296 enim
2494 2254 2606 2317 per
2650 2253 2837 2297 unum
2883 2249 2920 2294 z
2971 2241 3032 2294 et

415 2337 658 2399 consule
704 2356 940 2402 aurem:
988 2360 1107 2402 non
1154 2345 1270 2404 erit
1314 2334 1556 2423 ἆζηχής
1602 2359 1719 2420 quo
1757 2339 1934 2400 modo
1980 2332 2298 2422 ἆδσηχής,
2347 2342 2451 2403 sed
2489 2345 2781 2423 geminata
2820 2340 3025 2402 eadem

414 2435 688 2526 ἆζζηχής
743 2464 863 2525 quo
923 2446 1098 2509 modo
1157 2441 1470 2529 ἆσσηχής.
1564 2455 1625 2508 et
1680 2446 1854 2525 plane
1911 2446 2105 2526 siquid
2167 2451 2582 2527 supervenerit
2636 2466 2729 2509 me
2792 2447 3027 2508 dicente

304 2597 312 2605 .
416 2569 627 2613 sonum
672 2551 853 2613 buius
899 2553 1150 2637 litterae,
1196 2557 1462 2617 invenies
1510 2552 1764 2615 eundem
1804 2561 2092 2636 tenorem,
2137 2572 2178 2614 α
2214 2573 2334 2634 quo
2378 2557 2659 2636 coeperit.
2735 2555 2923 2632 siquis
2970 2550 3029 2614 Ψ

524 2723 705 2788 Codex
724 2724 1021 2781 Parrhasii
1092 2732 1125 2782 2
1155 2743 1192 2782 3
1210 2728 1270 2801 d]
1294 2743 1330 2783 3
1346 2744 1385 2798 p
1458 2732 1489 2782 3
1511 2725 1663 2796 quod
1684 2723 2081 2781 semiuocalem
2153 2745 2182 2780 z
2208 2725 2458 2782 litteram
2489 2727 2569 2782 sic
2598 2724 2765 2783 scribi
2793 2725 2863 2781 ab
2890 2724 2961 2781 113

382 2835 449 2900 ,4
477 2847 544 2885 ex
571 2847 602 2885 0
629 2832 689 2885 01
714 2831 753 2885 d
783 2833 1032 2888 constare
1125 2840 1157 2888 5
1195 2834 1372 2891 latino
1410 2850 1511 2889 om.
1534 2829 1541 2840 '
1601 2840 1632 2887 6
1672 2831 1897 2902 Saliari]
1925 2809 2090 2888 ‘saliri
2197 2833 2379 2904 sigma.
2415 2835 2513 2889 καὶ
2550 2836 2637 2890 σδ
2747 2840 2776 2888 7
2811 2833 2938 2903 sed]
2979 2831 3028 2887 si

559 2916 592 2964 8
628 2909 807 2966 Dores
844 2910 993 2966 enim
1032 2912 1217 2968 dicere
1255 2915 1537 2985 μελίσδειν
1574 2911 1717 2965 31103
1755 2910 1999 2980 μελίζειν
2035 2929 2136 2968 300
2184 2913 2311 2968 ideo
2348 2916 2569 2970 tantum
2606 2914 2801 2969 eadem
2837 2913 3030 2966 littera.

416 2991 525 3043 est.
563 3005 675 3043 non
711 2989 893 3060 magis
931 3009 1098 3060 quam
1137 3011 1263 3047 cum
1300 2992 1398 3048 3111
1434 2988 1681 3063 κεβοιλὴν
1719 2990 1819 3046 3111
1855 2987 2115 3059 κεφαλὴν
2144 2987 2305 3046 3111”
2272 3013 2502 3048 onnam
2538 2992 2637 3047 alii
2675 2988 2898 3063 ὄμματα
2928 2990 3026 3046 3111

414 3063 673 3123 θάλαττα
702 3069 897 3125 dicunt
928 3089 1054 3125 cum
1080 3071 1231 3127 idem
1257 3072 1453 3128 dicant
1474 3088 1604 3126 nam
1636 3073 1694 3125 et
1718 3069 1907 3139 ipsum
1934 3073 2157 3136 παίζειν
2183 3073 2335 3141 apud
2363 3074 2503 3128 alios
2531 3053 2737 3127 (11011111-
2764 3074 3028 3127 nasedai·

416 3163 544 3202 33111
581 3147 731 3203 idem
769 3151 856 3204 est
889 3150 929 3203 Z
967 3153 1026 3205 et
1062 3151 1111 3205 D
1150 3153 1231 3207 310
1278 3151 1555 3222 quomodo
1595 3154 1725 3219 (303
1764 3150 1891 3206 add.
1932 3153 1979 3218 0)
2028 3150 2178 3207 idem
2215 3155 2302 3207 est
2338 3170 2513 3223 σιγμα
2549 3154 2610 3207 01
2646 3171 2674 3205 z
2832 3159 2898 3207 14
2936 3169 3027 3207 ex-

414 3228 758 3296 plorauerint
901 3236 966 3283 17
1004 3247 1116 3286 303
1154 3232 1263 3287 erit
1297 3228 1507 3303 ἀζηχὴς
1543 3231 1824 3301 quomodo
1861 3224 2042 3300 α’ὃηης
2080 3231 2176 3286 sed
2214 3232 2533 3302 geminatae
2567 3230 2761 3285 eadem
2781 3217 3030 3299 ἄζζεσης

416 3308 695 3376 quomodo
733 3327 973 3387 acosma
1117 3318 1184 3367 18
1221 3330 1311 3368 me
1349 3312 1593 3383 dicente]
1632 3311 1941 3367 meditente
1972 3311 2020 3365 Ο
2042 3326 2178 3366 corr.
2208 3312 2273 3365 in
2298 3326 2469 3379 mai-9.
2498 3326 2590 3364 me
2626 3307 2846 3364 dicente
2884 3326 2913 3363 0

416 3392 482 3440 19
520 3378 776 3443 inueniet
808 3390 1045 3446 eundem
1080 3392 1333 3448 tenorem
1371 3409 1481 3460 quo
1520 3393 1828 3461 coeperunt
1863 3391 2039 3461 siquis
2076 3412 2120 3461 φ
2158 3393 2258 3445 aut
2294 3393 2326 3456 ζ
2358 3388 2725 3446 nouissimum
2776 3388 2970 3444 audiet
3003 3407 3028 3443 s

594 3555 621 3600 1
670 3550 840 3617 atque
884 3549 988 3603 1133
1033 3568 1069 3603 x
1105 3553 1163 3605 et
1199 3570 1228 3605 z
1275 3551 1497 3606 litteras
1542 3550 1827 3606 Semlerus.
1885 3551 1975 3607 'an
2021 3552 2122 3607 has
2166 3550 2219 3605 II
2263 3549 2519 3604 litteras?
2563 3565 2696 3603 nam
2742 3552 2804 3602 Ψ
2845 3550 3030 3604 littera

412 3642 611 3695 yraeca
645 3628 715 3683 ab
751 3630 855 3683 hae
884 3629 1065 3684 Verrii
1103 3633 1415 3701 quaestione
1451 3633 1637 3685 aliena
1673 3638 1750 3686 est
1895 3638 1926 3684 2
1967 3632 2148 3686 altera
2186 3649 2221 3685 3
2249 3630 2309 3700 p]
2350 3629 2533 3683 altera
2559 3644 2596 3682 3
2622 3628 2659 3682 (1
2687 3628 2742 3682 R
2769 3630 2831 3682 in
2858 3631 3026 3683 corri-

413 3708 605 3774 9endis
632 3711 681 3761 et
709 3709 875 3763 editio
905 3710 1240 3777 Communi,
1275 3711 1456 3764 altera
1482 3727 1519 3765 3
1542 3729 1581 3780 p
1611 3711 1931 3778 Putschius,
1968 3710 2149 3766 altera
2176 3726 2213 3764 3
2238 3727 2301 3778 p,
2338 3707 2513 3762 tertia.
2542 3722 2578 3760 3
2601 3707 2640 3761 d
2668 3708 3030 3763 Schneider-us

466 3831 477 3842 .
530 3794 562 3840 3
602 3806 632 3841 z
669 3788 918 3846 litteram
955 3792 1034 3847 sic
1069 3795 1189 3863 (hoc
1225 3799 1301 3848 est
1335 3793 1374 3847 d
1403 3795 1449 3860 s)
1487 3808 1600 3846 non
1637 3789 1808 3845 scribi
1843 3789 2187 3846 Ribbeekius.
2243 3789 2444 3843 rectius
2480 3793 2598 3843 erat
2632 3803 2730 3858 pro
2769 3806 2798 3841 z
2836 3786 3029 3843 littera

415 3865 479 3919 sd
526 3866 695 3922 scribi
892 3876 925 3924 4
972 3872 1090 3927 sine
1137 3875 1296 3927 311113
1339 3870 1565 3925 11313131·
1608 3870 1731 3938 (om.
1768 3885 1820 3923 v.
1859 3869 2050 3938 dubio)
2096 3870 2231 3922 vitio
2277 3868 2534 3922 editionis
2571 3867 3029 3922 Commelinianae

415 3947 658 4001 ediderat
693 3947 986 4004 Putsehius
1129 3957 1160 4006 5
1197 3950 1256 4004 in
1294 3945 1802 4019 carmine'Saliari]
1853 3948 2030 4003 Varro
2066 3949 2132 4003 de
2168 3949 2201 4004 l.
2234 3949 2272 4003 l.
2319 3947 2454 4002 VII
2486 3952 2566 4003 26
2631 3958 2650 3974 ·
2712 3953 2776 4000 11
2817 3949 2879 4001 31,
2911 3963 3024 4002 non

416 4025 562 4081 idem
599 4028 685 4083 0111
722 4031 754 4093 ζ
789 4032 847 4084 et
884 4031 970 4098 σὸ,
1009 4031 1289 4100 quomodo
1327 4046 1442 4084 non
1486 4028 1635 4083 idem
1676 4030 1762 4082 031,
1808 4030 1978 4099 σίγμα
2015 4031 2074 4083 01
2109 4046 2139 4081 z
2177 4027 2462 4083 Semlerus.
2519 4045 2548 4080 z
2586 4027 2825 4081 litteram
2860 4042 3028 4095 neque

415 4124 451 4160 a
476 4113 632 4162 muta
656 4110 921 4177 incipere,
949 4111 1092 4165 sicut
1120 4111 1346 4166 Verrius
1371 4110 1570 4177 voluit,
1606 4125 1775 4177 neque
1809 4113 1965 4162 muta
1998 4109 2182 4176 finiri,
2220 4112 2282 4161 ut
2309 4107 2440 4162 aliis
2468 4108 2712 4177 placuit,
2745 4106 3026 4183 praecepit

414 4185 653 4256 Lonyus.
709 4205 879 4258 quare
914 4190 1166 4244 dubitari
1193 4196 1429 4260 poterat,
1465 4195 1650 4244 utrum
1687 4188 2030 4243 scribendum
2066 4192 2196 4242 esset
2230 4202 2343 4241 11011
2379 4185 2530 4241 idem
2559 4190 2644 4242 est
2669 4206 2698 4240 z
2735 4189 2793 4241 et
2830 4186 2912 4252 sd,
2951 4202 3028 4238 an

406 4268 598 4333 potius
624 4283 736 4321 non
772 4266 921 4322 idem
952 4271 1039 4323 est
1072 4289 1101 4323 z
1138 4272 1197 4324 et
1231 4270 1311 4324 ds.
1350 4271 1442 4323 sed
1479 4270 1543 4323 de
1579 4286 1637 4322 eo
1665 4269 1811 4337 quod
1846 4272 1922 4322 est
1958 4270 2029 4322 ὃσ
2054 4272 2248 4337 postea
2283 4268 2431 4321 dixit
2579 4273 2643 4320 16
2671 4283 2742 4321 ne
2769 4265 3017 4336 gemine-

414 4347 507 4398 tur
540 4347 803 4415 9lossema
837 4364 945 4402 esse
981 4349 1251 4404 indicavit
1276 4350 1569 4417 Semeros,
1606 4352 1673 4403 111
1706 4348 2024 4417 geminetur
2049 4349 2275 4402 coniecit
2303 4347 2666 4401 Schneider-us
2809 4352 2874 4400 17
2914 4362 3026 4400 non

417 4425 524 4479 erit
558 4420 768 4496 ἅζηχας
805 4430 1085 4497 quomodo
1123 4425 1331 4499 ἅσεχας
1368 4423 1601 4497 (ἅδεχας
1637 4427 1973 4496 Patschius),
2029 4421 2483 4496 sed'geminatae
2522 4425 2750 4481 eaedem
2785 4421 3027 4497 ἅζζηχὴς

417 4504 694 4570 quomodo
729 4501 980 4576 α’σσηχής
1017 4508 1227 4562 Iunius
1263 4512 1311 4561 et
1349 4506 1667 4574 Pwtschius,
1702 4523 1889 4561 nonne
1928 4508 2037 4561 erit
2072 4502 2284 4576 ἀζηχὴς
2322 4506 2602 4575 quomodo
2639 4500 2877 4574 ἆσηχής,
2926 4505 3024 4560 sed

417 4584 735 4650 geminatae
783 4586 1012 4640 eaedem
1058 4580 1297 4657 α’ζζηχής
1360 4588 1640 4656 quomodo
1697 4582 1981 4657 ἄσσηχήςῖ
2047 4588 2431 4653 Schneiderus,
2486 4602 2599 4640 non
2654 4584 2762 4638 erit
2815 4579 3026 4654 ἆζηχής

418 4662 694 4730 quomodo
731 4658 989 4735 ἀδιεχής,
1027 4666 1126 4720 sed
1163 4667 1482 4737 geminatae
1520 4665 1746 4721 eaedem
1785 4659 2026 4736 α’ζζηχής
2071 4665 2349 4735 quomodo
2397 4660 2644 4733 α’σσηχής
2678 4662 3022 4718 Ribbeckius.

418 4757 533 4796 non
559 4748 807 4812 apparet,
835 4745 971 4813 quid
998 4747 1238 4815 exemplo
1264 4763 1313 4800 v.
1353 4741 1561 4815 α’ζηχής
1579 4746 1824 4814 probare
1847 4747 2082 4799 voluerit
2105 4745 2511 4813 yrammaticns.
2550 4737 2800 4812 ἇὸσηχής
2825 4746 3027 4814 scripsi

415 4827 638 4890 propter
672 4839 738 4876 ea
772 4840 912 4892 quae
945 4824 1012 4878 de
1038 4826 1498 4894 pronuntiatione
1534 4827 1565 4890 ζ
1598 4826 1810 4880 litterae
1844 4831 2147 4895 sequuntur
2320 4831 2385 4879 19
2424 4824 2472 4880 si
2509 4823 2634 4893 quis
2668 4835 2717 4893 ψ
2755 4829 2857 4880 aut
2891 4827 2921 4891 ξ
2959 4843 3027 4880 ese

422 4902 730 4958 coniectura
767 4902 1085 4960 Commelini
1121 4904 1415 4959 Putschius

2524 4991 2598 5047 4*
