3613 5528
657 457 792 526 540
1505 459 1965 517 FRAGMENTA
2018 457 2410 516 BoBIENSIA

656 573 702 610 p.
731 563 821 603 142.
850 563 941 604 212.
970 562 1051 604 20⁶
1079 563 1131 605 V.

657 647 1131 728 diligentioribus
1193 649 1291 711 illa
1353 652 1610 732 possint,
1679 669 1830 730 quae
1896 659 2067 711 acuta
2133 648 2349 730 syllaba
2405 653 2718 711 novissima
2776 651 3136 731 efferuntur,
3196 656 3267 710 ut

639 755 881 818 'cochlis
939 757 1130 837 Dryas
1197 757 1418 839 ThyaS,
1489 756 1634 818 illud
1701 766 1797 818 est
1859 757 2367 840 respondendum,
2441 760 2635 818 omnia
2700 757 2876 819 verba
2950 759 3265 838 peregrina

659 862 989 925 secundum
1048 881 1215 925 suam
1269 865 1658 946 positionem,
1722 864 2020 944 quomodo
2076 863 2225 926 lecta
2291 873 2457 947 sunt,
2520 867 2600 926 ita
2660 867 2957 926 enuntiari
3022 863 3262 925 debere.

657 989 793 1032 nam
840 989 976 1032 cum
1021 973 1083 1032 in
1131 981 1396 1033 nostram
1442 971 1933 1033 consuetudinem
1981 980 2320 1053 transeunt,
2374 975 2590 1034 rationi
2646 980 2885 1034 nostrae
2941 990 3180 1053 quoque
3228 990 3265 1028 ιιι

656 1087 923 1140 ceterum
970 1077 1198 1141 nullum
1255 1088 1347 1140 est
1403 1078 1648 1140 verbum
1704 1081 1827 1140 sive
1882 1078 2229 1159 disyllabum
2285 1080 2406 1141 sive
2463 1082 2645 1141 trium
2702 1078 3036 1159 pluriumve
3090 1078 3263 1158 sylla·
3322 1092 3353 1132 ⁵

653 1184 865 1247 barum
913 1184 1070 1266 quod
1117 1188 1435 1247 novissima
1481 1185 1699 1265 syllaba
1745 1195 1918 1247 acute
1966 1189 2329 1249 enuntietur.
2413 1205 2596 1267 super
2630 1186 2791 1247 istud
2830 1185 2904 1246 de
2942 1184 3263 1265 trisyllabis

655 1291 948 1374 dicamuS,
995 1295 1054 1353 in
1104 1291 1323 1371 quibus
1369 1292 1514 1353 haec
1562 1295 1678 1353 erit
1722 1291 2085 1355 observatio:
2145 1296 2194 1355 si
2243 1293 2436 1355 media
2483 1293 2702 1374 syllaba
2748 1295 3041 1374 positione
3085 1293 3262 1372 longa

656 1399 863 1481 suerit,
927 1410 1100 1461 acuto
1166 1409 1307 1461 tono
1373 1380 1806 1484 enuntiabitur,
1870 1412 1938 1462 ut
1991 1400 2263 1463 Metellus
2327 1401 2573 1464 cancelli
2633 1401 2881 1462 lanistae
2946 1400 3263 1461 fenestrae.

655 1506 896 1588 explicit
942 1505 1015 1567 de
1063 1506 1422 1568 accentibus

1399 1788 1519 1855 DE
1565 1789 1966 1857 PROPRIIS
2011 1788 2506 1856 NOMINIBVS
3293 1809 3348 1849 ιο

652 1887 700 1926 p.
726 1878 806 1917 218
833 1876 903 1918 ed.
929 1876 1066 1920 Vina.

833 1953 1200 2015 Praenomen
1241 1953 1398 2034 quod
1437 1957 1662 2016 nomini
1698 1958 2113 2038 praeponitur,
2151 1965 2219 2018 ut
2253 1955 2528 2017 Publius:
2564 1973 2780 2016 nomen
2819 1962 2910 2014 est
2948 1969 3261 2013 commune

653 2060 932 2143 familiae,
1008 2070 1073 2122 ut
1138 2059 1474 2122 Cornelius:
1547 2080 1876 2142 cognomen
1941 2073 2033 2124 est
2098 2061 2255 2143 quod
2323 2072 2416 2122 est
2486 2063 2821 2141 proprium,
2896 2068 2961 2120 ut
3035 2058 3263 2138 Scipio:

655 2184 943 2246 agnomen
989 2177 1082 2229 est
1129 2167 1286 2248 quod
1334 2170 1707 2230 extrinsecus
1753 2173 1945 2252 venit,
1992 2179 2059 2232 ut
2103 2171 2416 2231 Africanus
2463 2187 2494 2228 a
2540 2171 2786 2249 virtute,
2834 2176 2935 2227 aut
2980 2184 3050 2226 ex
3100 2167 3260 2246 vitio,

655 2280 723 2334 ut
767 2273 987 2336 Fabius
1033 2274 1291 2357 GurgeS,
1338 2273 1582 2336 Ovidius
1629 2276 1800 2338 Naso.
1893 2295 2255 2358 praenomen
2313 2288 2374 2338 et
2418 2295 2707 2357 agnomen
2755 2274 3094 2355 ambiguum
3142 2281 3262 2334 est:

651 2397 893 2460 nomen,
932 2381 1127 2459 gentis
1182 2388 1302 2462 est;
1364 2379 1587 2442 idcirco
1653 2386 1811 2444 servi
1867 2403 1984 2446 non
2049 2384 2269 2447 habent
2335 2387 2586 2446 nomina.
2687 2384 2921 2443 nomina
2979 2380 3261 2442 dicuntur
3292 2399 3344 2437 15

653 2504 806 2566 quae
843 2497 985 2547 sunt
1022 2489 1356 2548 communia
1394 2487 1673 2571 familiae,
1722 2500 1788 2552 ut
1826 2490 2140 2554 Cornelius
2170 2512 2201 2554 a
2231 2491 2502 2553 Cornelia
2542 2490 2782 2572 familia,
2829 2492 2965 2569 quia
3002 2488 3263 2550 Cornelii

654 2596 763 2654 toti
807 2591 1112 2673 appellati;
1159 2601 1219 2653 et
1265 2594 1440 2655 modo
1484 2596 1547 2656 in
1597 2615 1709 2657 usu
1756 2617 1877 2660 non
1925 2607 2043 2681 est,
2091 2610 2152 2660 et
2198 2618 2413 2660 nomen
2464 2607 2740 2679 putamus
2788 2595 2944 2676 quod
2999 2604 3091 2656 est
3126 2614 3262 2675 pro-

651 2702 880 2784 prium,
928 2698 1086 2780 quod
1133 2699 1248 2760 fuit
1292 2709 1428 2762 ante
1475 2720 1788 2766 commune
1829 2705 2114 2788 familiae,
2158 2705 2318 2769 unde
2357 2704 2647 2785 Vergilius
2694 2699 3015 2764 ‘nomine
3062 2719 3264 2762 avum

653 2803 1037 2871 referens?
1130 2827 1457 2888 cognomen
1506 2821 1600 2873 est
1644 2814 1802 2893 quod
1851 2823 1944 2875 est
1987 2818 2298 2895 proprium
2344 2816 2523 2875 unius
2570 2815 2878 2891 cuiusque.

652 3226 697 3265 p·
725 3217 804 3258 205
830 3215 900 3257 ed.
927 3214 1066 3258 vind.
1697 3130 1817 3197 DE
1864 3130 2215 3198 NOMINE
3289 3132 3343 3171 ²⁰

832 3290 1040 3354 Omnis
1085 3294 1395 3371 genetivus
1439 3295 1492 3355 is
1530 3295 1749 3376 syllaba
1787 3300 2140 3359 terminatus
2177 3297 2577 3358 accusativum
2613 3292 2902 3374 pluralem
2939 3312 3005 3355 es
3043 3291 3261 3374 syllaba

658 3401 1038 3461 terminatum
1088 3399 1242 3460 facit.
1327 3402 1524 3462 omnia
1569 3406 1808 3465 nomina
1853 3424 1885 3464 a
1935 3406 2273 3483 terminata,
2321 3404 2371 3463 si
2407 3402 2587 3464 latina
2626 3403 2876 3482 suerint,
2921 3403 3263 3481 genetivum

655 3525 722 3568 ae
771 3507 1021 3587 faciunt,
1068 3507 1119 3566 si
1164 3524 1402 3588 graeca,
1449 3510 1544 3570 tis,
1625 3513 1821 3572 omnia
1868 3514 2105 3573 nomina
2150 3529 2360 3592 graeca
2398 3528 2433 3570 o
2475 3510 2785 3571 terminata
2832 3518 2893 3569 et
2938 3510 3030 3568 nis
3079 3517 3139 3568 et
3188 3525 3263 3568 us

653 3615 992 3693 genetivum
1039 3613 1399 3692 singularem
1456 3616 1706 3699 faciunt,
1766 3626 1836 3680 ut
1883 3618 2028 3679 Dido
2075 3618 2262 3679 Didus
2309 3626 2370 3678 et
2416 3616 2673 3677 Didonis.
2767 3616 2964 3676 omnia
3020 3615 3259 3675 nomina

657 3720 1054 3802 monosyllaba
1118 3723 1457 3800 genetivum
1521 3724 1884 3803 singularem
1955 3727 2007 3787 is
2082 3726 2332 3806 faciunt,
2405 3726 2667 3804 exceptis
2736 3730 2994 3804 septem,
3067 3719 3261 3781 tribus
3289 3738 3343 3777 25

655 3827 1129 3909 declinabilibuS,
1192 3846 1290 3889 res
1345 3847 1483 3908 spes
1538 3833 1653 3911 vir,
1718 3838 2010 3906 quattuor
2076 3833 2631 3906 indeclinabilibus,
2691 3829 2796 3906 sas
2860 3832 2919 3889 ir
2981 3830 3066 3908 git
3128 3845 3262 3907 pus,

655 3936 852 3996 omnia
906 3937 1144 3996 nomina
1199 3954 1298 3997 ser
1353 3940 1693 4019 terminata,
1749 3940 1800 3999 si
1857 3958 1930 4000 ex
1987 3957 2051 3999 se
2106 3937 2264 4000 aliud
2329 3956 2517 4018 genus
2581 3937 2863 4018 fecerint,
2928 3936 2981 3996 ri
3038 3934 3265 3995 faciunt

667 4144 672 4147 -
837 4114 864 4162 1
903 4106 1233 4180 novissima]
1270 4108 1330 4163 in
1366 4109 1669 4165 nouissimo
1705 4109 1808 4166 Bv
1958 4114 2024 4166 ut
2059 4111 2256 4180 Cyclas
2291 4109 2468 4180 Dryas
2506 4108 2693 4179 Thyas
2728 4123 2763 4162 v
2800 4109 2858 4161 et
2903 4106 3072 4162 coelis
3110 4104 3265 4160 cirins

654 4188 778 4244 thia
802 4188 857 4242 Β
993 4196 1026 4243 3
1054 4190 1287 4257 fortasse
1323 4189 1624 4246 secundum
1662 4206 1821 4244 suam
1859 4189 2192 4260 positionem
2222 4191 2445 4259 quando
2473 4190 2621 4245 lecta
2649 4190 2779 4243 sunt
2911 4192 2945 4241 4
2971 4188 3268 4242 transeunt

656 4269 958 4325 Schoeneus
983 4286 1044 4339 p.
1083 4276 1221 4338 206,
1255 4273 1545 4327 transeant
1570 4271 1625 4325 Β
1643 4288 1676 4326 υ
1821 4270 2024 4326 rationi
2063 4271 2286 4325 nostrae
2323 4286 2545 4340 quoque
2579 4268 2884 4323 inserviant
2917 4283 3141 4323 necesse
3181 4268 3268 4323 est

659 4349 746 4405 ‘in
780 4351 895 4409 cod.
931 4351 1132 4405 omissa
1166 4355 1440 4421 utcunque
1475 4351 1865 4421 supplevimus'
1908 4351 2082 4405 editor
2129 4349 2562 4407 Vindobonensis

839 4533 908 4582 10
942 4527 1039 4582 DE
1078 4528 1413 4584 PROPRIIS
1448 4526 1863 4584 HOMINIBVS
1900 4545 2000 4585 om.
2028 4529 2085 4582 B
2231 4537 2297 4586 18
2333 4527 2580 4600 nomine]
2623 4526 2779 4597 Very.
2808 4527 2947 4581 Aen.
2980 4525 3128 4579 XII
3152 4529 3265 4580 348

733 4612 826 4745 136
836 4608 1000 4744 unigs
1038 4608 1331 4682 cuiusque]
1367 4614 1670 4681 sequuntur
1704 4613 1866 4665 notae
1899 4610 2183 4665 nominum
2218 4627 2255 4665 a
2294 4607 2653 4664 Mommsenio
2687 4622 2913 4678 yramm.
2950 4606 3044 4660 lat.
3082 4622 3131 4660 υ.
3164 4605 3272 4660 IV

647 4704 709 4757 p.
829 4694 866 4743 8
900 4704 929 4743 e
967 4691 1079 4744 itae

837 4872 907 4922 20
943 4865 1041 4920 DE
1081 4867 1369 4924 NOMINE
1420 4886 1521 4925 om.
1560 4871 1615 4924 Β
1760 4876 1827 4924 26
1866 4871 2133 4939 quattuor
2175 4867 2665 4924 indeclinabilibus
2708 4868 2794 4922 fas
2841 4867 2892 4921 ir
2935 4881 3037 4922 om.
3073 4866 3156 4921 B:
3204 4869 3264 4921 et

660 4948 900 5015 quatuor
935 4947 1424 5004 indeclinabilibus
1460 4950 1547 5017 git
1583 4968 1685 5020 pus
1720 4951 1805 5005 fas
1842 4949 1890 5003 ir
1926 4952 2102 5005 editor
2152 4949 2580 5006 Vindobonenais
