3613 5528
583 387 715 454 236
801 369 816 384 ’
1338 403 1346 422 ·
1757 390 2000 448 ΒΕΒΑΕ

583 499 624 538 p.
653 489 772 529 2³58.
799 490 853 530 59
880 490 929 531 P.

581 572 748 653 plaga
795 592 933 638 cum
978 572 1150 638 clima
1206 575 1525 656 significat,
1555 573 1779 660 ‘brevis
1825 583 1916 637 est
1971 575 2093 657 pla,
2153 595 2289 638 cum
2347 576 2690 659 vindictam,
2745 577 2933 656 longa.
3024 577 3192 658 palus

585 679 841 761 paludis,
898 679 1096 744 brevis
1142 689 1235 746 est
1289 699 1389 762 pa,
1444 680 1614 761 palus
1668 681 1785 761 pali
1842 683 2032 763 longa.
2115 682 2371 764 populus
2425 702 2559 744 cum
2619 682 2828 764 vulgus
2884 686 3193 766 significat,

583 785 779 848 brevis
825 795 918 850 est
961 807 1066 872 po,
1111 805 1247 849 cum
1295 785 1596 869 arborem,
1633 787 1821 869 longa.
1941 791 2138 865 nitens
2184 808 2215 851 a
2263 792 2489 871 nitore,
2536 789 2734 852 brevis
2782 793 2871 873 ni,
2920 793 3128 874 nitens·
3160 810 3192 852 a

581 894 716 956 nisu
770 893 959 974 longa.
1043 896 1185 958 item
1239 893 1429 956 educo
1486 895 1721 977 educis,
1778 895 1952 975 longa
1998 897 2108 978 du,
2162 896 2352 958 educo
2418 897 2663 979 educas,
2718 897 2776 958 id
2839 907 2931 959 est
2977 900 3194 979 nutrio,

580 1000 795 1062 brevis.
887 999 1136 1066 concido
1191 999 1400 1062 decido
1455 1000 1653 1062 incido
1707 1001 1944 1084 occido,
1999 1005 2054 1065 si
2101 1003 2170 1064 ad
2230 1021 2433 1065 casum
2478 1005 2811 1084 pertinent,
2856 1013 3190 1086 correptam
3219 1026 3246 1066 5

578 1107 798 1170 habent
834 1110 916 1189 ci,
962 1109 1015 1168 si
1059 1107 1132 1172 ad
1177 1108 1607 1188 concisionem,
1650 1107 2019 1188 productam.
2099 1109 2229 1172 colo
2268 1109 2441 1191 colis,
2488 1109 2684 1171 brevis
2721 1129 2820 1192 co,
2866 1110 2997 1171 colo
3034 1110 3192 1172 colas

581 1214 887 1296 producta.
959 1212 1127 1295 placo
1175 1212 1370 1294 placas
1415 1213 1703 1292 producta
1749 1215 1870 1297 pla,
1914 1215 2115 1297 placeo
2162 1217 2361 1297 places
2406 1227 2697 1299 correpta.
2738 1207 2950 1298 'pareo
3000 1236 3192 1299 pares,

582 1321 641 1384 id
689 1331 782 1388 est
825 1339 1084 1402 appareo
1129 1322 1251 1381 sive
1299 1319 1675 1403 obtempero,
1721 1321 2023 1402 producta
2056 1342 2158 1405 pa3
2203 1342 2348 1403 paro
2394 1323 2596 1406 paras,
2642 1324 2701 1385 id
2750 1333 2843 1397 est
2886 1342 3191 1406 praeparo,

582 1436 642 1491 et
689 1431 856 1511 pario
902 1430 1063 1509 paris
1099 1437 1389 1508 correpta.
1463 1436 1771 1510 parentes,
1819 1447 1955 1490 cum
1994 1437 2348 1509 apparentes
2388 1430 2708 1512 significat,
2751 1429 3040 1510 producta
3085 1450 3191 1512 pa3

582 1554 718 1598 cum
766 1537 1096 1615 genitores,
1140 1543 1446 1618 correpta,
1490 1537 1647 1598 sicut
1693 1544 1754 1597 et
1805 1537 2125 1616 parientes.
2199 1535 2383 1617 idem,
2445 1538 2496 1597 si
2551 1539 2752 1598 neutri
2796 1539 3036 1616 generis
3081 1546 3191 1618 est,
3220 1560 3273 1599 ιο

583 1644 937 1723 corripitur,
982 1643 1035 1703 si
1081 1642 1418 1717 masculini,
1463 1640 1816 1721 producitur
1864 1644 1925 1703 in
1973 1650 2229 1722 utroque
2277 1660 2544 1704 numero.
2627 1642 2858 1725 levitas,
2914 1644 2965 1704 si
3012 1645 3188 1705 insta·

583 1749 869 1814 bilitatem
919 1750 1133 1816 uietttis
1178 1749 1450 1844 designat
1494 1757 1597 1810 aut
1639 1747 2024 1828 pusillitatem
2071 1749 2379 1830 ponderis,
2439 1749 2637 1811 brevis
2683 1759 2777 1812 est
2818 1749 2902 1831 le3
2949 1753 3000 1812 si
3047 1751 3188 1812 leni-

587 1864 767 1920 tatem
813 1865 1032 1939 tactus,
1079 1855 1235 1920 unde
1284 1856 1440 1936 ligna
1486 1857 1546 1916 in
1595 1855 1863 1916 aedilicio
1912 1855 2154 1936 levigata
2200 1855 2510 1938 dicuntur,
2556 1857 2726 1936 longa
2773 1865 2865 1919 est
2908 1857 2980 1919 le.

1416 2010 1536 2075 DE
1584 2009 1889 2076 MEDIIS
1937 1997 2356 2077 SYLLABIS

759 2141 980 2204 Medias
1040 2139 1287 2221 syllabas
1340 2138 1533 2201 tribus
1585 2139 1774 2201 modis
1831 2143 2270 2224 cognoscimuS,
2329 2143 2624 2223 positione
2687 2154 2747 2206 et
2806 2143 3188 2225 diphthongis
3221 2162 3270 2204 ιε

581 2257 642 2310 et
687 2257 954 2310 accentu.
1029 2247 1133 2309 sed
1190 2246 1264 2309 de
1308 2248 1602 2328 positione
1651 2238 1712 2308 et
1769 2248 2151 2328 diphthongis
2199 2268 2379 2330 supra
2439 2253 2834 2312 tractavimus,
2909 2258 3191 2312 accentus

581 2364 778 2417 autem
827 2356 995 2438 quasi
1042 2354 1327 2417 adcantus
1372 2354 1596 2436 dictuS,
1642 2354 1800 2434 quod
1857 2354 1929 2417 ad
1986 2355 2335 2417 cantilenam
2393 2359 2552 2417 vocis
2599 2375 2707 2418 nos
2756 2358 2930 2419 saciat
2974 2375 3188 2437 cogno-

580 2482 750 2528 scere
797 2439 1063 2544 syllabas.
1136 2465 1239 2546 qui
1284 2463 1456 2522 ‘vocis
1501 2470 1784 2524 accentus
1830 2461 1948 2523 duo
1997 2470 2136 2523 sunt
2182 2462 2253 2523 ad
2301 2481 2369 2523 ea
2415 2480 2567 2543 quae
2611 2471 2936 2526 tractamus
2983 2483 3189 2527 neces·

582 2572 748 2652 sarii,
795 2577 1109 2650 correptus
1149 2577 1208 2631 et
1253 2568 1597 2649 productus,
1672 2577 1985 2649 correptus
2023 2578 2141 2651 est,
2187 2572 2464 2649 quotiens
2502 2571 2630 2631 sine
2670 2569 2788 2631 ulla
2826 2589 2989 2631 mora
3030 2573 3191 2632 vocis

581 2677 804 2742 medias
860 2675 1108 2758 syllabas
1163 2676 1567 2757 enuntiamus,
1629 2683 1695 2736 ut
1750 2676 1980 2736 moenia
2039 2675 2249 2737 tabula.
2350 2675 2678 2757 productus
2732 2685 2849 2752 est,
2913 2679 3272 2758 quotiensso

581 2785 803 2847 medias
860 2784 1108 2866 syllabas
1164 2802 1301 2845 cum
1357 2782 1548 2862 aliqua
1606 2799 1768 2843 mora
1829 2785 1988 2844 vocis
2046 2786 2460 2866 exprimimuS,
2524 2780 2591 2845 ut
2655 2785 2893 2846 fortuna
2960 2788 3188 2851 natura.

582 2891 891 2954 sciendum
937 2900 1030 2953 est
1087 2898 1281 2952 tamen
1329 2891 1465 2970 quia
1511 2889 1608 2950 illa
1655 2907 1804 2969 quae
1863 2890 1924 2950 in
1971 2889 2166 2952 verbis
2211 2892 2233 2952 i
2279 2899 2551 2971 correpta
2596 2892 3006 2975 proferuntur,
3052 2911 3189 2955 cum

582 3001 645 3061 in
695 2999 952 3061 medium
1002 3000 1271 3060 venerint
1318 3006 1377 3059 et
1422 2998 1608 3077 ipsam
1655 2999 1675 3057 i
1713 2998 1773 3058 in
1813 3016 1845 3058 e
1885 2999 2269 3080 mutaverint,
2316 3005 2381 3059 ut
2426 2997 2572 3077 legis
2620 2996 2748 3077 lege
2794 2998 3013 3080 legere,
3060 2997 3186 3059 ubi·

580 3125 696 3187 que
752 3103 1124 3188 breviantur,
1183 3112 1430 3184 excepto
1479 3122 1615 3165 cum
1662 3122 1694 3164 a
1753 3104 1944 3165 tribus
2005 3106 2383 3185 excipiuntur
2429 3105 2891 3167 consonantibus
2939 3104 2975 3165 b
3023 3112 3083 3166 et
3130 3123 3187 3165 m

580 3223 642 3275 et
698 3223 745 3293 t,
799 3221 867 3274 ut
920 3205 1185 3291 legebam
1242 3210 1505 3291 legemus
1564 3209 1810 3290 legetur.
1894 3200 2090 3272 cetera
2148 3210 2357 3273 melius
2413 3212 2757 3274 accentibus
2812 3211 3187 3292 colliguntur.
3218 3231 3271 3271 2⁵

580 3322 683 3401 qui
729 3327 1011 3380 accentus
1049 3320 1109 3380 in
1149 3317 1463 3397 trisyllabis
1501 3328 1561 3380 et
1599 3316 1990 3397 tetrasyllabis
2029 3326 2090 3378 et
2125 3318 2406 3398 deinceps
2442 3320 2524 3379 ita
2561 3317 3029 3380 considerandus
3080 3325 3189 3399 est,

582 3435 648 3488 ut
694 3428 746 3488 si
783 3433 1104 3506 quaeratur
1151 3408 1698 3485 ‘amicissimorum‘
1741 3421 1959 3502 quibus
1997 3422 2233 3503 syllabis
2271 3434 2529 3506 constet,
2574 3425 2893 3487 ediscimus
2939 3426 3187 3505 primam

580 3533 823 3594 brevem
879 3530 1233 3612 exemplo,{
1297 3541 1361 3592 ut
1425 3525 1752 3591 ‘nimium
1818 3529 2079 3591 dilexit
2143 3526 2502 3613 amicum’3
2568 3531 2888 3593 secundam
2954 3530 3187 3611 longam

579 3646 828 3700 accentu
887 3640 1245 3716 invenimus3
1312 3640 1544 3699 tertiam
1604 3636 1837 3718 longam
1891 3639 2217 3727 positione,
2278 3646 2547 3717 quartam
2611 3637 2852 3699 brevem
2917 3647 3188 3720 accentu,

578 3748 734 3827 quia,
771 3763 908 3808 cum
945 3744 1197 3808 dic-imus
1226 3738 1686 3827 ‘amicissimus',
1723 3743 2142 3824 paenultimam
2176 3763 2312 3805 cum
2345 3743 2510 3806 brevi
2537 3753 2787 3806 accentu
2826 3746 3188 3826 invenimus;
3216 3762 3273 3801 so

579 3853 844 3933 quintam
883 3861 1129 3915 accentu
1170 3853 1421 3933 longam.
1496 3851 1698 3914 ultima
1737 3870 1877 3913 vero
1916 3852 2107 3932 qualis
2145 3854 2247 3935 sit,
2293 3870 2401 3933 per
2437 3852 2699 3932 singulas
2735 3859 2936 3932 partes
2972 3854 3188 3913 oratio·

580 3961 672 4053 nis
720 3959 1181 4023 monstrabimus
1213 3963 1289 4023 .in
1337 3963 1563 4022 ratione
1611 3957 1896 4020 subiecta.

760 4102 824 4151 14
861 4096 959 4155 DE
995 4089 1247 4157 MEDuS
1285 4096 1637 4153 SYLLABIS
1676 4095 1826 4153 Serv.
1864 4094 1930 4150 dc
1963 4095 2117 4162 final.
2156 4099 2281 4162 451,
2316 4101 2352 4150 9

760 4228 793 4276 4
831 4221 1049 4278 enutrio
1087 4223 1187 4281 ςΡ
1343 4230 1374 4278 6
1413 4222 1586 4278 habel:
1622 4219 1674 4275 ci
1712 4220 1764 4273 L
1911 4219 2061 4275 colas
2099 4220 2429 4289 productam
2469 4219 2531 4274 F
2672 4226 2736 4275 12
2774 4220 3035 4291 designat
3073 4220 3191 4275 FL

579 4300 860 4372 significat
892 4301 946 4355 P
1052 4308 1118 4357 13
1158 4301 1415 4358 aedificio
1442 4301 1606 4369 LPf
1632 4297 1948 4355 aedificatio
1981 4296 2041 4351 F
2145 4304 2211 4353 15
2250 4299 2528 4371 positione
2557 4300 2845 4371 diptongis
2874 4302 3110 4355 accentu
3137 4301 3190 4354 L

689 4387 753 4436 17
785 4386 912 4451 post
948 4384 1139 4439 autem
1176 4382 1303 4438 add.
1344 4383 1430 4436 est
1466 4382 1487 4436 1
1653 4379 1828 4435 faciat
1863 4395 2000 4434 corr.
2037 4375 2175 4433 facit
2211 4378 2331 4433 LP
2512 4385 2575 4433 19
2614 4382 2700 4436 est
2734 4385 2864 4450 post
2900 4380 3189 4449 correptus

577 4477 678 4515 om.
712 4460 773 4514 F
901 4468 969 4516 22
1007 4462 1105 4517 ille
1145 4461 1207 4515 F
1238 4478 1376 4517 corr.
1412 4461 1518 4516 illa
1552 4462 1588 4528 f
1704 4475 1831 4512 cum
1869 4458 2114 4515 medium
2156 4457 2216 4512 F
2346 4464 2413 4514 2⁵
2451 4460 2640 4514 cetera
2675 4460 2865 4514 autem
2900 4459 3101 4515 melius
3137 4461 3190 4515 L

684 4547 754 4597 26
793 4542 853 4597 in
890 4541 1213 4612 trisyllabus
1248 4543 1307 4597 et
1342 4538 1734 4610 tetrasyllabas
1774 4521 1844 4592 1⁴*
1957 4538 2392 4594 considerandus
2429 4540 2514 4593 est
2550 4536 2901 4609 ePSmius,
2939 4539 3187 4595 conside-

579 4638 679 4677 ran
712 4625 720 4692 Ι
752 4624 841 4677 est
879 4621 940 4676 F
971 4620 1358 4679 considerandi
1395 4623 1526 4677 sunt
1563 4620 1617 4677 L
1761 4625 1829 4674 27
1871 4620 2111 4691 constet]
2150 4621 2197 4675 ει
2235 4622 2348 4676 stet
2388 4620 2449 4674 F
2587 4619 2911 4691 ediscimus]
2958 4622 3016 4675 et
3050 4618 3187 4674 dici·
3218 4690 3227 4699 ·

579 4721 702 4758 mus
737 4705 900 4773 vulyo
938 4702 1091 4770 apud
1128 4701 1380 4759 Servium
1558 4706 1627 4757 88
1665 4698 1922 4771 nimium]
1975 4700 2128 4769 Vera.
2167 4702 2305 4757 Aen.
2358 4700 2576 4759 VIIII
2608 4706 2718 4757 430
2888 4699 3186 4754 secundam

581 4799 707 4837 cum
746 4783 916 4853 longo
950 4783 1189 4837 accentu
1226 4796 1259 4839 ς
1412 4788 1476 4836 31
1519 4779 1721 4841 ultima
1757 4780 1811 4835 L
1856 4781 2108 4848 Servius,
2154 4775 2353 4835 ultimis
2392 4780 2515 4837 FP
2685 4786 2753 4834 32
2802 4779 3190 4835 monstmbunt

580 4861 827 4917 rationes
862 4860 1146 4917 subiectae
1183 4861 1406 4916 Servius
2100 4875 2119 4891 ⁶
