3613 5528
1351 427 1448 484 DE
1503 427 2016 483 DIFFERENTIIS
2865 426 2991 492 521

396 540 439 577 p.
468 529 591 569 2192.
619 528 725 569 2193
752 526 804 567 P.
1415 549 1418 554 -

571 613 780 675 Frater
817 622 878 674 et
923 632 1257 693 germanus
1351 615 1534 676 frater
1571 624 1672 676 aut
1709 634 1782 675 ex
1822 614 1930 675 alia
1970 622 2157 674 matre
2196 621 2297 674 aut
2335 631 2404 673 ex
2444 612 2557 674 alio
2592 622 2761 694 patre
2799 622 2997 693 potest

396 739 557 803 esse,
602 739 919 801 germanus
965 740 1037 782 ex
1082 721 1274 782 isdem
1318 720 1667 801 parentibus
1713 724 1791 783 sit
1837 739 2083 781 necesse
2132 731 2239 780 est.

576 826 784 889 Sermo
832 836 892 889 et
937 827 1206 908 loquella.
1290 846 1487 889 sermo
1552 830 1816 889 omnium
1880 830 2145 907 gentium
2210 835 2327 909 est,
2391 827 2641 907 loquella
2706 829 2997 907 cuiusque

398 936 590 1014 gentis
635 938 875 1015 propria
922 935 1219 1020 dialectos,
1262 929 1270 1018 Ι

314 1059 342 1099 ⁶
574 1041 785 1102 Comes
833 1051 892 1103 et
947 1042 1221 1103 adsecula
1278 1050 1338 1103 et
1392 1041 1611 1102 sodalis
1667 1048 1728 1102 et
1782 1040 1985 1102 cliens.
2077 1059 2278 1101 comes
2332 1043 2448 1102 iter
2502 1042 2670 1122 facit,
2725 1040 2997 1103 adsecula

397 1151 671 1227 sequitur
715 1151 1138 1230 potentiorem,
1185 1148 1402 1209 sodalis
1449 1149 1884 1210 adulescentiae
1933 1166 2147 1209 nomen
2195 1156 2313 1228 est,
2360 1148 2546 1209 cliens
2591 1168 2627 1205 *
2672 1152 2753 1210 ita
2799 1167 2999 1210 comes

400 1264 590 1337 tutuS,
636 1255 906 1317 adsecula
956 1257 1283 1336 officiosus,
1330 1254 1547 1316 sodalis
1592 1258 1844 1336 amicus»,
1891 1255 2076 1316 cliens
2123 1257 2492 1316 summissus

574 1362 762 1423 Causa
807 1372 867 1424 et
912 1366 1080 1423 ratio.
1172 1382 1346 1424 causa
1394 1364 1569 1425 docet
1616 1364 1793 1445 sacta,
1845 1365 1994 1424 ratio
2042 1361 2214 1422 solvit
2259 1360 2528 1423 obscura.

573 1469 801 1531 Nomen
847 1479 908 1531 et
954 1469 1318 1531 vocabulum.
1403 1488 1617 1531 nomen
1666 1471 1975 1550 proprium
2023 1467 2269 1551 indicat,
2324 1468 2673 1531 vocabulum
2722 1469 2999 1530 diffundit

319 1597 370 1635 ιο
398 1578 902 1656 significationem.

574 1683 792 1745 Horret
837 1693 897 1745 et
945 1683 1214 1764 trepidat.
1306 1682 1512 1745 horret
1559 1701 1805 1765 corpm,
1854 1683 2109 1763 trepidat
2154 1690 2350 1745 motus
2397 1686 2593 1745 animi.

577 1790 877 1862 Quaerere
925 1801 985 1852 et
1030 1793 1332 1871 inquirere
1374 1799 1434 1851 et
1472 1790 1828 1851 desiderare.
1922 1790 2263 1870 quaerimus
2310 1790 2706 1874 disciplinam,
2752 1793 2998 1872 inquiri-

399 1916 532 1958 mus
570 1898 642 1958 de
682 1917 799 1977 quo
839 1898 1202 1980 dubitamuS‚
1250 1898 1655 1958 desideramus
1695 1897 1784 1957 vel
1824 1897 1980 1977 quod
2020 1897 2317 1977 diligimus
2357 1897 2443 1958 vel
2485 1899 2642 1978 quod
2681 1901 2999 1960 amisimus.

575 2004 952 2067 Temerarius
1016 2016 1077 2068 et
1144 2005 1350 2067 audax.
1453 2007 1804 2066 temerarius
1877 2007 2005 2065 sine
2073 2014 2352 2085 respectu
2419 2006 2626 2068 salutis
2690 2004 2872 2068 obicit
2936 2025 3001 2067 se

318 2129 371 2171 ιε
399 2111 705 2193 periculis,
769 2113 955 2174 audax
1019 2115 1147 2175 sine
1215 2115 1441 2174 ratione
1496 2115 1783 2194 impetum
1841 2113 1996 2174 l'acit.
2088 2131 2230 2192 ergo
2286 2112 2474 2174 audax
2537 2132 2653 2173 non
2710 2111 3000 2193 providet,

399 2220 751 2280 temerarius
798 2238 918 2280 non
964 2222 1150 2282 timet.
1307 2289 1312 2294 ,

579 2324 849 2406 Longum
894 2336 956 2388 et
999 2327 1357 2407 longincum.
1450 2327 1689 2408 longum
1738 2326 2153 2406 praeverbium
2209 2336 2326 2409 est,
2382 2330 2578 2408 itaque
2626 2327 2873 2388 verbum
2919 2327 3002 2388 illi

399 2434 747 2512 opponitur:
792 2432 1132 2513 longincum
1177 2436 1411 2495 itineris
1459 2443 1566 2496 est.

575 2538 737 2599 Felix
776 2549 837 2601 et
876 2541 1226 2602 fortunatus,
1313 2541 1446 2601 felix
1488 2544 1568 2603 ita
1608 2550 1780 2602 natus
1820 2550 1936 2624 est,
1985 2542 2323 2603 fortunatus
2361 2559 2497 2602 cum
2536 2540 2748 2621 opibus
2787 2559 3001 2602 nomen

319 2666 374 2705 20
402 2648 642 2726 accipit:
689 2648 770 2708 ita
818 2646 951 2708 felix
1003 2655 1247 2708 naturae
1295 2647 1451 2709 bono
1500 2648 1746 2728 fruitur,
1795 2649 2130 2709 fortunatus
2177 2648 2485 2709 commodo
2533 2650 2833 2729 temporis,

577 2754 784 2815 Aestas
815 2763 873 2816 et
901 2763 1116 2817 aestus
1191 2764 1383 2817 aestas
1431 2764 1522 2817 est
1559 2775 1695 2837 pars
1733 2757 1898 2837 anni,
1935 2764 2141 2817 aestus
2179 2755 2339 2817 calor
2378 2753 2738 2836 [temporis].
2802 2763 3003 2817 aestus

400 2877 432 2919 a
479 2862 660 2921 nimio
707 2861 900 2923 calore
949 2880 1161 2923 nomen
1210 2865 1450 2945 accipit3
1506 2854 1699 2925 aestas
1756 2881 1971 2924 nomen
2021 2881 2136 2924 non
2185 2864 2440 2943 amittet,
2497 2865 2727 2924 etiamsi
2783 2873 3001 2942 tempe·

403 2976 527 3027 rata
572 2977 680 3028 est.

581 3074 771 3136 Citius
827 3085 888 3137 et
951 3077 1224 3138 celerius
1317 3080 1493 3139 citius
1557 3077 1972 3159 praeverbium
2038 3077 2333 3157 qualitatis
2396 3078 2747 3158 praelativae
2812 3077 3001 3138 simile

320 3200 375 3241 25
406 3184 771 3261 cognominis
818 3179 864 3261 †
910 3202 1020 3264 pro
1069 3194 1298 3246 matura
1344 3194 1436 3245 est
1482 3187 1658 3246 etiam
1705 3186 2157 3263 significantiam
2202 3183 2454 3266 habens,
2501 3184 2661 3247 velut
2706 3188 2823 3246 iam
2862 3185 3002 3245 fessi

400 3297 535 3348 ante
576 3298 809 3369 tempus
847 3308 912 3350 re
952 3291 1102 3353 sacta
1140 3301 1207 3352 ut
1242 3291 1521 3372 loquatur
1568 3309 1687 3352 non
1734 3290 1997 3353 ostendit
2042 3291 2366 3373 qualitatis,
2413 3290 2518 3353 sed
2568 3294 2866 3373 temporis
2944 3301 3004 3353 at

401 3394 673 3456 celeritas
719 3398 813 3456 sui
859 3400 1146 3478 temporis
1194 3406 1284 3458 est
1331 3399 1613 3479 perfecta.

580 3501 767 3563 Simul
816 3510 876 3564 et
923 3524 1054 3565 una.
1148 3506 1324 3568 simul
1371 3506 1565 3568 locum
1613 3506 2008 3586 demonstrat,
2055 3524 2170 3568 una
2219 3508 2755 3585 congregationem.

576 3609 918 3672 Comminus
973 3622 1034 3672 et
1088 3614 1335 3674 eminus.
1421 3617 1752 3675 comminus
1792 3614 2025 3688 qladiis
2061 3630 2434 3689 puqnamuS,
2501 3616 2733 3674 eminus
2778 3612 3004 3695 iaculis,

319 3735 375 3776 so
403 3718 538 3796 quia
583 3716 729 3778 illud
774 3736 806 3778 a
852 3718 1126 3781 manibus
1173 3739 1289 3782 non
1337 3721 1590 3804 recedit,
1635 3721 1748 3781 hoc
1799 3737 1832 3780 e
1881 3718 2152 3780 manibus
2199 3722 2508 3782 emittitur.

578 3877 609 3925 5
648 3831 910 3927 Interad
946 3874 1170 3929 saecula
1215 3875 1275 3942 (l.
1313 3874 1657 3945 adseculam)
1703 3877 1762 3930 et
1806 3873 2069 3929 comitem
2116 3875 2174 3928 et
2218 3874 2481 3929 clientem
2519 3914 2530 3925 .
2572 3873 2873 3929 adsaecula
2920 3877 3006 3929 est

402 3950 629 4006 humilis
666 3968 1026 4021 perseverans
1062 3953 1419 4024 adsequendo
1448 3953 1504 4023 (1.
1535 3970 1570 4009 a
1598 3954 1902 4023 sequendo)
1933 3971 2135 4009 nomen
2164 3955 2416 4022 trahens,
2455 3971 2640 4009 comes
2670 3955 2761 4008 vel
2789 3954 3004 4009 itineris

400 4031 731 4168 ῗέαὲωἱοιέε
759 4032 1116 4102 potentioris,
1147 4031 1318 4089 cliens
1347 4033 1667 4104 utirumque
1698 4037 1754 4102 (ι.
1785 4035 2106 4103 utrumque)
2135 4035 2249 4089 cod.
2272 4033 2450 4089 Mont.
2594 4039 2664 4088 29
2685 4032 3005 4089 Comminus

591 4118 671 4167 26
708 4118 800 4179 ,10

578 4263 609 4310 2
649 4272 716 4310 ex
751 4255 972 4310 hisdem
1009 4256 1076 4310 N
1212 4262 1245 4312 5
1283 4257 1548 4313 adsecula
1572 4258 1639 4312 N
1668 4257 1884 4313 assecla.
1911 4272 1945 4314 5
1983 4258 2160 4312 tribus
2195 4257 2327 4311 locis
2470 4262 2502 4310 6
2532 4255 2752 4311 sodales
2781 4256 3001 4310 adules-

401 4344 616 4399 centiae
653 4350 729 4398 ᾗῇ
766 4350 797 4400 ὂ
834 4344 1008 4400 ‘eliens
1046 4348 1130 4400 ita
1166 4363 1351 4402 comes
1379 4347 1446 4401 N
1465 4347 1673 4403 sodalis
1710 4344 2120 4402 adolescentiae
2149 4362 2349 4400 nomen
2378 4347 2465 4399 est
2493 4386 2507 4399 .
2537 4344 2709 4399 cliens
2737 4344 3005 4415 implorat

401 4442 565 4494 opem
601 4430 661 4481 et
693 4425 862 4480 fidem
898 4468 911 4481 .
948 4424 1033 4481 ita
1069 4442 1256 4481 comes
1292 4441 1327 4484 5
1453 4432 1486 4481 8
1526 4427 1693 4482 docet
1725 4427 1941 4481 factum
1977 4440 2011 4482 5
2142 4431 2207 4479 14
2244 4425 2571 4480 temerarius
2608 4424 2705 4494 qui
2741 4424 2860 4481 sine
2898 4441 2932 4483 5

404 4508 467 4558 1⁷
508 4503 869 4574 lonquincum
905 4505 971 4559 N
1000 4503 1366 4576 longinquum
1405 4521 1440 4564 5
1604 4512 1670 4562 18
1709 4507 2012 4577 opponitur
2056 4507 2419 4576 lonquincum
2467 4504 2694 4560 iteneris
2731 4505 2797 4558 N
2829 4521 3001 4575 appo-

402 4584 556 4638 nitur
592 4585 958 4655 longinquum
996 4583 1213 4640 itineris
1248 4600 1283 4643 5
1425 4592 1489 4640 21
1532 4588 1723 4642 aestus
1760 4604 1795 4641 a
1830 4586 2003 4642 nimio
2041 4587 2229 4642 calore
2265 4602 2468 4640 nomen
2500 4584 2719 4654 accepit
2746 4600 2778 4643 5
2815 4586 3003 4640 aestus

399 4663 572 4718 animi
607 4681 643 4718 a.
680 4665 861 4721 colore
899 4670 975 4721 ffii
1009 4665 1220 4737 accipit
1252 4667 1320 4720 N
1477 4672 1547 4721 24
1591 4667 1939 4737 praelat-duae
1986 4682 2020 4724 5
2056 4690 2127 4717 τπ-
2163 4666 2339 4722 latine
2394 4665 2611 4719 duabus
2663 4666 2886 4733 litteris,
2940 4671 3003 4721 ut

397 4745 705 4811 videbatur,
731 4745 915 4800 deletis
929 4746 995 4799 N
1087 4751 1154 4800 25
1173 4763 1272 4815 pro
1289 4749 1565 4800 maturum
1581 4749 1669 4801 est
1686 4763 1720 4805 5
1741 4790 1754 4803 .
1775 4753 2087 4816 corruptam
2104 4752 2417 4802 etmancam
2444 4746 2646 4800 codicis
2671 4746 3003 4814 scripturam

398 4825 622 4879 exhibui
762 4825 944 4898 velut]
982 4827 1047 4880 ut
1075 4841 1107 4884 5
1248 4833 1320 4881 26
1358 4843 1417 4880 re
1455 4826 1630 4897 facta]
1668 4828 1853 4882 refuta
1888 4828 2054 4882 editio
2090 4828 2433 4882 Ascua-sinna
2578 4832 2645 4879 29
2684 4824 3003 4881 Comminus

399 4906 459 4960 et
493 4905 710 4960 eminus
746 4904 944 4960 iaculis
988 4911 1053 4961 ut
1085 4906 1302 4961 videtur
1345 4906 1412 4960 N
1443 4905 1705 4963 Cominus
1741 4930 1755 4962 ε
1793 4907 1991 4962 iaculis
2028 4922 2063 4965 5
2101 4948 2115 4961 .
2150 4907 2522 4976 sufflementa
2549 4905 2811 4975 praebuit
2846 4907 3004 4960 Beda

506 5014 816 5045 ouum-101
844 5014 1015 5044 turm
1057 5015 1144 5045 vu.
1223 5046 1230 5055 ,
2507 5002 2577 5049 34
