3613 5528
615 371 750 439 5350
1094 347 1106 360 ‘
1797 371 2039 427 ΒΕΒΑΕ

615 485 658 522 p.
688 475 809 514 2372.
839 474 891 513 ⁷3
917 473 968 513 P.

615 558 876 638 Prosper
922 556 1341 636 conglutinatis

932 662 1097 725 huic
1143 662 1377 744 homo,
1423 665 1483 724 si
1528 670 1730 724 recte
1777 662 2193 745 famulatur,
2245 666 2616 744 proximus
2659 665 2937 728 haeret:

613 772 778 833 Maro
828 790 860 831 e
908 779 968 833 et
1012 772 1032 831 i
1080 772 1415 832 coniunctis
1608 755 1614 760 ’

933 877 1182 957 Tityre
1229 885 1614 956 pascentes
1660 897 1693 938 a
1740 877 2040 940 flumine
2088 881 2288 941 reice
2336 879 2681 960 capellaS,

616 984 772 1047 idem
819 984 959 1045 alibi
1006 985 1291 1046 seiunctis
1337 985 1500 1045 iuxta
1547 994 1818 1048 naturam
3256 1001 3284 1040 5

935 1093 1130 1152 reice
1177 1109 1260 1152 ne
1309 1091 1606 1152 maculis
1652 1093 1976 1154 infuscet
2022 1093 2295 1154 vellera
2340 1093 2580 1173 pullis.

615 1200 834 1280 iungit,
881 1200 939 1259 ni
988 1197 1174 1279 fallor,
1221 1206 1282 1259 et
1327 1197 1607 1258 Paulinus
1654 1198 1917 1280 easdem,
1964 1198 2067 1259 ubi
2113 1203 2195 1261 ait

935 1313 1043 1366 ast
1089 1304 1212 1366 alii
1258 1305 1479 1385 pictis
1525 1306 1939 1367 accendunt
1982 1307 2246 1368 lumina
2293 1310 2557 1389 cereiS,

620 1414 735 1473 nisi
782 1413 934 1473 sorte
984 1411 1281 1491 dactylum
1327 1414 1390 1471 in
1429 1411 1632 1473 ultima
1672 1430 1881 1474 versus
1918 1414 2162 1492 regione
2202 1421 2408 1475 contra
2446 1432 2673 1475 morem
2719 1416 2991 1494 posuisse
3030 1414 3230 1476 dicen-

614 1520 728 1582 dus
773 1529 882 1581 est.
3261 1538 3315 1575 ιο

808 1626 1043 1707 Recipit
1098 1634 1157 1687 et
1211 1644 1243 1685 r
1305 1625 1500 1687 littera
1556 1625 1914 1687 solutionem
1971 1629 2238 1706 quamvis
2294 1627 2504 1690 ordine
2563 1628 2851 1690 dissimili.
2932 1627 3015 1689 ihi
3071 1630 3234 1689 enim

618 1734 885 1795 discissis
940 1734 1062 1793 sive
1120 1732 1540 1811 conglutinatis
1587 1733 1887 1795 vocalibus
1935 1733 2152 1813 syllaba
2214 1743 2420 1796 contra
2468 1744 2737 1797 naturam
2784 1744 2887 1798 aut
2939 1736 3235 1798 adcrescit

616 1850 717 1903 aut
771 1843 1000 1922 interit3
1059 1841 1157 1903 hic
1213 1849 1410 1902 autem
1468 1859 1536 1904 ea
1591 1841 1776 1904 vocali
1832 1860 1983 1921 quae
2040 1860 2411 1921 nequaquam
2469 1842 2763 1923 adscripta
2820 1851 2912 1904 est
2966 1844 3028 1904 in
3086 1859 3233 1902 sono

615 1949 776 2009 vocis
823 1947 1135 2028 adsumpta
1184 1967 1366 2027 super
1412 1947 1760 2009 adcrescere
1810 1956 2039 2010 tantum
2086 1947 2306 2027 syllaba
2355 1932 2690 2031 consuevit,
2736 1958 2805 2011 ut

932 2054 1046 2116 illi
1093 2056 1442 2117 continuo
1490 2063 1821 2116 statuunt
1866 2062 1977 2116 ter
2022 2055 2200 2116 dena
2248 2057 2559 2136 argenti,
3257 2069 3311 2111 15

616 2171 677 2224 et
723 2161 1007 2224 Paulinus

935 2277 1005 2331 et
1050 2271 1268 2348 spatii
1314 2286 1620 2348 coepere
1670 2277 1740 2329 et
1785 2266 2123 2330 culminis
2169 2269 2643 2349 incrementa,

613 2383 675 2435 et
721 2393 932 2436 rursus

934 2483 1038 2544 sic
1083 2499 1334 2562 prope,
1380 2483 1482 2542 sic
1530 2482 1744 2561 longe
1792 2484 1932 2544 sita
1979 2481 2295 2544 culmina
2339 2481 2839 2564 respergebat,

615 2597 677 2649 et
724 2588 996 2650 Prudens
1042 2590 1103 2648 in
1149 2587 1609 2668 Psychomachia
3257 2606 3312 2646 20

617 2810 678 2863 et
723 2802 879 2864 idem
925 2807 986 2865 in
1035 2802 1240 2865 eadem

933 2912 1241 2992 palpitat
1285 2921 1498 2991 atque
1546 2911 1742 2973 aditu
1791 2913 2210 2993 spiraminis
2255 2915 2678 2993 intercepto.

617 3024 816 3097 neque
860 3020 1127 3081 enim’in
1175 3021 1381 3100 quinta
1428 3021 1669 3098 regione
1708 3037 1916 3082 versus
1962 3019 2187 3081 heroici
2233 3020 2565 3101 spondeum
2601 3038 2824 3101 ponere
2862 3022 3047 3083 moris
3085 3027 3230 3081 erat.

617 3124 719 3184 sed
768 3126 848 3186 ita
896 3134 1092 3188 tamen
1140 3146 1348 3188 versus
1383 3127 1574 3188 'huius
1621 3126 1780 3188 modi
1827 3125 1962 3187 illos
2000 3126 2285 3188 scandere
2323 3126 2581 3189 voluisse
2620 3145 2775 3210 reor,
2820 3136 2889 3189 ut
2934 3127 3129 3188 addita
3164 3130 3229 3189 in
3256 3145 3307 3184 2⁵

615 3250 761 3292 sono
800 3231 1002 3315 vocali,
1041 3252 1217 3314 quam
1257 3251 1375 3294 non
1417 3233 1786 3325 scribebant,
1825 3232 2091 3315 dactylus
2126 3236 2326 3314 potius
2366 3252 2543 3314 quam
2586 3233 2885 3315 spondeus
2928 3237 3231 3314 existeret,

615 3337 779 3399 verbi
833 3342 1021 3419 gratia
1074 3341 1457 3422 intericepto,
1508 3337 1516 3419 Ι
1567 3342 1996 3427 incerementa‚
2061 3340 2476 3424 interefectae,
2542 3340 2949 3422 resperigebat
3003 3349 3065 3403 et
3122 3360 3231 3422 per

616 3446 973 3525 synalipbam
1035 3446 1423 3527 denarigenti.
1508 3446 1667 3526 quod
1727 3446 1860 3507 ideo
1922 3448 2107 3526 magis
2163 3465 2193 3507 r
2240 3447 2436 3509 littera
2495 3467 2670 3529 quam
2730 3457 2964 3509 ceterae
3022 3467 3229 3509 conso·

617 3559 824 3613 nantes
869 3555 1110 3634 patitur,
1157 3556 1295 3633 quia
1340 3572 1491 3633 quae
1542 3553 1751 3616 durius
1813 3553 2159 3615 naturaliter
2198 3563 2369 3615 sonat
2414 3555 2622 3641 durior
2660 3555 2935 3636 efficitur,
2982 3574 3120 3615 cum
3156 3554 3229 3615 ab

617 3658 746 3720 aliis
795 3660 1256 3722 consonantibus
1304 3663 1625 3742 excipitur3
1672 3668 1849 3740 atque
1897 3660 2030 3722 ideo
2080 3680 2262 3723 sonus
2311 3665 2365 3723 ei
2413 3661 2628 3723 vocalis
2676 3661 3011 3743 adponitur,
3057 3664 3229 3723 cuius
3258 3678 3313 3717 ao

616 3774 1083 3847 temperamento
1114 3769 1241 3830 eius
1278 3768 1569 3848 levigetur
1598 3769 1904 3853 asperitas
1961 3767 2119 3847 quod
2160 3770 2336 3830 etiam
2377 3771 2437 3830 in
2470 3768 2780 3831 cantilenis
2809 3768 3230 3830 ecclesiasticis

615 3891 792 3952 saepe
837 3875 899 3934 in
947 3874 1154 3936 eadem
1192 3894 1223 3936 r
1269 3875 1465 3938 littera
1512 3877 1708 3936 facere
1757 3882 2126 3936 consuerunt
2170 3878 2274 3955 qui
2320 3876 2671 3957 antiphonas
2711 3875 2802 3936 vel
2851 3877 3229 3955 responsoria

618 3979 706 4039 vel
754 3988 952 4041 cetera
998 3981 1410 4064 huiusmodi,
1457 4001 1608 4063 quae
1657 4000 1794 4043 cum
1844 3981 2096 4044 melodia
2142 3982 2442 4061 dicuntur,
2489 3984 2604 4044 rite
2651 3983 2850 4044 dicere
2900 3991 3137 4043 norunt.

798 4131 824 4178 1
866 4126 1280 4196 conglutinatas
1318 4128 1373 4182 L
1549 4134 1584 4183 4
1620 4129 1803 4196 tetyre
1843 4126 1927 4181 F:
1975 4127 2131 4199 Ver-9.
2170 4130 2341 4184 bucol.
2381 4134 2434 4195 3,
2470 4133 2573 4184 96:
2610 4127 2679 4193 cf.
2717 4127 2932 4181 Audax
2967 4127 3033 4182 de
3065 4126 3230 4197 sylla·

621 4205 705 4259 bis
732 4221 793 4274 12·
834 4210 869 4260 9
1033 4212 1066 4261 5
1101 4206 1260 4262 iuxta
1294 4210 1552 4264 naturam
1589 4205 1854 4263 seiunctis
1893 4208 1947 4261 L
2119 4215 2150 4263 6
2187 4208 2358 4280 reice]
2409 4208 2564 4278 Verq.
2600 4223 2778 4278 μεως.
2816 4207 2943 4261 ΙΙΙ
2977 4212 3088 4262 389

615 4291 648 4339 8
685 4283 867 4354 pictas
904 4285 957 4339 L
1089 4287 1397 4343 accendant
1434 4287 1496 4341 F
1600 4287 1767 4342 certis
1804 4303 1941 4342 corr.
1981 4288 2158 4342 cereis
2196 4286 2263 4341 F
2381 4293 2449 4342 14
2484 4289 2708 4343 tantum
2746 4286 2867 4341 FL
2902 4288 3093 4341 tamen
3130 4302 3163 4344 ς
3182 4287 3236 4340 Ρ

724 4370 788 4420 15
829 4365 1070 4436 erigenti
1107 4366 1171 4419 F
1329 4372 1395 4421 17
1433 4368 1810 4423 incetementa
1850 4368 1911 4422 F
2061 4374 2126 4422 19
2165 4367 2546 4439 resperigebat
2583 4368 2756 4423 deleta
2789 4368 2812 4421 i
2849 4368 3033 4422 littera
3068 4366 3130 4419 1⁴*

617 4451 681 4498 21
721 4446 864 4500 haec
900 4461 1001 4500 om.
1040 4446 1176 4513 FP,
1211 4448 1336 4503 add.
1377 4447 1430 4501 L
1572 4446 1923 4503 interifectae
1962 4445 2025 4500 F
2172 4452 2240 4501 23
2279 4446 2465 4503 aditus
2504 4448 2560 4501 P
2694 4446 3029 4516 intericepto
3068 4446 3129 4500 F

617 4530 685 4579 25
724 4525 978 4580 additam
1005 4525 1064 4581 in
1095 4544 1230 4583 sono
1260 4527 1513 4582 uocalem
1542 4527 1595 4581 L
1704 4533 1771 4581 26
1810 4527 2087 4596 spondeus
2119 4525 2383 4582 existeret
2410 4529 2464 4582 L
2501 4528 2765 4584 existeret
2798 4527 3076 4598 spondeus
3105 4526 3236 4580 FP

726 4611 793 4660 27
830 4606 1012 4676 verbi]
1062 4608 1236 4663 uerba.
1271 4606 1333 4660 F
1507 4605 1852 4679 interecepto
1899 4607 2274 4662 interementa.
2308 4608 2362 4661 L
2543 4616 2610 4664 28
2660 4607 3017 4663 consonantis
3068 4606 3128 4660 F

618 4691 686 4738 29
725 4684 941 4755 patitur
976 4686 1030 4739 L
1067 4685 1358 4756 patiuntur
1396 4685 1523 4741 FP
1645 4704 1790 4756 quae
1830 4687 2021 4741 durius
2058 4688 2112 4741 L
2152 4704 2295 4756 quae
2332 4687 2555 4743 durium
2594 4688 2655 4742 F
2691 4700 2833 4757 quae
2861 4688 2997 4743 dure
3036 4703 3069 4746 ς
3081 4687 3136 4740 Ρ

618 4769 684 4817 31
730 4765 1029 4837 levigetur]
1073 4765 1263 4836 leuiga
1299 4769 1359 4822 et
1397 4764 1458 4821 F
1594 4773 1663 4821 32
1701 4785 1729 4820 r
1765 4784 1866 4822 om.
1905 4768 1985 4834 L,
2025 4769 2152 4823 add.
2190 4767 2315 4821 FP
2449 4768 2740 4822 antefanas
2776 4768 2839 4823 F
2977 4774 3045 4822 33
3084 4784 3231 4837 quae

619 4863 747 4900 cum
783 4845 1028 4904 melodia
1064 4847 1117 4900 L
1154 4864 1297 4917 quae
1335 4846 1579 4902 melodia
1615 4847 1671 4899 P
1700 4863 1845 4917 quae
1882 4863 2009 4901 cum
2046 4847 2292 4903 melodia
2329 4847 2421 4902 uel
2460 4850 2647 4905 cetera
2685 4847 2747 4903 F
