3613 5528
1396 403 1536 458 ARS
1574 402 2065 459 GRAMMATICA
2892 402 3020 467 381

424 511 469 548 ι».
502 504 565 543 ιι.
591 504 642 543 ιε
670 503 732 544 Η.

1518 583 1637 649 DE
1696 582 1928 651 VOCE

602 729 723 791 Vox
769 739 861 793 est
905 737 1008 792 aer
1054 733 1210 792 ictus
1256 731 1551 794 sensibilis
1597 731 1830 814 auditu,
1877 739 2162 812 quantum
2206 733 2269 793 in
2308 733 2437 813 ipso
2475 740 2583 793 est.
2673 733 2866 793 omnis
2911 751 3023 793 vox

424 846 527 900 aut
578 837 887 900 articulata
943 849 1034 900 est
1094 849 1195 900 aut
1249 839 1511 900 confusa.
1603 837 1912 900 articulata
1975 846 2066 900 est
2124 856 2274 919 quae
2328 837 2544 901 litteris
2600 839 3021 921 comprehendi

423 954 646 1028 potest3
693 947 937 1008 confusa
984 953 1075 1008 est
1121 964 1271 1026 quae
1319 945 1500 1007 scribi
1546 965 1665 1007 non
1709 939 1959 1030 potest}

344 1176 371 1216 5
1038 1155 1043 1162 ·
1445 1137 1564 1205 DE
1610 1137 1990 1205 LITTERA

598 1285 821 1349 Littera
860 1294 952 1348 est
979 1286 1336 1349 elementum
1365 1288 1526 1348 vocis
1555 1286 1915 1350 articulatae.
1990 1286 2348 1350 elementum
2386 1296 2479 1349 est
2516 1288 2693 1349 unius
2731 1289 3020 1367 cuiusque

424 1395 511 1454 rei
555 1396 821 1477 initium,
865 1414 897 1456 a
945 1414 1063 1476 quo
1110 1396 1365 1456 sumitur
1410 1397 1847 1457 incrementum
1893 1403 1954 1456 et
1997 1397 2060 1456 in
2106 1394 2264 1475 quod
2320 1394 2653 1456 resolvitur.
2745 1394 3024 1456 accidunt

423 1503 527 1561 uni
580 1502 796 1582 cuique
853 1506 1095 1564 litterae
1148 1519 1363 1563 nomen
1411 1504 1623 1577 fiqura
1678 1510 1957 1581 potestas
2058 1520 2274 1562 nomen
2339 1511 2433 1563 est
2495 1520 2612 1581 quo
2677 1500 3022 1583 appellatur,

423 1609 607 1688 figura
654 1627 770 1689 qua
817 1617 1083 1691 notatur,
1129 1615 1391 1688 potestas
1438 1626 1552 1687 qua
1601 1606 1767 1669 valet.
1841 1607 2171 1670 litterarum
2212 1619 2352 1670 sunt
2388 1607 2532 1669 aliae
2570 1608 2830 1690 vocales,
2875 1607 3020 1669 aliae

346 1741 396 1778 ιο
425 1726 833 1777 consonantes.
924 1716 1154 1777 vocales
1210 1725 1351 1778 sunt
1396 1734 1545 1796 quae
1601 1734 1711 1796 per
1766 1734 1831 1777 se
1883 1716 2274 1797 proferuntur
2330 1723 2391 1777 et
2444 1735 2552 1796 per
2607 1733 2671 1777 se
2725 1717 3022 1794 syllabam

424 1823 616 1884 facere
661 1832 930 1903 possunt.
1023 1831 1162 1884 sunt
1207 1833 1405 1886 autem
1450 1841 1700 1885 numero
1748 1821 1813 1905 V,
1860 1841 1891 1883 a
1939 1842 1971 1884 e
2018 1825 2039 1885 i
2085 1843 2120 1885 o
2169 1843 2225 1886 u.
2316 1842 2388 1884 ex
2434 1823 2528 1885 his
2575 1822 2751 1904 duae,
2798 1825 2820 1883 i
2866 1830 3020 1904 ctu,

423 1937 750 2012 transeunt,
795 1933 855 1992 in
894 1932 1345 1992 consonantium
1382 1937 1754 2011 potestatem,
1800 1948 1936 1991 cum
1974 1941 2076 1992 aut
2122 1933 2282 2011 ipsae
2329 1932 2485 1991 inter
2532 1949 2595 1991 se
2643 1932 3021 2010 geminantur

421 2046 522 2098 aut
568 2054 702 2098 cum
749 2036 877 2099 aliis
933 2037 1234 2099 vocalibus
1290 2038 1758 2118 coniunguntur,
1833 2036 2015 2097 veluti
2068 2036 2214 2099 Iuno
2271 2044 2449 2098 vateS.
2560 2038 3012 2098 consonantium

421 2145 650 2225 species
688 2151 780 2205 est
815 2143 1047 2225 duplex.
1139 2152 1281 2206 sunt
1316 2146 1472 2205 enim
1511 2141 1656 2204 aliae
1695 2142 2100 2225 semivocale3‚
2146 2142 2290 2204 aliae
2328 2152 2544 2205 mutae.
2636 2143 3015 2207 semivocales

599 2316 779 2375 Codex
815 2317 1206 2389 Sanqanemis.
1281 2323 1312 2371 2
1351 2317 1561 2386 quanto
1704 2321 1738 2370 8
1776 2315 2001 2371 litterae
2037 2332 2239 2371 nomen
2275 2316 2455 2388 figura
2489 2332 2589 2372 om.
2746 2321 2814 2371 10
2850 2316 3017 2387 sylla·

420 2400 549 2455 bam
584 2416 687 2455 om.
833 2405 898 2455 12
936 2416 1062 2454 cum
1099 2400 1287 2454 autem
1323 2396 1443 2467 ipse

600 2569 625 2616 1
666 2560 763 2615 DE
801 2558 990 2616 VOCE
1028 2559 1175 2613 Don.
1208 2576 1268 2628 p.
1306 2563 1471 2626 36⁷‚4
1622 2562 1659 2612 ὅ
1692 2556 1787 2611 DE
1826 2556 2172 2628 LITTERA]
2234 2557 2421 2614 Diom.
2454 2576 2514 2629 p.
2550 2563 2752 2626 421‚15
2802 2557 3014 2614 Charis.

409 2660 470 2712 p.
512 2647 599 2709 7,5
634 2641 783 2696 Don.
811 2657 875 2710 p.
912 2644 1104 2707 367,9=
1142 2639 1211 2706 cf.
1253 2639 1407 2694 Mar.
1457 2638 1655 2695 Victor.
1685 2655 1748 2708 p.
1787 2642 1914 2707 5,14
1961 2637 2163 2694 Victor.
2193 2655 2255 2708 p.
2292 2643 2452 2706 195,1
2491 2639 2704 2695 Audax
2721 2656 2782 2709 p.
2812 2643 3016 2706 325,14

1404 2842 1631 2904 ΠΕΡΙ
1675 2843 1883 2905 ΦΩΝ
1883 2843 2023 2905 ΗΣ

598 2978 801 3068 Φωνή
848 2981 1029 3050 ἐστιν
1074 2977 1203 3069 ἀὴρ
1248 2976 1597 3067 πεπληγὼς
1642 2978 1967 3067 αἰσθητὸς
2018 2976 2188 3069 ἀκοῇ
2201 3032 2220 3067 ,
2274 2977 2350 3049 τὸ
2407 2977 2574 3048 ὅσον
2630 2976 2737 3066 ἐφ’
2800 2979 3013 3069 ἑαυτῷ

417 3094 614 3158 ἔστιν.
702 3091 880 3156 πᾶσα
926 3086 1122 3175 φωνὴ
1170 3083 1211 3174 ἢ
1268 3085 1602 3174 ἔναρθρός
1655 3088 1837 3155 ἐστιν
1893 3081 1933 3174 ἢ
1988 3084 2351 3173 ἄναρθρος.
2443 3084 2779 3174 ἔναρθρός
2831 3088 3014 3155 ἐστιν

416 3192 457 3284 ἢ
493 3195 875 3284 γράμμασιν
910 3198 1426 3282 καταληφθῆναι
1464 3193 1775 3263 δύναται·
1823 3192 2173 3282 ἄναρθρός
2217 3197 2397 3263 ἐστιν
2443 3192 2587 3282 ἥτις
2629 3192 3013 3280 γράφεσθαι

364 3330 390 3371 5
419 3301 499 3372 οὐ
545 3302 847 3372 δύναται.
878 3302 888 3393 Ι

1278 3504 1505 3566 ΠΕΡΙ
1562 3492 1968 3577 ΓΡΑΜΜΑ
1977 3503 2173 3566 ΤΩΝ

590 3641 873 3732 Γράμμα
918 3643 1100 3713 ἐστὶν
1148 3656 1477 3731 στοιχεῖον
1525 3645 1757 3729 φωνῆς
1803 3639 2166 3729 ἐνάρθρου.
2258 3638 2590 3728 στοιχεῖόν
2634 3640 2815 3709 ἐστιν
2862 3637 3015 3719 ἑνὸς

414 3748 695 3819 ἑκάστου
738 3752 1119 3838 πράγματος
1162 3748 1363 3837 ἀρχή,
1418 3746 1573 3837 παρ’
1628 3739 1709 3818 οὗ
1763 3747 2170 3837 λαμβάνεται
2227 3745 2303 3817 τὸ
2361 3746 2701 3834 ἐπαύξημα
2755 3746 2867 3814 καὶ
2920 3750 3014 3826 εἰς

414 3853 450 3925 ὃ
516 3855 889 3927 ἀναλύεται.
998 3862 1350 3945 συμβαίνει
1425 3854 1602 3941 [ἀντὶ
1665 3860 1816 3940 τοῦ]
1892 3856 1994 3924 ἑνὶ
2068 3853 2316 3946 ἑκάστῳ
2389 3853 2715 3941 γράμματι
2794 3851 3012 3941 ὄνομα

335 3994 386 4033 ιο
413 3968 628 4053 σχῆμα
667 3965 972 4053 δύναμις.
1063 3962 1278 4053 ὄνομά
1317 3966 1496 4033 ἐστιν
1534 3955 1586 4055 ᾧ
1624 3961 2218 4051 προσαγορεύεται,
2256 3965 2473 4049 σχῆμα
2511 3953 2563 4052 ᾧ
2602 3963 3010 4049 σημειοῦται,

413 4071 698 4160 δύναμις
747 4063 790 4162 ᾗ
848 4071 1076 4160 ἰσχύει.
1167 4074 1302 4141 τῶν
1358 4069 1764 4159 γραμμάτων
1822 4070 1994 4138 εἰσὶν
2045 4067 2126 4139 τὰ
2181 4067 2303 4156 μὲν
2359 4066 2743 4155 φωνήεντα,
2797 4065 2878 4135 τὰ
2934 4066 3010 4136 δὲ

413 4179 744 4268 σύμφωνα
790 4233 804 4248 .
852 4178 1209 4267 φωνήεντά
1257 4181 1436 4248 ἐστιν
1484 4174 1526 4246 ἃ
1570 4174 1729 4246 καθ’
1783 4175 1983 4246 ἑαυτὰ
2021 4179 2412 4263 ἐκφωνεῖται
2458 4174 2569 4242 καὶ
2604 4172 2762 4243 καθ’
2807 4173 3010 4243 ἑαυτὰ

412 4287 753 4375 συλλαβὴν
797 4291 1071 4374 ποιῆσαι
1120 4285 1420 4356 δύναται.
1510 4290 1689 4353 ἔστιν
1738 4283 1813 4352 δὲ
1856 4281 1977 4353 τὸν
2023 4280 2322 4370 ἀριθμὸν
2363 4283 2597 4368 πέντε,
2644 4308 2687 4349 α
2732 4307 2764 4349 ε
2807 4307 2850 4369 η
2899 4310 2923 4350 ι
2971 4308 3007 4349 ο

411 4420 465 4461 ω
503 4420 601 4462 ου.
692 4395 763 4462 ἐκ
799 4390 1060 4462 τούτων
1096 4391 1220 4461 δύο
1392 4395 1817 4480 μετέρχονται
1845 4395 1940 4471 εἰς
1964 4391 2089 4478 τὴν
2115 4393 2251 4459 τῶν
2282 4387 2668 4478 συμφώνων
2699 4386 3009 4476 δύναμιν,

332 4530 383 4570 1⁵
412 4496 607 4569 ὁπότε
644 4496 687 4588 ἢ
725 4498 891 4569 αὐτὰ
930 4505 1025 4581 εἰς
1051 4498 1304 4587 ἄλληλα
1333 4498 1680 4586 ζεύγνυται
1707 4494 1749 4585 ἢ
1779 4495 1941 4586 μετὰ
1969 4496 2191 4566 ἄλλων
2220 4496 2605 4585 φωνήεσσιν
2638 4494 3006 4582 ζεύγνυται,

410 4601 558 4675 οἷον
699 4660 714 4674 .
759 4610 897 4675 τω”ν
941 4605 1327 4694 συμφω’νων
1372 4604 1448 4674 τὸ
1497 4603 1678 4686 εἶδός
1731 4607 1912 4674 ἐστιν
1970 4608 2273 4674 διπλοῦν.
2364 4609 2544 4672 ἔστιν
2602 4601 2730 4690 γὰρ
2786 4598 2828 4669 ἃ
2885 4600 3008 4689 μὲν

409 4710 753 4802 ἡμίφωνα,
799 4710 841 4781 ἃ
872 4713 946 4782 δὲ
974 4712 1232 4801 ἄφωνα.
1324 4711 1639 4802 ἡμίφωνά
1677 4715 1859 4782 ἐστιν
1905 4709 1947 4781 ἃ
1993 4709 2151 4780 καθ’
2196 4709 2396 4782 ἑαυτὰ
2432 4710 2554 4799 μὲν
2591 4713 3005 4798 ἐκφωνεῖται,

589 4900 653 4949 13
691 4894 965 4949 δύνανται
1107 4900 1175 4949 15
1211 4887 1385 4965 αὐτά]
1423 4912 1566 4962 αυτη
