3613 5528
1350 468 1448 522 DE
1488 467 2068 524 ORTHOGRAPHIA
2885 464 3016 531 209

403 584 447 621 p.
474 569 582 609 2320
609 568 657 608 P.

579 652 857 733 Harpyia,
903 651 1061 732 quod
1108 669 1386 730 graecum
1433 671 1650 715 nomen
1697 662 1814 735 est,
1858 672 1969 733 per
2014 672 2050 733 y
2095 668 2374 733 graecum
2420 658 2710 732 sequente
2756 652 2776 712 i
2822 649 3012 712 latino

406 759 783 821 scribendum
831 767 949 840 est,
989 758 1000 834 Ι
1041 760 1317 837 quoniam
1365 758 1518 838 apud
1568 777 1671 820 eos
1715 780 1786 820 υι
1834 758 2242 838 diphthongon
2291 766 2398 819 est.

583 867 722 948 Ara,
781 885 916 927 cum
964 865 1149 926 altare
1209 866 1526 948 significat,
1583 869 1709 928 sine
1757 866 2189 948 adspiratione,
2248 883 2383 927 cum
2429 884 2571 927 vero
2620 863 2815 926 cubile
2870 882 3010 944 por-

409 990 639 1054 corum,
684 991 823 1034 cum
868 972 1266 1051 adspiratione
1314 972 1714 1034 scribendum.

353 1128 382 1166 ⁵
1468 1127 1952 1195 CONOLVSIO

583 1257 967 1338 Congregatis
1033 1260 1244 1338 igitur,
1314 1277 1463 1338 quae
1525 1278 1632 1338 per
1693 1277 1874 1339 supra
1934 1258 2125 1319 dictos
2185 1257 2622 1339 orthographos
2680 1259 3017 1350 necessario

413 1366 641 1443 repperi
688 1366 872 1426 fuisse
912 1366 1276 1444 conscripta,
1325 1383 1482 1425 nunc
1522 1365 1696 1426 linem
1743 1364 1880 1425 libri
1920 1365 2158 1425 domino
2196 1368 2432 1427 iuvante
2471 1367 2770 1427 faciamus
2845 1365 3021 1426 datur

412 1470 566 1530 enim
610 1471 872 1552 intellegi
917 1490 1044 1532 rem
1092 1472 1268 1532 nimis
1314 1472 1519 1531 utilem
1570 1471 1781 1551 fuisse,
1829 1489 1979 1550 quae
2027 1478 2116 1531 tot
2161 1490 2227 1532 ac
2276 1474 2455 1533 tantis
2500 1472 2845 1534 auctoribus
2884 1489 3017 1550 cog·

411 1579 674 1638 noscitur
721 1596 853 1639 esse
899 1585 1176 1658 tractata,
1231 1580 1536 1661 quoniam,
1593 1578 1788 1670 siquid
1846 1596 1878 1654 a
1935 1577 2239 1657 prioribus
2284 1582 2775 1658 praetermissum
2820 1584 2938 1658 est,
2988 1595 3021 1637 a

333 1699 381 1736 10
410 1682 796 1762 sequentibus
842 1692 1075 1746 constat
1120 1684 1444 1764 impletum.
1519 1687 1859 1746 meminisse
1906 1696 2104 1746 autem
2152 1683 2438 1746 debemus
2485 1686 2835 1765 frequenter
2880 1687 3019 1745 arti-

408 1789 659 1869 graphos
707 1790 780 1851 de
818 1790 1237 1871 orthographia
1276 1799 1560 1853 tractasse
1597 1800 1660 1853 et
1703 1794 1923 1853 iterum
1962 1790 2392 1871 orthographos
2429 1792 2503 1852 de
2543 1794 2802 1871 partium
2838 1789 3016 1852 decli·

409 1898 643 1957 natione
703 1897 1083 1977 disseruisse,
1146 1917 1280 1959 cum
1338 1906 1534 1958 tamen
1593 1915 1691 1958 res
1747 1897 1859 1959 sibi
1920 1915 2253 1976 repugnare
2315 1897 2641 1959 videantur.
2717 1916 2815 1957 ars
2861 1899 3022 1957 enim

411 2010 620 2065 tractat
665 2005 737 2065 de
785 2008 1046 2085 partium
1093 2004 1519 2087 declinatione,
1565 2004 1983 2086 orthographia
2030 2023 2169 2064 vero
2216 2022 2393 2083 quem
2432 2004 2504 2065 ad
2550 2003 2791 2065 modum
2840 2002 3022 2064 scribi

410 2108 621 2171 debeat
657 2111 951 2193 designat,
989 2112 1146 2191 quod
1187 2114 1443 2191 partium
1483 2111 1796 2173 declinatio
1837 2111 2051 2172 decora
2091 2112 2372 2189 repperit.
2427 2110 2541 2171 hoc
2579 2112 2630 2170 si
2668 2112 2727 2170 in
2767 2111 3021 2170 auctori-

333 2231 384 2270 15
412 2215 527 2277 bus
573 2236 808 2298 semper
855 2218 1212 2299 intenderiS,
1269 2227 1334 2279 ut
1388 2237 1497 2298 pro
1553 2217 1697 2279 locis
1745 2220 1871 2278 suis
1926 2219 2117 2297 posita
2163 2215 2477 2295 diligenter
2523 2218 2803 2297 accipiaS,
2860 2215 3021 2275 nullo

408 2341 615 2384 errore
662 2324 1009 2404 fatigaberis.
1089 2344 1249 2386 nunc
1297 2328 1524 2386 animos
1570 2325 1837 2406 legentes
1883 2327 2093 2403 erigite
2139 2333 2201 2385 et
2255 2322 2506 2402 gaudete
2556 2330 2751 2383 tantos
2799 2323 2871 2382 ad
2916 2339 3023 2382 vos

406 2431 638 2509 priscos
674 2434 1015 2510 pervenisse
1045 2439 1337 2513 auctoreS,
1370 2440 1435 2491 ut
1471 2434 1559 2493 eis
1588 2432 1835 2492 credere
1871 2430 2197 2492 indubitata
2226 2438 2426 2490 mente
2454 2429 2736 2491 debeatis
2785 2446 3021 2508 possem

407 2535 646 2614 quidem
684 2538 956 2617 Aquilam
1001 2547 1062 2599 et
1099 2536 1556 2618 Quintilianum,
1603 2537 1707 2598 sed
1749 2546 1808 2598 et
1846 2538 2107 2615 Avitum,
2154 2555 2305 2615 quos
2350 2556 2470 2597 non
2521 2535 2668 2598 nulli
2714 2538 2774 2597 in
2823 2534 3021 2596 ortho-

405 2644 683 2724 graphiae
731 2648 940 2725 peritia
980 2644 1304 2705 laudandos
1343 2662 1472 2704 esse
1519 2653 1906 2725 putaverunt,
1953 2663 2104 2723 quos
2144 2653 2337 2704 tamen
2376 2651 2659 2704 venturos
2696 2645 2758 2704 in
2798 2640 3019 2701 Christi

331 2766 380 2804 20
409 2754 644 2814 nomine
684 2752 993 2815 celerrime
1035 2752 1426 2833 sustinemuS,
1470 2750 1881 2831 superioribus
1919 2749 2263 2812 auctoribus
2301 2750 2535 2812 addere.
2610 2749 2713 2811 sed
2752 2766 3022 2810 necessa—

297 2890 310 2905 ·
407 2861 565 2919 rium
612 2877 729 2919 non
775 2866 870 2920 est
916 2856 1224 2937 multiplici
1262 2876 1510 2918 numero
1548 2858 1689 2918 dare
1734 2859 2059 2939 licentiam,
2105 2877 2242 2919 cum
2281 2876 2398 2919 non
2437 2860 2558 2918 sint
2593 2859 2834 2918 omnino
2881 2855 3022 2916 defi-

408 2967 516 3026 niti
581 2969 786 3045 quanti
842 2965 915 3025 de
971 2965 1177 3025 eadem
1232 2982 1298 3024 re
1345 2963 1609 3025 scribere
1657 2965 2010 3026 maluerunt.
2085 2984 2218 3025 nam
2266 2967 2315 3026 si
2369 2965 2682 3026 duodecim
2737 2965 3022 3025 horarum

409 3075 596 3152 spatia
659 3072 816 3133 diem
879 3074 1152 3152 protinus
1209 3070 1504 3151 complere
1564 3079 1922 3152 noscuntur,
1988 3073 2039 3131 si
2104 3071 2416 3132 duodecim
2483 3089 2720 3151 quoque
2787 3087 3024 3129 menses

408 3197 628 3240 annum
667 3178 907 3239 volubili
947 3181 1228 3239 varietate
1265 3180 1617 3258 restituunt,
1663 3180 1714 3238 si
1760 3177 2073 3238 duodecim
2113 3179 2281 3256 signa
2319 3177 2592 3239 caelestia
2630 3178 2815 3238 totius
2852 3174 3024 3235 nobis

334 3298 383 3337 2⁵
412 3286 618 3347 circuli
666 3305 906 3366 campos
944 3286 1127 3347 solida
1168 3284 1532 3345 rotunditate
1571 3284 1961 3364 concludunt,
2008 3283 2186 3345 debet
2233 3283 2404 3345 nobis
2447 3285 2687 3344 omnino
2728 3283 3027 3364 sufficere,

413 3392 567 3471 quod
605 3411 678 3453 ex
716 3392 1029 3454 duodecim
1068 3390 1602 3471 orthographorum
1639 3390 1806 3452 libris
1845 3391 2265 3452 rectitudinem
2304 3395 2635 3472 scripturae
2681 3390 3025 3452 docentium

411 3497 722 3561 defloratas
769 3500 1003 3580 regulas
1049 3501 1306 3580 posteris
1351 3497 1630 3577 legendas
1677 3496 1937 3558 exhibui.

589 3605 816 3689 Valete,
861 3608 1102 3688 l'ratreS,
1144 3614 1321 3684 atque
1359 3607 1420 3665 in
1459 3602 1829 3664 mationibus
1868 3607 2079 3665 vestris
2118 3605 2129 3681 1
2171 3608 2286 3667 mei
2324 3623 2616 3669 memores
2656 3625 2785 3667 esse
2825 3606 3025 3687 digna·

411 3713 581 3793 mini,
637 3716 741 3792 qui
798 3732 899 3773 vos
955 3715 1114 3774 inter
1159 3720 1356 3773 cetera
1406 3717 1465 3770 et
1519 3709 1592 3769 de
1639 3710 2095 3790 orthographiae
2142 3712 2359 3772 virtute
2408 3721 2467 3773 et
2523 3712 2595 3773 de
2642 3711 3023 3775 distinctione

413 3817 522 3825 ’-
593 3855 620 3902 1
664 3849 943 3904 Pnscian.
994 3847 1248 3918 Harpyia
1283 3851 1485 3913 37,12
1629 3851 1662 3898 3
1700 3862 1799 3900 ara
1837 3851 1928 3916 53,
1963 3851 2043 3902 20

595 3978 620 4025 1
661 3974 856 4043 arpyia
892 3974 1041 4043 quod
1077 3973 1133 4027 Β
1169 3970 1449 4042 harpygia
1486 3986 1630 4038 quae
1670 3969 1718 4023 0
1749 3969 1989 4040 arpygia
2025 3988 2132 4040 que
2171 3969 2225 4025 A
2395 3973 2663 4039 sequente
2700 3972 2718 4026 i
2755 3973 2933 4029 latino
2968 3973 3024 4028 Β

414 4051 668 4119 sequenti
699 4050 763 4115 in
799 4052 976 4108 latino
1014 4054 1067 4106 A
1106 4050 1361 4121 sequenti
1397 4050 1419 4103 i
1453 4050 1632 4105 latinu
1676 4049 1723 4102 C
1898 4057 1931 4103 2
1968 4051 2028 4120 yi
2062 4051 2118 4104 Β
2156 4051 2214 4121 iy
2249 4049 2365 4105 AC
2539 4056 2572 4104 4
2621 4069 2747 4107 cum
2784 4068 2918 4108 vero
2969 4083 3023 4093 —

414 4128 793 4198 adspiratione
820 4148 919 4187 om.
951 4130 1065 4186 AO
1187 4128 1538 4184 scribendum
1567 4132 1655 4184 est
1693 4130 1741 4184 Ο
1863 4137 1895 4185 6
1934 4131 2303 4205 congregatis
2331 4131 2505 4201 igitur
2532 4148 2675 4200 quae
2702 4149 2804 4202 per
2832 4149 3023 4201 supra·

414 4208 593 4265 dictos
629 4211 683 4263 B
720 4210 1009 4281 Congretis
1046 4211 1207 4280 (Cum
1244 4210 1425 4281 grecis
1463 4210 1536 4277 0)
1574 4210 1748 4281 igitur
1784 4210 1934 4279 quod
1972 4229 2140 4281 supra
2176 4212 2356 4267 dictos
2395 4212 2509 4266 AO
2647 4212 2768 4283 per]
2807 4211 2955 4281 apud
2992 4225 3028 4268 ς

518 4295 548 4342 7
589 4289 720 4344 libri
752 4291 809 4344 Β
845 4290 991 4346 libro
1028 4291 1145 4344 AC
1283 4298 1316 4346 8
1352 4289 1611 4362 intellegi
1646 4291 1788 4362 rem]
1827 4291 2214 4359 intellegerem
2252 4308 2389 4348 corr.
2427 4308 2510 4346 ·re
2545 4292 2602 4345 Β
2747 4296 2813 4346 12
2852 4290 3026 4346 disse·

413 4385 535 4423 rere
570 4368 687 4422 AC
861 4377 925 4425 13
977 4369 1251 4442 partium]
1291 4371 1497 4425 artium
1534 4370 1715 4424 ABG
1757 4369 2047 4426 nominum
2085 4372 2283 4426 Carrio
2465 4378 2531 4426 14
2584 4370 2733 4441 quon
2778 4371 3025 4442 partium

415 4447 717 4504 declinatio
751 4450 809 4504 Β
846 4450 943 4519 qui
980 4451 1226 4521 partium
1263 4450 1565 4506 declinatio
1602 4452 1655 4504 A
1697 4451 1794 4520 qui
1831 4450 2076 4522 partium
2114 4451 2487 4507 declinatione
2528 4451 2575 4506 C'
2615 4467 2759 4521 quae
2804 4450 2864 4505 in
2896 4467 3026 4523 par-

417 4527 558 4581 tium
595 4529 970 4585 declinatione
1009 4531 1208 4586 Carrio
1350 4531 1603 4600 repperit
1637 4531 1690 4584 A
1708 4529 1755 4585 Ο
1786 4531 2099 4601 reppererit
2131 4532 2188 4585 Β
2337 4536 2401 4585 16
2439 4529 2770 4599 fatigaberis
2806 4532 2861 4585 B
2898 4532 3026 4588 fafi-

417 4608 567 4676 garis
603 4608 718 4662 AO
854 4610 1068 4679 erigere
1104 4612 1159 4664 A
1309 4617 1374 4666 17
1412 4612 1621 4680 possim
1659 4610 1885 4680 quidem
1926 4611 1973 4665 0
2003 4611 2212 4681 possim
2248 4610 2347 4680 qui
2382 4610 2437 4663 A
2473 4626 2808 4678 possemque
2835 4653 2848 4665 .
2881 4654 2893 4666 .
2933 4614 3028 4667 sed

417 4703 524 4754 que
559 4704 668 4741 ras.
705 4688 761 4741 Β
941 4694 1005 4743 18
1045 4689 1449 4760 orthographia
1483 4690 1600 4744 AC
1641 4744 1650 4753 ,
1773 4695 1843 4744 20
1880 4690 2256 4745 necessarium
2292 4706 2402 4745 non
2440 4690 2526 4743 est
2560 4688 2616 4742 Β
2652 4691 3025 4747 necessarium

417 4768 505 4818 est
540 4765 656 4819 Ac
791 4774 858 4821 23
895 4769 1149 4837 protinus
1185 4785 1286 4827 om.
1327 4769 1374 4823 Ο
1512 4775 1581 4824 25
1619 4785 1878 4838 campum
1916 4770 2032 4824 AC
2178 4776 2249 4825 26
2286 4768 2737 4839 artigraphorum
2775 4772 2891 4826 AG

418 4852 483 4901 27
521 4847 740 4916 regulas
773 4863 875 4903 om.
913 4849 968 4903 A
1075 4852 1330 4919 posteras
1365 4850 1635 4919 legendas
1671 4850 1724 4902 A
1763 4852 2018 4918 posteros
2054 4850 2295 4921 legenda
2332 4850 2379 4902 0
2480 4856 2550 4904 28
2588 4850 2760 4918 atque
2792 4867 2894 4906 om.
2922 4852 3032 4907 AG

561 4935 627 4983 29
664 4931 759 4998 qui
795 4947 895 4985 uos
930 4931 989 4985 in
1028 4933 1217 4987 cetera
1250 4932 1366 4986 AG
1395 4947 1534 5000 quos
1571 4929 1718 4984 inter
1753 4930 1941 4984 cetera
1975 4930 2031 4982 B
2211 4932 2269 4985 et
2303 4930 2495 4999 priore
2531 4931 2645 4984 loco
2691 4945 2792 4986 om.
2828 4932 2885 4985 Β

526 5037 833 5069 canutum
861 5039 1034 5069 taxum
1073 5040 1162 5071 vn.
2535 5025 2600 5073 ¹4
