3613 5528
1416 384 1557 439 ARS
1594 382 2086 440 GRAMMATICA
2913 384 3039 448 421

440 490 484 529 p.
510 483 580 523 49.
605 483 658 523 ω
686 482 746 523 Η.

438 586 548 648 pro
595 586 666 629 eo
712 569 1002 650 accipitur
1048 570 1206 648 quod
1254 579 1347 631 est
1392 569 1687 649 quomodo
1727 618 1740 631 .
1778 572 2057 651 quotiens
2105 588 2244 632 vero
2292 590 2398 651 pro
2445 589 2517 632 eo
2563 570 2721 651 quod
2761 577 2854 632 cst
2889 570 3042 651 apud

439 673 697 735 Graecos
759 671 904 753 ἵνα,
969 678 1184 756 recipit
1246 679 1533 760 optativa,
1596 686 1664 738 ut
1727 684 1795 740 ut
1850 678 2076 739 faciam.
2178 695 2295 738 non
2354 694 2674 757 numquam
2733 685 2927 738 tamen
2985 687 3045 739 et

381 825 388 831 a
437 789 686 843 accentu
741 791 914 844 acuto
972 783 1190 845 elatum
1251 785 1464 863 recipit
1510 783 1911 866 subiunctiva,
1973 786 2311 865 praeposito
2367 802 2508 845 sane
2563 785 2786 845 finitivo
2845 782 3044 866 verbo,

437 906 601 949 more
649 906 767 969 quo
815 909 995 971 supra
1041 891 1290 952 sormam
1337 890 1638 951 relativam
1684 891 1942 952 diximus
1953 939 1971 973 ,
2022 900 2087 953 ut
2131 891 2284 971 apud
2333 889 2637 971 Virgilium

384 1009 411 1050 5
862 996 1258 1078 infandum,
1303 997 1582 1079 regina,
1629 995 1838 1057 iubes
1883 1015 2233 1059 renovare
2281 995 2628 1080 dolorem,

543 1111 546 1118 ⁴
861 1103 1210 1165 Troianas
1258 1110 1334 1164 ut
1379 1121 1554 1183 opes
1599 1111 1669 1163 et
1713 1101 2178 1165 lamentabile
2227 1122 2521 1184 regnum

861 1211 1210 1272 eruerint
1257 1208 1492 1271 Danai.

441 1320 665 1388 utinam
723 1320 936 1398 recipit
992 1320 1276 1398 optativa,
1332 1326 1400 1378 ut
1456 1319 1680 1378 utinam
1736 1318 1931 1380 veniat
1977 1365 1991 1380 .
2038 1336 2113 1379 ne
2170 1327 2420 1379 accentu
2465 1326 2636 1381 acuto
2681 1320 3043 1401 imperativa,

438 1434 504 1487 ut
559 1444 632 1487 ne
689 1426 809 1508 fac3
868 1426 1143 1505 quotiens
1201 1442 1341 1485 vero
1399 1426 1561 1503 gravi
1618 1432 1866 1486 accentu
1922 1443 2031 1505 pro
2089 1444 2160 1485 eo
2216 1425 2375 1505 quod
2431 1434 2522 1487 est
2577 1426 2730 1507 apud
2787 1426 3043 1487 Graecos

361 1545 411 1584 ιο
437 1528 551 1594 ἵνα
596 1525 687 1613 μή
734 1534 1049 1615 accipitur,
1094 1533 1379 1612 optativa,
1424 1537 1492 1592 ut
1535 1531 1693 1612 apud
1739 1530 2049 1593 Horatium
2107 1528 2225 1593 ‘ne
2282 1533 2506 1594 facias
2558 1532 2745 1613 quod
2792 1532 3042 1595 mei-

439 1639 598 1701 dius
661 1634 996 1720 quidam'.
1102 1657 1221 1701 non
1277 1656 1597 1717 numquam
1655 1656 1825 1721 vero,
1899 1640 2129 1700 etiamsi
2192 1648 2440 1701 accentu
2508 1647 2682 1701 acuto
2746 1641 3043 1723 efferatur,

441 1749 697 1828 optativa
742 1763 980 1828 quoque
1026 1747 1265 1828 recipit,
1313 1754 1380 1806 ut
1426 1764 1501 1806 ne
1549 1747 1774 1822 venias,
1821 1765 1896 1807 ne
1944 1745 2171 1808 scribas
2218 1794 2231 1808 .
2280 1746 2383 1808 sed
2431 1749 2682 1809 interest
2727 1751 2888 1809 inter
2930 1747 3043 1808 hoc

439 1862 501 1915 et
543 1853 687 1915 illud
735 1854 893 1934 quod
940 1853 1194 1915 dicimus
1239 1871 1314 1913 ne
1364 1853 1480 1935 sac,
1537 1852 1694 1933 quod
1740 1852 1854 1913 hoc
1901 1855 2287 1934 imperamus,
2340 1856 2618 1934 superius
2664 1853 2981 1915 suademus
3029 1902 3042 1915 .

439 1962 651 2041 recipit
713 1979 952 2041 quoque
1017 1958 1074 2020 id
1140 1962 1335 2040 ipsum
1394 1955 1404 2039 Ι
1462 1968 1711 2021 accentu
1779 1969 1952 2021 acuto
2016 1959 2237 2021 elatum
2303 1959 2704 2043 subiunctiva,
2768 1964 3043 2041 quotiens

361 2079 412 2119 1⁶
438 2065 800 2150 εἰρωνικῶς
844 2069 1165 2149 εοοίρίωιιε
1219 2084 1328 2146 pro
1388 2085 1458 2128 eo
1516 2066 1673 2147 quod
1733 2076 1826 2128 est
1879 2067 2036 2147 apud
2083 2067 2339 2129 Graecos
2402 2060 2585 2130 πάνυ
2646 2087 2753 2149 γε,
2816 2068 3044 2129 scilicet

439 2178 713 2255 quotiens
760 2178 848 2237 rei
896 2173 1108 2237 dubiae
1155 2182 1216 2236 et
1262 2175 1431 2254 quasi
1478 2173 1874 2235 condicionali
1919 2181 2181 2257 aptatur,
2226 2183 2294 2235 ut
2339 2175 2493 2254 apud
2533 2175 2880 2237 Ciceronem
2927 2170 3042 2236 ‘ne

440 2291 541 2366 tu,
601 2281 846 2365 Eruci,
910 2289 1291 2343 accusator
1356 2298 1557 2342 esses
1613 2280 2005 2363 ridiculus,
2069 2289 2131 2344 et
2187 2280 2480 2344 Salustius
2535 2278 2653 2344 ‘ne
2716 2281 2830 2344 illi
2883 2301 3040 2344 cor-

440 2391 674 2470 ruptis
719 2388 1036 2451 moribus
1091 2391 1441 2452 victoriae
1500 2384 2049 2470 temperarent'.
2141 2393 2417 2469 quotiens
2470 2408 2611 2451 vero
2667 2392 2755 2452 rei
2809 2399 3043 2471 aptatur

438 2504 662 2579 certae,
710 2496 916 2558 eodem
964 2506 1212 2558 accentu
1260 2495 1480 2558 elatum
1526 2496 1746 2558 finitiva
1786 2498 2025 2579 recipit,
2072 2505 2141 2557 ut
2177 2497 2333 2578 apud
2373 2496 2721 2559 Ciceronem
2769 2492 2884 2558 ‘ne
2930 2497 3042 2558 illi

357 2615 410 2654 ²0
440 2603 901 2665 vehementer
947 2598 1254 2667 errant’:
1300 2604 1553 2665 affirmat
1599 2606 1758 2665 enim
1805 2622 1908 2665 eos
1955 2603 2339 2666 vehementer
2384 2622 2605 2666 errare.

613 2710 932 2792 Postquam
980 2711 1153 2774 modo
1198 2711 1448 2793 finitiva,
1494 2710 1669 2773 modo
1716 2708 2116 2774 subiunctiva:
2162 2712 2412 2795 finitiva,
2456 2714 2731 2794 quotiens
2769 2713 3041 2774 iunctum

439 2821 755 2903 accipitur,
802 2828 869 2881 ut
914 2818 1192 2898 Virgilius

755 2935 1131 3008 postquam
1179 2945 1299 2988 res
1347 2926 1551 2987 Asiae
1598 2925 2008 3006 Priamique
2058 2935 2391 2988 evertere
2438 2935 2723 3005 gentem

754 3035 1163 3095 inmeritam
1209 3036 1436 3095 visum
1484 3036 1805 3115 superiS,

358 3151 412 3191 2⁶
439 3148 506 3200 ut
561 3142 638 3200 sit
692 3135 1029 3221 ‘postquam
1086 3143 1274 3202 visum
1333 3134 1476 3221 est’3
1540 3138 1912 3201 subiunctiva
1976 3158 2145 3221 vero,
2209 3142 2484 3221 quotiens
2549 3143 2911 3222 secernitur,
2973 3151 3041 3204 ut

439 3242 599 3326 ‘post
643 3249 803 3308 venit
847 3264 1023 3326 quam
1070 3241 1496 3328 exclamasset'‚
1544 3241 1703 3326 ‘post
1741 3247 1884 3308 fecit
1921 3265 2099 3327 quam
2137 3242 2421 3308 dixisset'.
2514 3256 2826 3328 antequam
2863 3248 3039 3310 modo

438 3354 704 3435 finitiviS,
751 3353 924 3415 modo
973 3352 1365 3416 subiunctivis
1410 3355 1705 3434 iungitur:
1752 3354 2019 3436 finitivis,
2067 3363 2135 3415 ut
2181 3352 2459 3435 Virgilius
2516 3349 2740 3437 ‘ante,
2785 3356 3039 3438 pudor,

438 3476 640 3538 quam
687 3468 755 3520 te
800 3456 1042 3523 violo'.

613 3684 795 3741 0001ae
838 3685 1231 3757 Sanyallemi&
1325 3693 1352 3741 1
1404 3688 1555 3758 apud
1598 3704 1792 3758 grecos
1839 3687 2001 3742 insut
2044 3686 2312 3757 recipitur
2361 3687 2556 3757 optiua.
2715 3693 2747 3741 3
2805 3690 3039 3743 accentu

440 3768 638 3822 secuto
779 3766 1121 3838 praepositio
1160 3784 1296 3823 sane
1439 3774 1471 3824 8
1509 3767 1698 3839 acuto]
1736 3768 1973 3822 accentu
2009 3782 2146 3822 corr.
2184 3766 2383 3830 accuto
2527 3772 2559 3821 9
2598 3764 2719 3837 fac]
2753 3765 2931 3823 facins

440 3851 506 3901 10
541 3846 627 3917 ut]
667 3846 749 3902 ait
890 3848 1040 3919 quod
1069 3847 1290 3905 siminus
1319 3847 1546 3917 quidem
1691 3853 1755 3902 12
1785 3847 1933 3902 inter
1960 3863 2060 3903 om.
2210 3853 2273 3901 13
2301 3845 2417 3918 fac]
2446 3846 2619 3902 facias
2761 3849 3037 3921 superius]

435 3942 602 3997 snper
747 3931 813 3982 14
849 3931 1086 3984 accentu
1120 3931 1317 3984 ascuto
1467 3934 1532 3984 15
1566 3928 1808 3984 ironicos
1954 3935 2020 3983 16
2057 3928 2286 3998 optatur
2429 3928 2739 3983 ciceronem
2766 3930 2823 3984 et
2849 3929 3038 3997 ueryci

509 4011 574 4061 18
610 4005 881 4063 uictoriae
935 4010 1092 4077 (corr.
1133 4040 1200 4049 ——
1238 4008 1315 4077 is)
1368 4009 1618 4078 tempore
1669 4024 1740 4063 ne
1795 4007 2053 4077 quotiens
2220 4013 2283 4062 19
2340 4008 2493 4063 elata.
2650 4015 2715 4063 21
2756 4009 3032 4082 iunctum]

435 4089 633 4143 secuto
801 4092 869 4142 25
908 4086 1213 4144 secernitur
1248 4089 1308 4142 et
1342 4091 1474 4159 post
1525 4087 1770 4144 uenisset
1821 4104 1988 4156 qnam
2034 4087 2402 4143 exclamasset
2436 4091 2566 4159 post
2598 4088 2825 4145 fecisset
2859 4106 3034 4159 quam

436 4165 669 4223 dixisset

613 4389 648 4436 4
682 4382 910 4438 formari
963 4382 1204 4438 relativa
1257 4381 1497 4438 diximus
1554 4380 1843 4437 Charisius
1895 4387 1945 4436 et
1988 4381 2278 4437 Diomedes
2445 4387 2478 4437 ὅ
2513 4382 2828 4455 infandum]
2878 4382 3033 4454 Ver-9.

436 4463 574 4518 Aen.
614 4464 700 4518 II
731 4468 767 4518 3
914 4471 981 4519 10
1016 4464 1166 4535 apud
1201 4463 1521 4535 Horatium]
1558 4469 1661 4521 sat.
1703 4465 1745 4518 I
1777 4468 1903 4532 1,94
2050 4467 2116 4517 16
2154 4479 2222 4517 ne
2258 4461 2346 4532 tu]
2386 4462 2497 4519 Cic.
2535 4480 2638 4532 pro
2665 4463 2821 4518 Rosc.
2851 4465 3031 4520 ΔΜ.

436 4548 603 4610 18,50
647 4547 658 4559 ”
729 4548 792 4598 17
833 4541 1153 4615 Sallustius]
1194 4543 1356 4601 Cata.
1396 4548 1520 4610 11‚7
1648 4551 1713 4601 19
1742 4560 1814 4599 ne
1850 4543 1963 4615 illi]
2005 4544 2116 4599 Cic.
2154 4545 2218 4599 in
2258 4542 2421 4601 catil.
2460 4543 2545 4597 II
2579 4549 2671 4611 3‚6
2779 4550 2846 4598 23
2884 4548 3033 4615 post-

435 4623 631 4696 quam]
680 4621 835 4694 Ver-9.
872 4625 1010 4680 Aen.
1052 4624 1177 4678 III
1200 4630 1234 4679 1
1379 4632 1446 4681 26
1484 4626 1624 4680 item
1650 4625 1954 4693 antequam
1981 4622 2149 4679 modo
2176 4620 2433 4689 finitivis,
2470 4623 2640 4680 modo
2666 4623 3033 4680 subiunctivis

432 4701 698 4773 iungitur,
735 4704 929 4758 contra
956 4719 1023 4758 ac
1058 4702 1311 4773 superins
1348 4725 1364 4758 ε
1398 4703 1653 4760 iunctum
1691 4703 2084 4770 subiunctivis‚
2122 4703 2280 4759 velut
2315 4705 2618 4772 antequam
2653 4704 2898 4782 venisset
2932 4705 3033 4776 (sic

434 4782 591 4838 velut
621 4783 924 4852 antequam
960 4783 1208 4839 venisses
1243 4783 1467 4854 Diem),
1521 4785 1858 4841 disiunctum
1906 4784 2161 4847 finitivis,
2214 4787 2277 4839 ut
2326 4785 2474 4855 apud
2522 4784 2829 4856 Vergilium
2849 4826 2865 4839 .
2881 4785 3033 4840 ‘ante

433 4862 613 4933 pudor
649 4878 814 4933 quam
853 4865 911 4918 te
947 4862 1121 4918 violo'
1164 4862 1452 4919 Charisius
1485 4870 1536 4920 et
1570 4866 1858 4920 Diomedes
1999 4870 2066 4919 27
2105 4864 2263 4936 ante]
2314 4865 2470 4936 Very.
2508 4867 2645 4921 Aen.
2686 4868 2853 4922 IIII
2884 4873 2963 4925 27
