<?xml version="1.0" encoding="UTF-8"?>
<!DOCTYPE html PUBLIC "-//W3C//DTD XHTML 1.0 Transitional//EN"
    "http://www.w3.org/TR/xhtml1/DTD/xhtml1-transitional.dtd">
<html xmlns="http://www.w3.org/1999/xhtml" xml:lang="en" lang="en">
 <head>
  <title>
</title>
<meta http-equiv="Content-Type" content="text/html;charset=utf-8" />
  <meta name='ocr-system' content='tesseract 3.04.00' />
  <meta name='ocr-capabilities' content='ocr_page ocr_carea ocr_par ocr_line ocrx_word'/>
</head>
<body>
  <div class='ocr_page' id='page_1' title='image "./grammaticilatin09keilgoog_0410.png"; bbox 0 0 3613 5528; ppageno 0'>
   <div class='ocr_carea' id='block_1_1' title="bbox 523 311 1973 517">
    <p class='ocr_par' dir='ltr' id='par_1_1' title="bbox 523 311 1973 517">
     <span class='ocr_line' id='line_1_1' title="bbox 523 311 1973 431; baseline -0.008 -1"><span class='ocrx_word' id='word_1_1' title='bbox 523 311 538 326; x_wconf 45' lang='grc' dir='ltr'>Ι</span> <span class='ocrx_word' id='word_1_2' title='bbox 575 366 708 431; x_wconf 85' lang='grc'><strong>400</strong></span> <span class='ocrx_word' id='word_1_3' title='bbox 1626 363 1973 419; x_wconf 86' lang='lat' dir='ltr'><strong>DOSITHEI</strong></span> 
     </span>
     <span class='ocr_line' id='line_1_2' title="bbox 576 466 883 517; baseline -0.01 -9"><span class='ocrx_word' id='word_1_4' title='bbox 576 480 620 517; x_wconf 80' lang='lat' dir='ltr'><strong>p.</strong></span> <span class='ocrx_word' id='word_1_5' title='bbox 649 469 715 508; x_wconf 77' lang='lat'><strong>29.</strong></span> <span class='ocrx_word' id='word_1_6' title='bbox 742 468 797 507; x_wconf 83' lang='lat' dir='ltr'><strong>so</strong></span> <span class='ocrx_word' id='word_1_7' title='bbox 825 466 883 506; x_wconf 80' lang='lat' dir='ltr'><strong>H.</strong></span> 
     </span>
    </p>
   </div>
   <div class='ocr_carea' id='block_1_2' title="bbox 577 550 3184 955">
    <p class='ocr_par' dir='ltr' id='par_1_2' title="bbox 577 550 3184 955">
     <span class='ocr_line' id='line_1_3' title="bbox 578 550 3184 634; baseline 0.001 -19"><span class='ocrx_word' id='word_1_8' title='bbox 578 573 611 615; x_wconf 91' lang='lat' dir='ltr'><strong>a</strong></span> <span class='ocrx_word' id='word_1_9' title='bbox 657 555 832 633; x_wconf 81' lang='lat' dir='ltr'><strong>citra,</strong></span> <span class='ocrx_word' id='word_1_10' title='bbox 876 551 1126 612; x_wconf 85' lang='lat' dir='ltr'><strong>inferior</strong></span> <span class='ocrx_word' id='word_1_11' title='bbox 1162 550 1426 631; x_wconf 73' lang='lat' dir='ltr'><strong>infimae,</strong></span> <span class='ocrx_word' id='word_1_12' title='bbox 1464 552 1740 630; x_wconf 79' lang='lat' dir='ltr'><strong>superior</strong></span> <span class='ocrx_word' id='word_1_13' title='bbox 1777 569 2047 613; x_wconf 85' lang='lat' dir='ltr'><strong>summus</strong></span> <span class='ocrx_word' id='word_1_14' title='bbox 2056 600 2075 634; x_wconf 90' lang='lat'>‚</span> <span class='ocrx_word' id='word_1_15' title='bbox 2111 553 2275 631; x_wconf 91' lang='lat' dir='ltr'><strong>prior</strong></span> <span class='ocrx_word' id='word_1_16' title='bbox 2313 553 2491 613; x_wconf 81' lang='lat' dir='ltr'><strong>etiam</strong></span> <span class='ocrx_word' id='word_1_17' title='bbox 2529 554 2757 633; x_wconf 88' lang='lat' dir='ltr'><strong>primus</strong></span> <span class='ocrx_word' id='word_1_18' title='bbox 2785 556 2865 615; x_wconf 82' lang='lat' dir='ltr'><strong>ab</strong></span> <span class='ocrx_word' id='word_1_19' title='bbox 2892 557 3184 617; x_wconf 81' lang='lat' dir='ltr'><strong>adverbio</strong></span> 
     </span>
     <span class='ocr_line' id='line_1_4' title="bbox 577 637 3181 742; baseline 0 -21"><span class='ocrx_word' id='word_1_20' title='bbox 577 662 763 740; x_wconf 88' lang='lat' dir='ltr'><strong>prius.</strong></span> <span class='ocrx_word' id='word_1_21' title='bbox 828 657 1115 738; x_wconf 80' lang='lat' dir='ltr'><strong>quaedam</strong></span> <span class='ocrx_word' id='word_1_22' title='bbox 1173 665 1315 719; x_wconf 85' lang='lat' dir='ltr'><strong>sunt</strong></span> <span class='ocrx_word' id='word_1_23' title='bbox 1361 661 1424 719; x_wconf 80' lang='lat' dir='ltr'><strong>in</strong></span> <span class='ocrx_word' id='word_1_24' title='bbox 1471 656 1689 737; x_wconf 83' lang='lat' dir='ltr'><strong>quibus</strong></span> <span class='ocrx_word' id='word_1_25' title='bbox 1735 667 1966 720; x_wconf 80' lang='lat' dir='ltr'><strong>tantum</strong></span> <span class='ocrx_word' id='word_1_26' title='bbox 2011 658 2231 739; x_wconf 85' lang='lat' dir='ltr'><strong>gradus</strong></span> <span class='ocrx_word' id='word_1_27' title='bbox 2278 658 2673 740; x_wconf 79' lang='lat' dir='ltr'><strong>superlativus</strong></span> <span class='ocrx_word' id='word_1_28' title='bbox 2727 637 3061 742; x_wconf 79' lang='lat' dir='ltr'><strong>iuvenitur,</strong></span> <span class='ocrx_word' id='word_1_29' title='bbox 3116 669 3181 722; x_wconf 76' lang='lat' dir='ltr'><strong>ut</strong></span> 
     </span>
     <span class='ocr_line' id='line_1_5' title="bbox 579 763 3180 845; baseline 0 -17"><span class='ocrx_word' id='word_1_30' title='bbox 579 768 935 829; x_wconf 85' lang='lat' dir='ltr'><strong>novissimus</strong></span> <span class='ocrx_word' id='word_1_31' title='bbox 980 783 1314 844; x_wconf 76' lang='lat' dir='ltr'><strong>supremus,</strong></span> <span class='ocrx_word' id='word_1_32' title='bbox 1407 763 1694 844; x_wconf 81' lang='lat' dir='ltr'>quaedam</span> <span class='ocrx_word' id='word_1_33' title='bbox 1742 773 1883 826; x_wconf 78' lang='lat' dir='ltr'><strong>suut</strong></span> <span class='ocrx_word' id='word_1_34' title='bbox 1928 783 2079 844; x_wconf 90' lang='lat' dir='ltr'><strong>quae</strong></span> <span class='ocrx_word' id='word_1_35' title='bbox 2126 765 2376 826; x_wconf 82' lang='lat' dir='ltr'><strong>diversis</strong></span> <span class='ocrx_word' id='word_1_36' title='bbox 2430 767 2637 845; x_wconf 81' lang='lat' dir='ltr'><strong>figuris</strong></span> <span class='ocrx_word' id='word_1_37' title='bbox 2692 768 2753 827; x_wconf 88' lang='lat' dir='ltr'><strong>in</strong></span> <span class='ocrx_word' id='word_1_38' title='bbox 2811 767 3180 829; x_wconf 82' lang='lat' dir='ltr'><strong>collationem</strong></span> 
     </span>
     <span class='ocr_line' id='line_1_6' title="bbox 579 870 3182 955; baseline 0.001 -21"><span class='ocrx_word' id='word_1_39' title='bbox 579 876 851 955; x_wconf 75' lang='lat' dir='ltr'><strong>veniunt,</strong></span> <span class='ocrx_word' id='word_1_40' title='bbox 906 880 974 934; x_wconf 85' lang='lat' dir='ltr'><strong>ut</strong></span> <span class='ocrx_word' id='word_1_41' title='bbox 1018 871 1208 934; x_wconf 86' lang='lat' dir='ltr'><strong>malus</strong></span> <span class='ocrx_word' id='word_1_42' title='bbox 1253 873 1422 952; x_wconf 87' lang='lat' dir='ltr'><strong>peior</strong></span> <span class='ocrx_word' id='word_1_43' title='bbox 1466 873 1792 952; x_wconf 73' lang='lat' dir='ltr'><strong>pessimae,</strong></span> <span class='ocrx_word' id='word_1_44' title='bbox 1851 870 2044 933; x_wconf 85' lang='lat' dir='ltr'><strong>bonus</strong></span> <span class='ocrx_word' id='word_1_45' title='bbox 2090 871 2299 933; x_wconf 87' lang='lat' dir='ltr'><strong>melior</strong></span> <span class='ocrx_word' id='word_1_46' title='bbox 2362 875 2648 953; x_wconf 79' lang='lat' dir='ltr'><strong>optimus:</strong></span> <span class='ocrx_word' id='word_1_47' title='bbox 2709 873 2805 934; x_wconf 89' lang='lat' dir='ltr'><strong>his</strong></span> <span class='ocrx_word' id='word_1_48' title='bbox 2864 876 3018 937; x_wconf 85' lang='lat' dir='ltr'><strong>enim</strong></span> <span class='ocrx_word' id='word_1_49' title='bbox 3072 894 3182 954; x_wconf 88' lang='lat' dir='ltr'><strong>per</strong></span> 
     </span>
    </p>
   </div>
   <div class='ocr_carea' id='block_1_3' title="bbox 580 978 3237 1060">
    <p class='ocr_par' dir='ltr' id='par_1_3' title="bbox 580 978 3237 1060">
     <span class='ocr_line' id='line_1_7' title="bbox 580 978 3237 1060; baseline 0 -16"><span class='ocrx_word' id='word_1_50' title='bbox 580 1000 786 1044; x_wconf 86' lang='lat' dir='ltr'><strong>omnes</strong></span> <span class='ocrx_word' id='word_1_51' title='bbox 833 990 958 1043; x_wconf 77' lang='lat' dir='ltr'><strong>tres</strong></span> <span class='ocrx_word' id='word_1_52' title='bbox 1003 978 1222 1060; x_wconf 84' lang='lat' dir='ltr'><strong>gradus</strong></span> <span class='ocrx_word' id='word_1_53' title='bbox 1268 979 1628 1058; x_wconf 85' lang='lat' dir='ltr'><strong>comparatio</strong></span> <span class='ocrx_word' id='word_1_54' title='bbox 1674 978 1996 1059; x_wconf 80' lang='lat' dir='ltr'><strong>processit,</strong></span> <span class='ocrx_word' id='word_1_55' title='bbox 2042 997 2153 1039; x_wconf 85' lang='lat' dir='ltr'><strong>nec</strong></span> <span class='ocrx_word' id='word_1_56' title='bbox 2192 987 2386 1040; x_wconf 80' lang='lat' dir='ltr'><strong>tamen</strong></span> <span class='ocrx_word' id='word_1_57' title='bbox 2426 998 2605 1041; x_wconf 88' lang='lat' dir='ltr'><strong>unam</strong></span> <span class='ocrx_word' id='word_1_58' title='bbox 2644 981 2891 1043; x_wconf 81' lang='lat' dir='ltr'><strong>formam</strong></span> <span class='ocrx_word' id='word_1_59' title='bbox 2928 985 3184 1045; x_wconf 80' lang='lat' dir='ltr'><strong>nominis</strong></span> <span class='ocrx_word' id='word_1_60' title='bbox 3210 996 3237 1037; x_wconf 76' lang='lat'>⁵</span> 
     </span>
    </p>
   </div>
   <div class='ocr_carea' id='block_1_4' title="bbox 581 1083 3183 1495">
    <p class='ocr_par' dir='ltr' id='par_1_4' title="bbox 581 1083 3183 1495">
     <span class='ocr_line' id='line_1_8' title="bbox 581 1083 3183 1171; baseline -0 -20"><span class='ocrx_word' id='word_1_61' title='bbox 581 1097 803 1151; x_wconf 84' lang='lat' dir='ltr'><strong>tenent.</strong></span> <span class='ocrx_word' id='word_1_62' title='bbox 894 1095 1037 1149; x_wconf 75' lang='lat' dir='ltr'><strong>sunt</strong></span> <span class='ocrx_word' id='word_1_63' title='bbox 1082 1086 1191 1147; x_wconf 87' lang='lat' dir='ltr'><strong>alia</strong></span> <span class='ocrx_word' id='word_1_64' title='bbox 1237 1085 1506 1147; x_wconf 79' lang='lat' dir='ltr'><strong>absoluta</strong></span> <span class='ocrx_word' id='word_1_65' title='bbox 1553 1103 1703 1164; x_wconf 89' lang='lat' dir='ltr'><strong>quae</strong></span> <span class='ocrx_word' id='word_1_66' title='bbox 1735 1083 1912 1160; x_wconf 76' lang='lat' dir='ltr'><strong>,nuno</strong></span> <span class='ocrx_word' id='word_1_67' title='bbox 1958 1084 2198 1164; x_wconf 89' lang='lat' dir='ltr'><strong>quidem</strong></span> <span class='ocrx_word' id='word_1_68' title='bbox 2243 1086 2428 1165; x_wconf 84' lang='lat' dir='ltr'><strong>gradu</strong></span> <span class='ocrx_word' id='word_1_69' title='bbox 2469 1086 2797 1150; x_wconf 80' lang='lat' dir='ltr'><strong>collationis</strong></span> <span class='ocrx_word' id='word_1_70' title='bbox 2836 1090 3183 1171; x_wconf 73' lang='lat' dir='ltr'><strong>figurantur,</strong></span> 
     </span>
     <span class='ocr_line' id='line_1_9' title="bbox 582 1192 3183 1279; baseline -0.001 -19"><span class='ocrx_word' id='word_1_71' title='bbox 582 1199 881 1279; x_wconf 79' lang='lat' dir='ltr'><strong>recipiunt</strong></span> <span class='ocrx_word' id='word_1_72' title='bbox 925 1205 1125 1257; x_wconf 85' lang='lat' dir='ltr'><strong>tamen</strong></span> <span class='ocrx_word' id='word_1_73' title='bbox 1173 1193 1573 1274; x_wconf 79' lang='lat' dir='ltr'><strong>collationem,</strong></span> <span class='ocrx_word' id='word_1_74' title='bbox 1628 1195 1680 1254; x_wconf 90' lang='lat' dir='ltr'><strong>si</strong></span> <span class='ocrx_word' id='word_1_75' title='bbox 1726 1192 1843 1253; x_wconf 88' lang='lat' dir='ltr'><strong>illis</strong></span> <span class='ocrx_word' id='word_1_76' title='bbox 1889 1195 2074 1273; x_wconf 80' lang='lat' dir='ltr'><strong>magis</strong></span> <span class='ocrx_word' id='word_1_77' title='bbox 2120 1192 2465 1255; x_wconf 82' lang='lat' dir='ltr'>adverbium</span> <span class='ocrx_word' id='word_1_78' title='bbox 2511 1197 2821 1278; x_wconf 81' lang='lat' dir='ltr'><strong>iungatur,</strong></span> <span class='ocrx_word' id='word_1_79' title='bbox 2877 1205 2943 1258; x_wconf 80' lang='lat' dir='ltr'><strong>ut</strong></span> <span class='ocrx_word' id='word_1_80' title='bbox 2997 1199 3183 1277; x_wconf 84' lang='lat' dir='ltr'><strong>magis</strong></span> 
     </span>
     <span class='ocr_line' id='line_1_10' title="bbox 581 1299 3182 1387; baseline -0 -20"><span class='ocrx_word' id='word_1_81' title='bbox 581 1305 774 1387; x_wconf 55' lang='lat' dir='ltr'><strong>rudis„</strong></span> <span class='ocrx_word' id='word_1_82' title='bbox 820 1306 1006 1384; x_wconf 83' lang='lat' dir='ltr'><strong>magis</strong></span> <span class='ocrx_word' id='word_1_83' title='bbox 1051 1304 1215 1384; x_wconf 88' lang='lat' dir='ltr'><strong>pius,</strong></span> <span class='ocrx_word' id='word_1_84' title='bbox 1260 1309 1323 1363; x_wconf 76' lang='lat' dir='ltr'><strong>et</strong></span> <span class='ocrx_word' id='word_1_85' title='bbox 1370 1302 1619 1362; x_wconf 82' lang='lat' dir='ltr'><strong>maxime</strong></span> <span class='ocrx_word' id='word_1_86' title='bbox 1666 1299 1966 1381; x_wconf 76' lang='lat' dir='ltr'><strong>similiter3</strong></span> <span class='ocrx_word' id='word_1_87' title='bbox 2011 1302 2167 1361; x_wconf 79' lang='lat' dir='ltr'><strong>sicut</strong></span> <span class='ocrx_word' id='word_1_88' title='bbox 2203 1319 2237 1361; x_wconf 87' lang='lat' dir='ltr'><strong>e</strong></span> <span class='ocrx_word' id='word_1_89' title='bbox 2274 1304 2572 1364; x_wconf 84' lang='lat' dir='ltr'><strong>contrario</strong></span> <span class='ocrx_word' id='word_1_90' title='bbox 2612 1304 2806 1365; x_wconf 89' lang='lat' dir='ltr'><strong>minus</strong></span> <span class='ocrx_word' id='word_1_91' title='bbox 2844 1311 2905 1365; x_wconf 84' lang='lat' dir='ltr'><strong>et</strong></span> <span class='ocrx_word' id='word_1_92' title='bbox 2943 1306 3182 1366; x_wconf 86' lang='lat' dir='ltr'><strong>minime</strong></span> 
     </span>
     <span class='ocr_line' id='line_1_11' title="bbox 582 1405 948 1495; baseline -0.003 -22"><span class='ocrx_word' id='word_1_93' title='bbox 582 1412 896 1474; x_wconf 84' lang='lat' dir='ltr'><strong>adduntur.</strong></span> <span class='ocrx_word' id='word_1_94' title='bbox 938 1405 948 1495; x_wconf 90' lang='grc' dir='ltr'>Ι</span> 
     </span>
    </p>
   </div>
   <div class='ocr_carea' id='block_1_5' title="bbox 759 1516 3267 1600">
    <p class='ocr_par' dir='ltr' id='par_1_5' title="bbox 759 1516 3267 1600">
     <span class='ocr_line' id='line_1_12' title="bbox 759 1516 3267 1600; baseline 0 -20"><span class='ocrx_word' id='word_1_95' title='bbox 759 1519 995 1580; x_wconf 84' lang='lat' dir='ltr'><strong>Utimur</strong></span> <span class='ocrx_word' id='word_1_96' title='bbox 1041 1525 1239 1579; x_wconf 81' lang='lat' dir='ltr'><strong>autem</strong></span> <span class='ocrx_word' id='word_1_97' title='bbox 1285 1516 1471 1598; x_wconf 87' lang='lat' dir='ltr'><strong>gradu</strong></span> <span class='ocrx_word' id='word_1_98' title='bbox 1520 1518 2052 1597; x_wconf 83' lang='lat' dir='ltr'><strong>comparativorum</strong></span> <span class='ocrx_word' id='word_1_99' title='bbox 2100 1518 2162 1577; x_wconf 90' lang='lat' dir='ltr'><strong>iu</strong></span> <span class='ocrx_word' id='word_1_100' title='bbox 2210 1536 2328 1578; x_wconf 90' lang='lat' dir='ltr'><strong>uuo</strong></span> <span class='ocrx_word' id='word_1_101' title='bbox 2376 1525 2437 1578; x_wconf 78' lang='lat' dir='ltr'><strong>et</strong></span> <span class='ocrx_word' id='word_1_102' title='bbox 2491 1517 2678 1580; x_wconf 84' lang='lat' dir='ltr'><strong>altero</strong></span> <span class='ocrx_word' id='word_1_103' title='bbox 2730 1537 2915 1599; x_wconf 87' lang='lat' dir='ltr'><strong>prope</strong></span> <span class='ocrx_word' id='word_1_104' title='bbox 2972 1538 3183 1600; x_wconf 86' lang='lat' dir='ltr'><strong>aequa·</strong></span> <span class='ocrx_word' id='word_1_105' title='bbox 3214 1534 3267 1574; x_wconf 84' lang='grc' dir='ltr'>ιο</span> 
     </span>
    </p>
   </div>
   <div class='ocr_carea' id='block_1_6' title="bbox 583 1617 3188 2030">
    <p class='ocr_par' dir='ltr' id='par_1_6' title="bbox 583 1617 3188 2030">
     <span class='ocr_line' id='line_1_13' title="bbox 583 1617 3188 1709; baseline -0 -19"><span class='ocrx_word' id='word_1_106' title='bbox 583 1628 740 1690; x_wconf 87' lang='lat' dir='ltr'><strong>libus</strong></span> <span class='ocrx_word' id='word_1_107' title='bbox 784 1646 853 1688; x_wconf 86' lang='lat' dir='ltr'><strong>ac</strong></span> <span class='ocrx_word' id='word_1_108' title='bbox 899 1625 1191 1688; x_wconf 87' lang='lat' dir='ltr'><strong>similibus</strong></span> <span class='ocrx_word' id='word_1_109' title='bbox 1238 1617 1405 1708; x_wconf 88' lang='lat' dir='ltr'><strong>(nam</strong></span> <span class='ocrx_word' id='word_1_110' title='bbox 1452 1622 1825 1685; x_wconf 84' lang='lat' dir='ltr'><strong>dissimilium</strong></span> <span class='ocrx_word' id='word_1_111' title='bbox 1874 1625 2234 1703; x_wconf 85' lang='lat' dir='ltr'><strong>comparatio</strong></span> <span class='ocrx_word' id='word_1_112' title='bbox 2282 1624 2440 1685; x_wconf 88' lang='lat' dir='ltr'><strong>nulla</strong></span> <span class='ocrx_word' id='word_1_113' title='bbox 2478 1617 2622 1709; x_wconf 82' lang='lat' dir='ltr'><strong>est),</strong></span> <span class='ocrx_word' id='word_1_114' title='bbox 2669 1634 2736 1687; x_wconf 81' lang='lat' dir='ltr'><strong>ut</strong></span> <span class='ocrx_word' id='word_1_115' title='bbox 2781 1621 2865 1687; x_wconf 78' lang='lat' dir='ltr'><strong>‘hi</strong></span> <span class='ocrx_word' id='word_1_116' title='bbox 2911 1625 3030 1688; x_wconf 90' lang='lat' dir='ltr'><strong>duo</strong></span> <span class='ocrx_word' id='word_1_117' title='bbox 3076 1630 3188 1689; x_wconf 86' lang='lat' dir='ltr'><strong>viri</strong></span> 
     </span>
     <span class='ocr_line' id='line_1_14' title="bbox 585 1727 3188 1816; baseline 0 -20"><span class='ocrx_word' id='word_1_118' title='bbox 585 1737 797 1816; x_wconf 79' lang='lat' dir='ltr'><strong>sortes,</strong></span> <span class='ocrx_word' id='word_1_119' title='bbox 843 1733 946 1795; x_wconf 90' lang='lat' dir='ltr'><strong>sed</strong></span> <span class='ocrx_word' id='word_1_120' title='bbox 993 1733 1090 1794; x_wconf 86' lang='lat' dir='ltr'><strong>hic</strong></span> <span class='ocrx_word' id='word_1_121' title='bbox 1136 1732 1321 1793; x_wconf 76' lang='lat' dir='ltr'><strong>altero</strong></span> <span class='ocrx_word' id='word_1_122' title='bbox 1370 1727 1623 1793; x_wconf 80' lang='lat' dir='ltr'><strong>fortior&#39;.</strong></span> <span class='ocrx_word' id='word_1_123' title='bbox 1716 1733 1860 1792; x_wconf 83' lang='lat' dir='ltr'><strong>item</strong></span> <span class='ocrx_word' id='word_1_124' title='bbox 1886 1733 2341 1811; x_wconf 82' lang='lat' dir='ltr'><strong>&#39;comparativus</strong></span> <span class='ocrx_word' id='word_1_125' title='bbox 2387 1732 2608 1811; x_wconf 83' lang='lat' dir='ltr'><strong>gradus</strong></span> <span class='ocrx_word' id='word_1_126' title='bbox 2665 1742 2727 1794; x_wconf 81' lang='lat' dir='ltr'><strong>et</strong></span> <span class='ocrx_word' id='word_1_127' title='bbox 2778 1730 2876 1794; x_wconf 89' lang='lat' dir='ltr'><strong>his</strong></span> <span class='ocrx_word' id='word_1_128' title='bbox 2934 1736 3037 1814; x_wconf 87' lang='lat' dir='ltr'><strong>qui</strong></span> <span class='ocrx_word' id='word_1_129' title='bbox 3094 1737 3188 1796; x_wconf 84' lang='lat' dir='ltr'><strong>sui</strong></span> 
     </span>
     <span class='ocr_line' id='line_1_15' title="bbox 584 1837 3187 1923; baseline -0.001 -19"><span class='ocrx_word' id='word_1_130' title='bbox 584 1844 821 1923; x_wconf 84' lang='lat' dir='ltr'><strong>generis</strong></span> <span class='ocrx_word' id='word_1_131' title='bbox 867 1849 1008 1902; x_wconf 78' lang='lat' dir='ltr'><strong>sunt</strong></span> <span class='ocrx_word' id='word_1_132' title='bbox 1053 1848 1114 1902; x_wconf 81' lang='lat' dir='ltr'><strong>et</strong></span> <span class='ocrx_word' id='word_1_133' title='bbox 1157 1840 1253 1900; x_wconf 88' lang='lat' dir='ltr'><strong>his</strong></span> <span class='ocrx_word' id='word_1_134' title='bbox 1298 1842 1402 1919; x_wconf 88' lang='lat' dir='ltr'><strong>qui</strong></span> <span class='ocrx_word' id='word_1_135' title='bbox 1447 1837 1691 1900; x_wconf 79' lang='lat' dir='ltr'><strong>alterius</strong></span> <span class='ocrx_word' id='word_1_136' title='bbox 1737 1845 1879 1900; x_wconf 85' lang='lat' dir='ltr'><strong>sunt</strong></span> <span class='ocrx_word' id='word_1_137' title='bbox 1924 1846 2326 1919; x_wconf 79' lang='lat' dir='ltr'><strong>comparatur,</strong></span> <span class='ocrx_word' id='word_1_138' title='bbox 2373 1847 2440 1900; x_wconf 83' lang='lat' dir='ltr'><strong>ut</strong></span> <span class='ocrx_word' id='word_1_139' title='bbox 2491 1859 2683 1920; x_wconf 88' lang='lat' dir='ltr'><strong>equus</strong></span> <span class='ocrx_word' id='word_1_140' title='bbox 2730 1840 2986 1902; x_wconf 84' lang='lat' dir='ltr'><strong>velocior</strong></span> <span class='ocrx_word' id='word_1_141' title='bbox 3032 1860 3187 1921; x_wconf 89' lang='lat' dir='ltr'><strong>equo</strong></span> 
     </span>
     <span class='ocr_line' id='line_1_16' title="bbox 586 1944 3188 2030; baseline -0 -19"><span class='ocrx_word' id='word_1_142' title='bbox 586 1950 830 2030; x_wconf 85' lang='lat' dir='ltr'><strong>dieitur,</strong></span> <span class='ocrx_word' id='word_1_143' title='bbox 877 1949 980 2028; x_wconf 88' lang='lat' dir='ltr'><strong>qui</strong></span> <span class='ocrx_word' id='word_1_144' title='bbox 1026 1947 1291 2009; x_wconf 88' lang='lat' dir='ltr'><strong>eiusdem</strong></span> <span class='ocrx_word' id='word_1_145' title='bbox 1338 1948 1577 2027; x_wconf 83' lang='lat' dir='ltr'><strong>generis</strong></span> <span class='ocrx_word' id='word_1_146' title='bbox 1623 1954 1741 2028; x_wconf 75' lang='lat' dir='ltr'><strong>est,</strong></span> <span class='ocrx_word' id='word_1_147' title='bbox 1786 1947 1930 2006; x_wconf 81' lang='lat' dir='ltr'><strong>item</strong></span> <span class='ocrx_word' id='word_1_148' title='bbox 1977 1944 2235 2007; x_wconf 86' lang='lat' dir='ltr'><strong>velocior</strong></span> <span class='ocrx_word' id='word_1_149' title='bbox 2284 1965 2457 2029; x_wconf 86' lang='lat' dir='ltr'><strong>cane,</strong></span> <span class='ocrx_word' id='word_1_150' title='bbox 2512 1950 2616 2028; x_wconf 90' lang='lat' dir='ltr'><strong>qui</strong></span> <span class='ocrx_word' id='word_1_151' title='bbox 2661 1948 2906 2010; x_wconf 84' lang='lat' dir='ltr'><strong>alterius</strong></span> <span class='ocrx_word' id='word_1_152' title='bbox 2951 1951 3188 2030; x_wconf 77' lang='lat' dir='ltr'><strong>generis</strong></span> 
     </span>
    </p>
   </div>
   <div class='ocr_carea' id='block_1_7' title="bbox 584 2108 1010 2119">
    <p class='ocr_par' dir='ltr' id='par_1_7' title="bbox 584 2108 1010 2119">
     <span class='ocr_line' id='line_1_17' title="bbox 584 2108 1010 2119; baseline 0 3409"><span class='ocrx_word' id='word_1_153' title='bbox 584 2108 1010 2119; x_wconf 95' lang='lat' dir='ltr'><strong> </strong></span> 
     </span>
    </p>
   </div>
   <div class='ocr_carea' id='block_1_8' title="bbox 587 2189 3190 2342">
    <p class='ocr_par' dir='ltr' id='par_1_8' title="bbox 587 2189 3190 2342">
     <span class='ocr_line' id='line_1_18' title="bbox 766 2189 3190 2263; baseline 0 -14"><span class='ocrx_word' id='word_1_154' title='bbox 766 2193 944 2249; x_wconf 73' lang='lat' dir='ltr'><strong>Codex</strong></span> <span class='ocrx_word' id='word_1_155' title='bbox 998 2192 1391 2261; x_wconf 65' lang='lat' dir='ltr'><strong>Sangallensis.</strong></span> <span class='ocrx_word' id='word_1_156' title='bbox 1502 2197 1529 2245; x_wconf 92' lang='lat'>1</span> <span class='ocrx_word' id='word_1_157' title='bbox 1590 2190 1664 2244; x_wconf 76' lang='lat' dir='ltr'><strong>ab</strong></span> <span class='ocrx_word' id='word_1_158' title='bbox 1718 2189 1986 2245; x_wconf 77' lang='lat' dir='ltr'><strong>adverbio</strong></span> <span class='ocrx_word' id='word_1_159' title='bbox 2042 2207 2142 2245; x_wconf 81' lang='lat' dir='ltr'><strong>om.</strong></span> <span class='ocrx_word' id='word_1_160' title='bbox 2324 2198 2356 2245; x_wconf 83' lang='lat'><strong>2</strong></span> <span class='ocrx_word' id='word_1_161' title='bbox 2404 2193 2536 2246; x_wconf 72' lang='lat' dir='ltr'><strong>sunt</strong></span> <span class='ocrx_word' id='word_1_162' title='bbox 2580 2193 2782 2261; x_wconf 82' lang='lat' dir='ltr'><strong>quibus</strong></span> <span class='ocrx_word' id='word_1_163' title='bbox 2961 2200 2993 2248; x_wconf 85' lang='lat'><strong>3</strong></span> <span class='ocrx_word' id='word_1_164' title='bbox 3045 2210 3190 2263; x_wconf 72' lang='lat' dir='ltr'><strong>quae</strong></span> 
     </span>
     <span class='ocr_line' id='line_1_19' title="bbox 587 2268 3190 2342; baseline -0.001 -12"><span class='ocrx_word' id='word_1_165' title='bbox 587 2275 856 2331; x_wconf 80' lang='lat' dir='ltr'><strong>adiuersis</strong></span> <span class='ocrx_word' id='word_1_166' title='bbox 1010 2277 1042 2325; x_wconf 80' lang='lat'><strong>5</strong></span> <span class='ocrx_word' id='word_1_167' title='bbox 1081 2270 1412 2342; x_wconf 61' lang='lat' dir='ltr'><strong>comptu-itio</strong></span> <span class='ocrx_word' id='word_1_168' title='bbox 1573 2277 1605 2326; x_wconf 79' lang='lat'><strong>6</strong></span> <span class='ocrx_word' id='word_1_169' title='bbox 1642 2269 1903 2339; x_wconf 86' lang='lat' dir='ltr'><strong>equidem</strong></span> <span class='ocrx_word' id='word_1_170' title='bbox 2064 2276 2097 2324; x_wconf 88' lang='lat'>8</span> <span class='ocrx_word' id='word_1_171' title='bbox 2136 2268 2282 2324; x_wconf 74' lang='lat' dir='ltr'><strong>sicut</strong></span> <span class='ocrx_word' id='word_1_172' title='bbox 2318 2271 2594 2326; x_wconf 75' lang='lat' dir='ltr'><strong>contrario</strong></span> <span class='ocrx_word' id='word_1_173' title='bbox 2760 2279 2824 2327; x_wconf 90' lang='grc'><strong>10</strong></span> <span class='ocrx_word' id='word_1_174' title='bbox 2864 2275 3053 2329; x_wconf 78' lang='lat' dir='ltr'><strong>autem</strong></span> <span class='ocrx_word' id='word_1_175' title='bbox 3087 2290 3190 2329; x_wconf 85' lang='lat' dir='ltr'><strong>om.</strong></span> 
     </span>
    </p>
   </div>
   <div class='ocr_carea' id='block_1_9' title="bbox 586 2421 1011 2432">
    <p class='ocr_par' dir='ltr' id='par_1_9' title="bbox 586 2421 1011 2432">
     <span class='ocr_line' id='line_1_20' title="bbox 586 2421 1011 2432; baseline 0 3096"><span class='ocrx_word' id='word_1_176' title='bbox 586 2421 1011 2432; x_wconf 95' lang='lat' dir='ltr'><strong> </strong></span> 
     </span>
    </p>
   </div>
   <div class='ocr_carea' id='block_1_10' title="bbox 588 2501 3195 2901">
    <p class='ocr_par' dir='ltr' id='par_1_10' title="bbox 588 2501 3195 2901">
     <span class='ocr_line' id='line_1_21' title="bbox 766 2501 3195 2576; baseline 0 -14"><span class='ocrx_word' id='word_1_177' title='bbox 766 2515 798 2562; x_wconf 82' lang='grc'>6</span> <span class='ocrx_word' id='word_1_178' title='bbox 837 2504 1055 2576; x_wconf 72' lang='lat' dir='ltr'><strong>teneniz]</strong></span> <span class='ocrx_word' id='word_1_179' title='bbox 1109 2504 1295 2559; x_wconf 77' lang='lat' dir='ltr'><strong>tenuit</strong></span> <span class='ocrx_word' id='word_1_180' title='bbox 1350 2503 1635 2558; x_wconf 69' lang='lat' dir='ltr'><strong>Charisius</strong></span> <span class='ocrx_word' id='word_1_181' title='bbox 1680 2518 1742 2571; x_wconf 84' lang='lat' dir='ltr'><strong>p.</strong></span> <span class='ocrx_word' id='word_1_182' title='bbox 1796 2506 1975 2569; x_wconf 74' lang='lat'><strong><em>157,4,</em></strong></span> <span class='ocrx_word' id='word_1_183' title='bbox 2029 2517 2140 2557; x_wconf 72' lang='lat' dir='ltr'><strong>eme.</strong></span> <span class='ocrx_word' id='word_1_184' title='bbox 2180 2501 2395 2557; x_wconf 74' lang='lat' dir='ltr'><strong>Charis.</strong></span> <span class='ocrx_word' id='word_1_185' title='bbox 2443 2519 2505 2572; x_wconf 84' lang='lat' dir='ltr'><strong>p.</strong></span> <span class='ocrx_word' id='word_1_186' title='bbox 2553 2509 2759 2572; x_wconf 86' lang='lat'><strong><em>536,39</em></strong></span> <span class='ocrx_word' id='word_1_187' title='bbox 2806 2548 2819 2561; x_wconf 92' lang='lat'><strong>.</strong></span> <span class='ocrx_word' id='word_1_188' title='bbox 2867 2507 2931 2561; x_wconf 72' lang='lat' dir='ltr'><strong>in</strong></span> <span class='ocrx_word' id='word_1_189' title='bbox 2983 2509 3195 2576; x_wconf 66' lang='lat' dir='ltr'><strong>graecis</strong></span> 
     </span>
     <span class='ocr_line' id='line_1_22' title="bbox 588 2581 3193 2659; baseline -0.001 -15"><span class='ocrx_word' id='word_1_190' title='bbox 588 2583 990 2659; x_wconf 73' lang='grc' dir='ltr'>προύχώρησεν</span> <span class='ocrx_word' id='word_1_191' title='bbox 1036 2585 1263 2640; x_wconf 78' lang='lat' dir='ltr'><strong>coniecit</strong></span> <span class='ocrx_word' id='word_1_192' title='bbox 1299 2585 1566 2655; x_wconf 71' lang='lat' dir='ltr'><strong>Hayenuo</strong></span> <span class='ocrx_word' id='word_1_193' title='bbox 1707 2583 1865 2638; x_wconf 88' lang='lat' dir='ltr'><strong>nullo</strong></span> <span class='ocrx_word' id='word_1_194' title='bbox 1910 2581 2134 2652; x_wconf 86' lang='lat' dir='ltr'><strong>quidem</strong></span> <span class='ocrx_word' id='word_1_195' title='bbox 2172 2581 2249 2635; x_wconf 99' lang='lat' dir='ltr'><strong><em>M</em></strong></span> <span class='ocrx_word' id='word_1_196' title='bbox 2310 2645 2313 2646; x_wconf 16' lang='lat'><em>⁷</em></span> <span class='ocrx_word' id='word_1_197' title='bbox 2385 2588 2415 2637; x_wconf 85' lang='grc'><strong>7</strong></span> <span class='ocrx_word' id='word_1_198' title='bbox 2463 2601 2566 2637; x_wconf 71' lang='lat' dir='ltr'><strong>sav</strong></span> <span class='ocrx_word' id='word_1_199' title='bbox 2612 2603 2806 2647; x_wconf 79' lang='grc' dir='ltr'>αυτοις</span> <span class='ocrx_word' id='word_1_200' title='bbox 2850 2584 2898 2639; x_wconf 79' lang='lat' dir='ltr'><strong>si</strong></span> <span class='ocrx_word' id='word_1_201' title='bbox 2943 2584 3023 2640; x_wconf 82' lang='lat' dir='ltr'><strong>eis</strong></span> <span class='ocrx_word' id='word_1_202' title='bbox 3071 2590 3080 2651; x_wconf 83' lang='grc' dir='ltr'>Ι</span> <span class='ocrx_word' id='word_1_203' title='bbox 3128 2606 3193 2641; x_wconf 79' lang='grc' dir='ltr'>το</span> 
     </span>
     <span class='ocr_line' id='line_1_23' title="bbox 591 2661 3195 2739; baseline -0.001 -16"><span class='ocrx_word' id='word_1_204' title='bbox 591 2672 800 2739; x_wconf 74' lang='grc' dir='ltr'>μαλλον</span> <span class='ocrx_word' id='word_1_205' title='bbox 833 2664 1015 2736; x_wconf 79' lang='lat' dir='ltr'><strong>magis</strong></span> <span class='ocrx_word' id='word_1_206' title='bbox 1037 2665 1111 2719; x_wconf 89' lang='lat' dir='ltr'><strong><em>M</em></strong></span> <span class='ocrx_word' id='word_1_207' title='bbox 1252 2670 1285 2718; x_wconf 88' lang='lat'>8</span> <span class='ocrx_word' id='word_1_208' title='bbox 1316 2683 1380 2718; x_wconf 80' lang='grc' dir='ltr'><strong>εκ</strong></span> <span class='ocrx_word' id='word_1_209' title='bbox 1407 2683 1508 2719; x_wconf 85' lang='grc' dir='ltr'>του</span> <span class='ocrx_word' id='word_1_210' title='bbox 1537 2682 1799 2720; x_wconf 79' lang='grc' dir='ltr'>εναντιου</span> <span class='ocrx_word' id='word_1_211' title='bbox 1828 2680 1895 2717; x_wconf 87' lang='lat' dir='ltr'><strong>ex</strong></span> <span class='ocrx_word' id='word_1_212' title='bbox 1924 2661 2199 2718; x_wconf 72' lang='lat' dir='ltr'><strong>contrario</strong></span> <span class='ocrx_word' id='word_1_213' title='bbox 2227 2662 2409 2717; x_wconf 83' lang='lat' dir='ltr'><strong>minus</strong></span> <span class='ocrx_word' id='word_1_214' title='bbox 2437 2665 2496 2718; x_wconf 81' lang='lat' dir='ltr'><strong>et</strong></span> <span class='ocrx_word' id='word_1_215' title='bbox 2522 2663 2751 2719; x_wconf 87' lang='lat' dir='ltr'><strong>minime</strong></span> <span class='ocrx_word' id='word_1_216' title='bbox 2781 2668 2790 2734; x_wconf 89' lang='grc' dir='ltr'>Ι</span> <span class='ocrx_word' id='word_1_217' title='bbox 2821 2667 3195 2734; x_wconf 74' lang='grc' dir='ltr'>προσβαλεται</span> 
     </span>
     <span class='ocr_line' id='line_1_24' title="bbox 588 2741 3195 2815; baseline -0 -10"><span class='ocrx_word' id='word_1_218' title='bbox 588 2748 906 2805; x_wconf 74' lang='lat' dir='ltr'><strong>adiciuntur</strong></span> <span class='ocrx_word' id='word_1_219' title='bbox 944 2745 1020 2801; x_wconf 92' lang='lat' dir='ltr'><strong><em>M</em></strong></span> <span class='ocrx_word' id='word_1_220' title='bbox 1181 2749 1246 2799; x_wconf 91' lang='grc'><strong>10</strong></span> <span class='ocrx_word' id='word_1_221' title='bbox 1284 2747 1552 2815; x_wconf 74' lang='grc' dir='ltr'>χρωμεθα</span> <span class='ocrx_word' id='word_1_222' title='bbox 1589 2746 1654 2800; x_wconf 75' lang='grc' dir='ltr'>σε</span> <span class='ocrx_word' id='word_1_223' title='bbox 1693 2741 1904 2799; x_wconf 83' lang='lat' dir='ltr'><strong>utimur</strong></span> <span class='ocrx_word' id='word_1_224' title='bbox 1940 2746 2129 2799; x_wconf 78' lang='lat' dir='ltr'><strong>autem</strong></span> <span class='ocrx_word' id='word_1_225' title='bbox 2168 2744 2243 2798; x_wconf 91' lang='lat' dir='ltr'><strong><em>M</em></strong></span> <span class='ocrx_word' id='word_1_226' title='bbox 2403 2749 2466 2799; x_wconf 86' lang='lat'><strong>13</strong></span> <span class='ocrx_word' id='word_1_227' title='bbox 2504 2747 2702 2800; x_wconf 75' lang='grc' dir='ltr'>θασσω</span> <span class='ocrx_word' id='word_1_228' title='bbox 2743 2766 2904 2801; x_wconf 66' lang='lat' dir='ltr'><strong>mam</strong></span> <span class='ocrx_word' id='word_1_229' title='bbox 2950 2747 3195 2804; x_wconf 76' lang='lat' dir='ltr'><strong>uelocior</strong></span> 
     </span>
     <span class='ocr_line' id='line_1_25' title="bbox 591 2824 2935 2901; baseline -0.001 -16"><span class='ocrx_word' id='word_1_230' title='bbox 591 2847 737 2901; x_wconf 87' lang='lat' dir='ltr'><strong>equo</strong></span> <span class='ocrx_word' id='word_1_231' title='bbox 768 2831 776 2898; x_wconf 94' lang='grc' dir='ltr'>Ι</span> <span class='ocrx_word' id='word_1_232' title='bbox 809 2833 1030 2897; x_wconf 65' lang='lat' dir='ltr'><strong>lernou</strong></span> <span class='ocrx_word' id='word_1_233' title='bbox 1066 2846 1168 2881; x_wconf 86' lang='grc' dir='ltr'>του</span> <span class='ocrx_word' id='word_1_234' title='bbox 1206 2825 1412 2881; x_wconf 77' lang='lat' dir='ltr'><strong>dicitur</strong></span> <span class='ocrx_word' id='word_1_235' title='bbox 1447 2825 1545 2897; x_wconf 87' lang='lat' dir='ltr'><strong>qui</strong></span> <span class='ocrx_word' id='word_1_236' title='bbox 1576 2827 1586 2897; x_wconf 86' lang='grc' dir='ltr'>Ι</span> <span class='ocrx_word' id='word_1_237' title='bbox 1618 2843 1931 2896; x_wconf 77' lang='grc' dir='ltr'>ομονγενου</span> <span class='ocrx_word' id='word_1_238' title='bbox 1969 2844 2159 2887; x_wconf 57' lang='lat' dir='ltr'><strong>mvi-mc</strong></span> <span class='ocrx_word' id='word_1_239' title='bbox 2195 2824 2438 2880; x_wconf 78' lang='lat' dir='ltr'><strong>eiusdem</strong></span> <span class='ocrx_word' id='word_1_240' title='bbox 2475 2825 2698 2895; x_wconf 81' lang='lat' dir='ltr'><strong>generis</strong></span> <span class='ocrx_word' id='word_1_241' title='bbox 2735 2828 2822 2882; x_wconf 77' lang='lat' dir='ltr'><strong>est</strong></span> <span class='ocrx_word' id='word_1_242' title='bbox 2858 2827 2935 2881; x_wconf 99' lang='lat' dir='ltr'><strong><em>M</em></strong></span> 
     </span>
    </p>
   </div>
   <div class='ocr_carea' id='block_1_11' title="bbox 589 3128 3197 3756">
    <p class='ocr_par' dir='ltr' id='par_1_11' title="bbox 589 3128 3197 3756">
     <span class='ocr_line' id='line_1_26' title="bbox 589 3128 3197 3219; baseline -0 -17"><span class='ocrx_word' id='word_1_243' title='bbox 589 3131 719 3202; x_wconf 76' lang='grc' dir='ltr'><strong>ἀπὸ</strong></span> <span class='ocrx_word' id='word_1_244' title='bbox 764 3136 886 3202; x_wconf 83' lang='grc' dir='ltr'>τοῦ</span> <span class='ocrx_word' id='word_1_245' title='bbox 1065 3140 1229 3218; x_wconf 88' lang='lat' dir='ltr'><strong>prior</strong></span> <span class='ocrx_word' id='word_1_246' title='bbox 1272 3131 1384 3199; x_wconf 84' lang='grc' dir='ltr'>καὶ</span> <span class='ocrx_word' id='word_1_247' title='bbox 1429 3139 1658 3218; x_wconf 87' lang='lat' dir='ltr'><strong>primus</strong></span> <span class='ocrx_word' id='word_1_248' title='bbox 1703 3128 1834 3200; x_wconf 83' lang='grc' dir='ltr'><strong>ἀπὸ</strong></span> <span class='ocrx_word' id='word_1_249' title='bbox 1880 3134 2002 3200; x_wconf 84' lang='grc' dir='ltr'>τοῦ</span> <span class='ocrx_word' id='word_1_250' title='bbox 2049 3128 2493 3219; x_wconf 75' lang='grc' dir='ltr'>ἐπιρρήματος</span> <span class='ocrx_word' id='word_1_251' title='bbox 2527 3142 2727 3215; x_wconf 79' lang='lat' dir='ltr'><strong>prius.</strong></span> <span class='ocrx_word' id='word_1_252' title='bbox 2816 3131 2967 3201; x_wconf 78' lang='grc' dir='ltr'>τινὰ</span> <span class='ocrx_word' id='word_1_253' title='bbox 3015 3138 3197 3202; x_wconf 80' lang='grc' dir='ltr'>ἔστιν</span> 
     </span>
     <span class='ocr_line' id='line_1_27' title="bbox 591 3223 3195 3328; baseline 0 -20"><span class='ocrx_word' id='word_1_254' title='bbox 591 3243 674 3309; x_wconf 82' lang='grc' dir='ltr'>ἐν</span> <span class='ocrx_word' id='word_1_255' title='bbox 721 3234 822 3320; x_wconf 84' lang='grc' dir='ltr'><strong>οἷς</strong></span> <span class='ocrx_word' id='word_1_256' title='bbox 874 3238 1091 3328; x_wconf 85' lang='grc' dir='ltr'>μόνον</span> <span class='ocrx_word' id='word_1_257' title='bbox 1146 3236 1182 3307; x_wconf 85' lang='grc' dir='ltr'>ὁ</span> <span class='ocrx_word' id='word_1_258' title='bbox 1239 3236 1505 3327; x_wconf 83' lang='grc' dir='ltr'>βαθμὸς</span> <span class='ocrx_word' id='word_1_259' title='bbox 1557 3235 1594 3307; x_wconf 85' lang='grc' dir='ltr'><strong>ὁ</strong></span> <span class='ocrx_word' id='word_1_260' title='bbox 1651 3236 2094 3326; x_wconf 82' lang='grc' dir='ltr'>ὑπερθετικός</span> <span class='ocrx_word' id='word_1_261' title='bbox 2150 3236 2521 3325; x_wconf 82' lang='grc' dir='ltr'>εὑρίσκεται</span> <span class='ocrx_word' id='word_1_262' title='bbox 2650 3292 2665 3307; x_wconf 92' lang='grc'><strong>.</strong></span> <span class='ocrx_word' id='word_1_263' title='bbox 2709 3238 2862 3308; x_wconf 80' lang='grc' dir='ltr'>τινὰ</span> <span class='ocrx_word' id='word_1_264' title='bbox 2918 3223 3097 3308; x_wconf 77' lang='grc' dir='ltr'>ἔστιν</span> <span class='ocrx_word' id='word_1_265' title='bbox 3152 3237 3195 3308; x_wconf 78' lang='grc' dir='ltr'><em>ἃ</em></span> 
     </span>
     <span class='ocr_line' id='line_1_28' title="bbox 593 3343 3196 3433; baseline 0.001 -19"><span class='ocrx_word' id='word_1_266' title='bbox 593 3346 947 3433; x_wconf 79' lang='grc' dir='ltr'>διαφόροις</span> <span class='ocrx_word' id='word_1_267' title='bbox 991 3344 1224 3425; x_wconf 82' lang='grc' dir='ltr'>τύποις</span> <span class='ocrx_word' id='word_1_268' title='bbox 1269 3349 1363 3425; x_wconf 82' lang='grc' dir='ltr'><strong>εἰς</strong></span> <span class='ocrx_word' id='word_1_269' title='bbox 1409 3343 1761 3433; x_wconf 76' lang='grc' dir='ltr'>σύγκρισιν</span> <span class='ocrx_word' id='word_1_270' title='bbox 1817 3350 2073 3433; x_wconf 81' lang='grc' dir='ltr'>ἔρχεται</span> <span class='ocrx_word' id='word_1_271' title='bbox 2209 3398 2224 3412; x_wconf 91' lang='grc'><strong>.</strong></span> <span class='ocrx_word' id='word_1_272' title='bbox 2251 3344 2515 3425; x_wconf 82' lang='grc' dir='ltr'>τούτοις</span> <span class='ocrx_word' id='word_1_273' title='bbox 2570 3344 2699 3433; x_wconf 81' lang='grc' dir='ltr'>γὰρ</span> <span class='ocrx_word' id='word_1_274' title='bbox 2757 3346 2868 3415; x_wconf 80' lang='grc' dir='ltr'><strong>διὰ</strong></span> <span class='ocrx_word' id='word_1_275' title='bbox 2922 3348 3196 3416; x_wconf 80' lang='grc' dir='ltr'>πάντων</span> 
     </span>
     <span class='ocr_line' id='line_1_29' title="bbox 589 3448 3197 3541; baseline 0 -20"><span class='ocrx_word' id='word_1_276' title='bbox 589 3457 728 3522; x_wconf 80' lang='grc' dir='ltr'><strong>τῶν</strong></span> <span class='ocrx_word' id='word_1_277' title='bbox 772 3457 979 3539; x_wconf 79' lang='grc' dir='ltr'>τριῶν</span> <span class='ocrx_word' id='word_1_278' title='bbox 1021 3455 1311 3540; x_wconf 76' lang='grc' dir='ltr'>βαθμῶν</span> <span class='ocrx_word' id='word_1_279' title='bbox 1357 3450 1400 3539; x_wconf 84' lang='grc' dir='ltr'><em>ἡ</em></span> <span class='ocrx_word' id='word_1_280' title='bbox 1448 3451 1792 3539; x_wconf 78' lang='grc' dir='ltr'>σύγκρισις</span> <span class='ocrx_word' id='word_1_281' title='bbox 1836 3450 2285 3540; x_wconf 81' lang='grc' dir='ltr'>προχωρήσει,</span> <span class='ocrx_word' id='word_1_282' title='bbox 2332 3448 2479 3520; x_wconf 79' lang='grc' dir='ltr'><strong><em>ἀλλ’</em></strong></span> <span class='ocrx_word' id='word_1_283' title='bbox 2533 3449 2712 3541; x_wconf 81' lang='grc' dir='ltr'>ὅμως</span> <span class='ocrx_word' id='word_1_284' title='bbox 2749 3452 2872 3522; x_wconf 82' lang='grc' dir='ltr'><strong>οὐκ</strong></span> <span class='ocrx_word' id='word_1_285' title='bbox 2909 3458 3040 3541; x_wconf 84' lang='grc' dir='ltr'>ἔχει</span> <span class='ocrx_word' id='word_1_286' title='bbox 3079 3456 3197 3523; x_wconf 79' lang='grc' dir='ltr'><strong>ἕνα</strong></span> 
     </span>
     <span class='ocr_line' id='line_1_30' title="bbox 589 3554 3194 3654; baseline -0 -23"><span class='ocrx_word' id='word_1_287' title='bbox 589 3560 803 3631; x_wconf 84' lang='grc' dir='ltr'>τύπον</span> <span class='ocrx_word' id='word_1_288' title='bbox 866 3564 989 3629; x_wconf 85' lang='grc' dir='ltr'>τοῦ</span> <span class='ocrx_word' id='word_1_289' title='bbox 1052 3556 1402 3646; x_wconf 84' lang='grc' dir='ltr'>ὀνόματος.</span> <span class='ocrx_word' id='word_1_290' title='bbox 1511 3564 1691 3627; x_wconf 81' lang='grc' dir='ltr'>ἔστιν</span> <span class='ocrx_word' id='word_1_291' title='bbox 1751 3558 1921 3628; x_wconf 76' lang='grc' dir='ltr'>ἄλλα</span> <span class='ocrx_word' id='word_1_292' title='bbox 1993 3557 2289 3628; x_wconf 78' lang='grc' dir='ltr'><strong>ἀπόλυτα</strong></span> <span class='ocrx_word' id='word_1_293' title='bbox 2353 3554 2395 3627; x_wconf 79' lang='grc' dir='ltr'><em>ἃ</em></span> <span class='ocrx_word' id='word_1_294' title='bbox 2463 3558 2693 3628; x_wconf 84' lang='grc' dir='ltr'>οὐδενὶ</span> <span class='ocrx_word' id='word_1_295' title='bbox 2764 3559 2889 3649; x_wconf 76' lang='grc' dir='ltr'>μὲν</span> <span class='ocrx_word' id='word_1_296' title='bbox 2950 3565 3194 3654; x_wconf 78' lang='grc' dir='ltr'>βαθμῷ</span> 
     </span>
     <span class='ocr_line' id='line_1_31' title="bbox 592 3665 3197 3756; baseline 0.001 -20"><span class='ocrx_word' id='word_1_297' title='bbox 592 3673 999 3756; x_wconf 76' lang='grc' dir='ltr'><strong>συγκρίσεως</strong></span> <span class='ocrx_word' id='word_1_298' title='bbox 1043 3670 1398 3753; x_wconf 84' lang='grc' dir='ltr'>τυποῦται,</span> <span class='ocrx_word' id='word_1_299' title='bbox 1453 3665 1846 3754; x_wconf 79' lang='grc' dir='ltr'>ἀναδέχεται</span> <span class='ocrx_word' id='word_1_300' title='bbox 1900 3670 2130 3755; x_wconf 80' lang='grc' dir='ltr'>μέντοι</span> <span class='ocrx_word' id='word_1_301' title='bbox 2183 3666 2305 3755; x_wconf 81' lang='grc' dir='ltr'><strong>τὴν</strong></span> <span class='ocrx_word' id='word_1_302' title='bbox 2363 3665 2739 3754; x_wconf 76' lang='grc' dir='ltr'>σύγκρισιν,</span> <span class='ocrx_word' id='word_1_303' title='bbox 2797 3666 2915 3736; x_wconf 78' lang='grc' dir='ltr'>ἐὰν</span> <span class='ocrx_word' id='word_1_304' title='bbox 2971 3667 3197 3750; x_wconf 82' lang='grc' dir='ltr'>αὐτοῖς</span> 
     </span>
    </p>
   </div>
   <div class='ocr_carea' id='block_1_12' title="bbox 589 3771 3285 3863">
    <p class='ocr_par' dir='ltr' id='par_1_12' title="bbox 589 3771 3285 3863">
     <span class='ocr_line' id='line_1_32' title="bbox 589 3771 3285 3863; baseline 0 -18"><span class='ocrx_word' id='word_1_305' title='bbox 589 3775 665 3846; x_wconf 90' lang='grc' dir='ltr'>τὸ</span> <span class='ocrx_word' id='word_1_306' title='bbox 713 3779 968 3863; x_wconf 79' lang='grc' dir='ltr'>μᾶλλον</span> <span class='ocrx_word' id='word_1_307' title='bbox 1023 3775 1353 3862; x_wconf 75' lang='grc' dir='ltr'><strong>ἐπίρρημα</strong></span> <span class='ocrx_word' id='word_1_308' title='bbox 1411 3772 1841 3861; x_wconf 82' lang='grc' dir='ltr'>ζευχθήσεται</span> <span class='ocrx_word' id='word_1_309' title='bbox 1894 3773 2006 3841; x_wconf 84' lang='grc' dir='ltr'>καὶ</span> <span class='ocrx_word' id='word_1_310' title='bbox 2067 3771 2144 3842; x_wconf 89' lang='grc' dir='ltr'>τό</span> <span class='ocrx_word' id='word_1_311' title='bbox 2280 3826 2300 3860; x_wconf 93' lang='grc'>,</span> <span class='ocrx_word' id='word_1_312' title='bbox 2349 3772 2596 3862; x_wconf 86' lang='grc' dir='ltr'>ὁμοίως</span> <span class='ocrx_word' id='word_1_313' title='bbox 2657 3772 2876 3863; x_wconf 73' lang='grc' dir='ltr'>ὥσπερ</span> <span class='ocrx_word' id='word_1_314' title='bbox 2941 3779 3013 3845; x_wconf 82' lang='grc' dir='ltr'><strong>ἐκ</strong></span> <span class='ocrx_word' id='word_1_315' title='bbox 3074 3780 3196 3846; x_wconf 85' lang='grc' dir='ltr'>τοῦ</span> <span class='ocrx_word' id='word_1_316' title='bbox 3278 3821 3285 3827; x_wconf 81' lang='lat'><strong>·</strong></span> 
     </span>
    </p>
   </div>
   <div class='ocr_carea' id='block_1_13' title="bbox 593 3878 3199 4611">
    <p class='ocr_par' dir='ltr' id='par_1_13' title="bbox 593 3878 1638 3967">
     <span class='ocr_line' id='line_1_33' title="bbox 593 3878 1638 3967; baseline -0.002 -15"><span class='ocrx_word' id='word_1_317' title='bbox 593 3885 908 3952; x_wconf 79' lang='grc' dir='ltr'><strong>ἐναντίου</strong></span> <span class='ocrx_word' id='word_1_318' title='bbox 1084 3878 1585 3967; x_wconf 71' lang='grc' dir='ltr'>προσβάλλεται.</span> <span class='ocrx_word' id='word_1_319' title='bbox 1626 3882 1638 3967; x_wconf 91' lang='grc' dir='ltr'>Ι</span> 
     </span>
    </p>

    <p class='ocr_par' dir='ltr' id='par_1_14' title="bbox 596 3987 3199 4611">
     <span class='ocr_line' id='line_1_34' title="bbox 770 3987 3196 4083; baseline 0.002 -26"><span class='ocrx_word' id='word_1_320' title='bbox 770 3988 1108 4078; x_wconf 71' lang='grc' dir='ltr'>Χροίμεθα</span> <span class='ocrx_word' id='word_1_321' title='bbox 1157 3987 1230 4056; x_wconf 75' lang='grc' dir='ltr'><strong>δὲ</strong></span> <span class='ocrx_word' id='word_1_322' title='bbox 1265 3991 1355 4079; x_wconf 75' lang='grc' dir='ltr'>τῷ</span> <span class='ocrx_word' id='word_1_323' title='bbox 1393 3990 1636 4079; x_wconf 77' lang='grc' dir='ltr'>βαθμῷ</span> <span class='ocrx_word' id='word_1_324' title='bbox 1674 3989 1810 4056; x_wconf 76' lang='grc' dir='ltr'><strong>τῶν</strong></span> <span class='ocrx_word' id='word_1_325' title='bbox 1849 3991 2291 4074; x_wconf 79' lang='grc' dir='ltr'>συγκριτικῶν</span> <span class='ocrx_word' id='word_1_326' title='bbox 2328 3989 2402 4056; x_wconf 77' lang='grc' dir='ltr'>ἐν</span> <span class='ocrx_word' id='word_1_327' title='bbox 2441 3989 2543 4058; x_wconf 80' lang='grc' dir='ltr'><strong>ἑνὶ</strong></span> <span class='ocrx_word' id='word_1_328' title='bbox 2578 3991 2689 4058; x_wconf 86' lang='grc' dir='ltr'>καὶ</span> <span class='ocrx_word' id='word_1_329' title='bbox 2728 3991 2927 4083; x_wconf 76' lang='grc' dir='ltr'>ἑτέρω</span> <span class='ocrx_word' id='word_1_330' title='bbox 2956 3990 3196 4080; x_wconf 78' lang='grc' dir='ltr'>σχεδὸν</span> 
     </span>
     <span class='ocr_line' id='line_1_35' title="bbox 596 4090 3195 4186; baseline 0.001 -21"><span class='ocrx_word' id='word_1_331' title='bbox 596 4106 767 4176; x_wconf 75' lang='grc' dir='ltr'>ἴσοις</span> <span class='ocrx_word' id='word_1_332' title='bbox 793 4096 904 4163; x_wconf 88' lang='grc' dir='ltr'>καὶ</span> <span class='ocrx_word' id='word_1_333' title='bbox 934 4092 1192 4182; x_wconf 79' lang='grc' dir='ltr'>ὁμοίοις</span> <span class='ocrx_word' id='word_1_334' title='bbox 1236 4096 1399 4184; x_wconf 75' lang='grc' dir='ltr'>(τῶν</span> <span class='ocrx_word' id='word_1_335' title='bbox 1446 4093 1573 4182; x_wconf 80' lang='grc' dir='ltr'>γὰρ</span> <span class='ocrx_word' id='word_1_336' title='bbox 1618 4090 1964 4183; x_wconf 77' lang='grc' dir='ltr'>ἀνομοίων</span> <span class='ocrx_word' id='word_1_337' title='bbox 2010 4094 2352 4182; x_wconf 81' lang='grc' dir='ltr'>σύγκρισις</span> <span class='ocrx_word' id='word_1_338' title='bbox 2400 4093 2678 4185; x_wconf 77' lang='grc' dir='ltr'>οὐδεμία</span> <span class='ocrx_word' id='word_1_339' title='bbox 2715 4099 2948 4186; x_wconf 81' lang='grc' dir='ltr'>ἐστίν),</span> <span class='ocrx_word' id='word_1_340' title='bbox 2996 4095 3086 4178; x_wconf 79' lang='grc' dir='ltr'><strong>ὥς</strong></span> <span class='ocrx_word' id='word_1_341' title='bbox 3120 4097 3195 4169; x_wconf 87' lang='grc' dir='ltr'>τὸ</span> 
     </span>
     <span class='ocr_line' id='line_1_36' title="bbox 596 4192 3197 4294; baseline 0.001 -24"><span class='ocrx_word' id='word_1_342' title='bbox 596 4193 836 4288; x_wconf 82' lang='grc' dir='ltr'>,,οὗτοι</span> <span class='ocrx_word' id='word_1_343' title='bbox 884 4204 955 4268; x_wconf 72' lang='lat' dir='ltr'><strong>oc</strong></span> <span class='ocrx_word' id='word_1_344' title='bbox 996 4200 1121 4269; x_wconf 87' lang='grc' dir='ltr'><strong>δύο</strong></span> <span class='ocrx_word' id='word_1_345' title='bbox 1170 4199 1413 4288; x_wconf 78' lang='grc' dir='ltr'>ἄνδρες</span> <span class='ocrx_word' id='word_1_346' title='bbox 1460 4205 1755 4288; x_wconf 84' lang='grc' dir='ltr'>ἰσχυροί,</span> <span class='ocrx_word' id='word_1_347' title='bbox 1814 4198 1961 4269; x_wconf 81' lang='grc' dir='ltr'><strong><em>ἀλλ’</em></strong></span> <span class='ocrx_word' id='word_1_348' title='bbox 2016 4192 2211 4281; x_wconf 86' lang='grc' dir='ltr'>οὗτος</span> <span class='ocrx_word' id='word_1_349' title='bbox 2254 4205 2376 4270; x_wconf 85' lang='grc' dir='ltr'>τοῦ</span> <span class='ocrx_word' id='word_1_350' title='bbox 2423 4204 2654 4294; x_wconf 78' lang='grc' dir='ltr'>ἑτέρου</span> <span class='ocrx_word' id='word_1_351' title='bbox 2702 4205 3197 4293; x_wconf 51' lang='grc' dir='ltr'>ἰσχυρότεροςῑί.</span> 
     </span>
     <span class='ocr_line' id='line_1_37' title="bbox 596 4305 3199 4398; baseline 0.001 -21"><span class='ocrx_word' id='word_1_352' title='bbox 596 4307 846 4398; x_wconf 85' lang='grc' dir='ltr'>ὁμοίως</span> <span class='ocrx_word' id='word_1_353' title='bbox 904 4306 939 4377; x_wconf 86' lang='grc' dir='ltr'>ὁ</span> <span class='ocrx_word' id='word_1_354' title='bbox 1005 4307 1422 4395; x_wconf 78' lang='grc' dir='ltr'>συγκριτικὸς</span> <span class='ocrx_word' id='word_1_355' title='bbox 1483 4305 1751 4396; x_wconf 81' lang='grc' dir='ltr'>βαθμὸς</span> <span class='ocrx_word' id='word_1_356' title='bbox 1811 4308 1923 4376; x_wconf 82' lang='grc' dir='ltr'>καὶ</span> <span class='ocrx_word' id='word_1_357' title='bbox 1987 4306 2252 4389; x_wconf 83' lang='grc' dir='ltr'>τούτοις</span> <span class='ocrx_word' id='word_1_358' title='bbox 2316 4323 2457 4389; x_wconf 81' lang='grc' dir='ltr'>τοῖς</span> <span class='ocrx_word' id='word_1_359' title='bbox 2523 4315 2645 4379; x_wconf 88' lang='grc' dir='ltr'>τοῦ</span> <span class='ocrx_word' id='word_1_360' title='bbox 2699 4310 2906 4380; x_wconf 84' lang='grc' dir='ltr'>αὐτοῦ</span> <span class='ocrx_word' id='word_1_361' title='bbox 2959 4313 3199 4397; x_wconf 79' lang='grc' dir='ltr'>γένους</span> 
     </span>
     <span class='ocr_line' id='line_1_38' title="bbox 596 4407 3197 4503; baseline 0.001 -18"><span class='ocrx_word' id='word_1_362' title='bbox 596 4408 791 4485; x_wconf 84' lang='grc' dir='ltr'>οὖσιν</span> <span class='ocrx_word' id='word_1_363' title='bbox 837 4416 947 4484; x_wconf 89' lang='grc' dir='ltr'>καὶ</span> <span class='ocrx_word' id='word_1_364' title='bbox 991 4413 1253 4495; x_wconf 87' lang='grc' dir='ltr'>τούτοις</span> <span class='ocrx_word' id='word_1_365' title='bbox 1296 4430 1436 4496; x_wconf 83' lang='grc' dir='ltr'>τοῖς</span> <span class='ocrx_word' id='word_1_366' title='bbox 1483 4416 1712 4503; x_wconf 80' lang='grc' dir='ltr'>ἑτέρου</span> <span class='ocrx_word' id='word_1_367' title='bbox 1760 4407 1956 4483; x_wconf 83' lang='grc' dir='ltr'>οὖσιν</span> <span class='ocrx_word' id='word_1_368' title='bbox 2004 4420 2459 4503; x_wconf 81' lang='grc' dir='ltr'>συγκρίνεται,</span> <span class='ocrx_word' id='word_1_369' title='bbox 2517 4414 2607 4498; x_wconf 76' lang='grc' dir='ltr'><strong>ὡς</strong></span> <span class='ocrx_word' id='word_1_370' title='bbox 2664 4415 2740 4486; x_wconf 88' lang='grc' dir='ltr'>τὸ</span> <span class='ocrx_word' id='word_1_371' title='bbox 2788 4422 2984 4499; x_wconf 79' lang='grc' dir='ltr'>ἵππος</span> <span class='ocrx_word' id='word_1_372' title='bbox 3027 4419 3197 4487; x_wconf 78' lang='grc' dir='ltr'>θάσ-</span> 
     </span>
     <span class='ocr_line' id='line_1_39' title="bbox 597 4519 3197 4611; baseline 0.002 -20"><span class='ocrx_word' id='word_1_373' title='bbox 597 4542 736 4592; x_wconf 92' lang='grc' dir='ltr'><strong>σων</strong></span> <span class='ocrx_word' id='word_1_374' title='bbox 782 4526 988 4590; x_wconf 80' lang='grc' dir='ltr'>ἵππου</span> <span class='ocrx_word' id='word_1_375' title='bbox 1032 4524 1289 4609; x_wconf 80' lang='grc' dir='ltr'>λέγεται</span> <span class='ocrx_word' id='word_1_376' title='bbox 1333 4527 1456 4592; x_wconf 86' lang='grc' dir='ltr'>τοῦ</span> <span class='ocrx_word' id='word_1_377' title='bbox 1504 4520 1871 4611; x_wconf 85' lang='grc' dir='ltr'>ὁμογενοῦς</span> <span class='ocrx_word' id='word_1_378' title='bbox 1917 4520 2141 4609; x_wconf 84' lang='grc' dir='ltr'>ὄντος,</span> <span class='ocrx_word' id='word_1_379' title='bbox 2199 4519 2447 4610; x_wconf 82' lang='grc' dir='ltr'>ὁμοίως</span> <span class='ocrx_word' id='word_1_380' title='bbox 2490 4525 2772 4593; x_wconf 72' lang='grc' dir='ltr'>θάσσων</span> <span class='ocrx_word' id='word_1_381' title='bbox 2827 4524 3032 4606; x_wconf 86' lang='grc' dir='ltr'>κυνὸς</span> <span class='ocrx_word' id='word_1_382' title='bbox 3075 4531 3197 4595; x_wconf 86' lang='grc' dir='ltr'>τοῦ</span> 
     </span>
    </p>
   </div>
   <div class='ocr_carea' id='block_1_14' title="bbox 594 4652 1021 4662">
    <p class='ocr_par' dir='ltr' id='par_1_15' title="bbox 594 4652 1021 4662">
     <span class='ocr_line' id='line_1_40' title="bbox 594 4652 1021 4662; baseline 0 866"><span class='ocrx_word' id='word_1_383' title='bbox 594 4652 1021 4662; x_wconf 95' lang='lat' dir='ltr'><strong> </strong></span> 
     </span>
    </p>
   </div>
   <div class='ocr_carea' id='block_1_15' title="bbox 598 4768 3195 4930">
    <p class='ocr_par' dir='ltr' id='par_1_16' title="bbox 598 4768 3195 4930">
     <span class='ocr_line' id='line_1_41' title="bbox 776 4768 3195 4852; baseline 0.002 -25"><span class='ocrx_word' id='word_1_384' title='bbox 776 4779 803 4827; x_wconf 92' lang='grc'>1</span> <span class='ocrx_word' id='word_1_385' title='bbox 843 4771 1017 4843; x_wconf 87' lang='lat' dir='ltr'><strong>prior]</strong></span> <span class='ocrx_word' id='word_1_386' title='bbox 1054 4772 1181 4842; x_wconf 86' lang='lat' dir='ltr'><strong>pior</strong></span> <span class='ocrx_word' id='word_1_387' title='bbox 1321 4772 1474 4843; x_wconf 80' lang='lat' dir='ltr'><strong>prius</strong></span> <span class='ocrx_word' id='word_1_388' title='bbox 1511 4790 1612 4829; x_wconf 85' lang='lat' dir='ltr'><strong>om.</strong></span> <span class='ocrx_word' id='word_1_389' title='bbox 1766 4779 1798 4829; x_wconf 78' lang='lat'><strong>2</strong></span> <span class='ocrx_word' id='word_1_390' title='bbox 1840 4768 1903 4828; x_wconf 75' lang='grc' dir='ltr'>ἐν</span> <span class='ocrx_word' id='word_1_391' title='bbox 1940 4788 2040 4831; x_wconf 82' lang='lat' dir='ltr'><strong>om.</strong></span> <span class='ocrx_word' id='word_1_392' title='bbox 2195 4780 2229 4827; x_wconf 82' lang='lat'>4</span> <span class='ocrx_word' id='word_1_393' title='bbox 2265 4792 2603 4844; x_wconf 75' lang='grc' dir='ltr'>τροχωρησει</span> <span class='ocrx_word' id='word_1_394' title='bbox 2765 4781 2796 4831; x_wconf 83' lang='grc'>5</span> <span class='ocrx_word' id='word_1_395' title='bbox 2835 4769 3030 4831; x_wconf 71' lang='grc' dir='ltr'>οὐδενὶ</span> <span class='ocrx_word' id='word_1_396' title='bbox 3063 4774 3195 4852; x_wconf 79' lang='grc' dir='ltr'>μέν]</span> 
     </span>
     <span class='ocr_line' id='line_1_42' title="bbox 598 4853 2695 4930; baseline 0 -19"><span class='ocrx_word' id='word_1_397' title='bbox 598 4853 837 4927; x_wconf 81' lang='grc' dir='ltr'>ουδενμε</span> <span class='ocrx_word' id='word_1_398' title='bbox 984 4859 1014 4908; x_wconf 87' lang='grc'><strong>7</strong></span> <span class='ocrx_word' id='word_1_399' title='bbox 1053 4853 1263 4930; x_wconf 73' lang='grc' dir='ltr'>μᾶλλον</span> <span class='ocrx_word' id='word_1_400' title='bbox 1299 4869 1399 4911; x_wconf 82' lang='lat' dir='ltr'><strong>om.</strong></span> <span class='ocrx_word' id='word_1_401' title='bbox 1544 4859 1575 4910; x_wconf 81' lang='lat'>9</span> <span class='ocrx_word' id='word_1_402' title='bbox 1615 4860 1892 4928; x_wconf 80' lang='grc' dir='ltr'>σῦκριτων</span> <span class='ocrx_word' id='word_1_403' title='bbox 2040 4860 2106 4910; x_wconf 80' lang='lat'><strong>14</strong></span> <span class='ocrx_word' id='word_1_404' title='bbox 2144 4873 2307 4909; x_wconf 84' lang='grc' dir='ltr'>ιπποι</span> <span class='ocrx_word' id='word_1_405' title='bbox 2343 4873 2653 4926; x_wconf 80' lang='grc' dir='ltr'>ομογενονς</span> <span class='ocrx_word' id='word_1_406' title='bbox 2690 4896 2695 4901; x_wconf 86' lang='grc'>-</span> 
     </span>
    </p>
   </div>
   <div class='ocr_carea' id='block_1_16' title="bbox 3228 4130 3282 4169">
    <p class='ocr_par' dir='ltr' id='par_1_17' title="bbox 3228 4130 3282 4169">
     <span class='ocr_line' id='line_1_43' title="bbox 3228 4130 3282 4169; baseline 0.019 -1"><span class='ocrx_word' id='word_1_407' title='bbox 3228 4130 3282 4169; x_wconf 74' lang='lat' dir='ltr'><strong>io</strong></span> 
     </span>
    </p>
   </div>
  </div>
 </body>
</html>
