3613 5528
577 403 711 467 294
1760 405 2002 460 ΒΕΠΔΕ

576 516 620 553 p.
647 506 756 547 8004
784 506 834 546 Ρ.

578 592 832 651 viscere:
891 589 1184 669 Vergilius
1243 582 1422 673 (Aen.
1498 590 1624 653 VII
1674 584 1842 674 378)
1903 587 2009 652 ‘et
2069 600 2262 652 torto
2323 590 2632 651 volitans
2689 590 2820 651 sub
2883 590 3182 652 verbere

578 691 821 756 turbo'
870 704 932 756 et
976 695 1223 758 Ovidius
1269 692 1584 758 ‘viscere
1632 691 1916 758 diviso’.

664 833 673 842 ·
752 802 898 863 Vtor
944 802 1163 865 divitiis
1209 812 1270 864 et
1314 804 1564 865 divitias.

706 988 713 996 .
752 908 869 970 Ver
914 927 1151 990 semper
1197 910 1594 990 singulariter.

751 1015 1011 1096 verbex,
1058 1016 1118 1077 id
1164 1026 1257 1078 est
1302 1018 1455 1098 ovis,
1501 1017 1575 1078 ab
1622 1037 1655 1076 v
1701 1017 1900 1079 littera
1945 1019 2366 1099 incipiendum.
3213 1033 3240 1071 ⁵

754 1123 1011 1185 Vlterior
1056 1131 1117 1184 et
1163 1123 1407 1184 ultimus
1453 1125 1773 1203 positivum
1819 1124 2069 1203 gradum
2117 1144 2236 1186 non
2283 1125 2516 1186 habent.
2990 1199 2995 1203 ἡ

753 1229 944 1289 Verus
990 1228 1061 1289 ad
1110 1237 1354 1289 naturae
1403 1236 1632 1289 tantum
1679 1232 1989 1290 veritatem
2036 1231 2318 1312 refertur,
2366 1250 2539 1292 verax
2576 1240 2773 1292 autem
2820 1230 3039 1291 dicitur
3084 1234 3187 1309 qui

580 1356 694 1397 non
737 1339 1039 1397 mentitur.
1113 1335 1271 1397 unde
1310 1343 1371 1396 et
1406 1354 1584 1396 verus
1621 1337 1871 1398 daemon
1910 1338 2026 1398 dici
2074 1347 2298 1421 potest,
2344 1357 2521 1399 verax
2558 1347 2756 1400 autem
2807 1355 2925 1397 non
2974 1346 3185 1417 potest.

754 1442 1059 1504 Vallestria
1106 1460 1410 1522 agrorum,
1457 1445 1615 1503 sicut
1659 1453 1720 1505 et
1765 1448 2147 1526 campestria,
2191 1444 2489 1507 dicuntur.

754 1549 899 1610 Veto
937 1549 1169 1629 culpam
1207 1557 1268 1609 et
1305 1560 1436 1610 veto
1476 1550 1674 1632 culpa,
1710 1550 1768 1611 id
1809 1559 1902 1611 est
1937 1551 2225 1631 prohibeo
2264 1572 2296 1612 a
2334 1552 2536 1632 culpa:
2574 1551 2852 1613 Sedulius
2891 1548 3184 1631 ‘pomis·
3223 1569 3271 1606 ιυ

578 1674 715 1735 que
763 1665 1038 1717 vetaret
1083 1651 1424 1738 acerbis’,
1479 1656 1536 1717 id
1587 1665 1679 1719 est
1722 1676 1756 1718 a
1802 1660 2020 1739 pomiS,
2077 1666 2138 1719 et
2180 1657 2544 1721 Fortunatus
2591 1654 2760 1719 ‘non
2807 1668 2967 1719 veto
3015 1676 3185 1718 con-

579 1764 875 1844 iugium,
921 1762 1044 1823 sed
1089 1762 1425 1842 praefero
1472 1766 1783 1845 virginis
1828 1760 2110 1825 alvum'.

754 1868 963 1930 Vultus
1011 1877 1302 1950 mutatur,
1348 1870 1530 1931 facies
1578 1879 1791 1933 manet.

753 1973 868 2035 Vae
925 1975 1155 2037 dativus
1211 1986 1272 2037 et
1326 1979 1696 2037 accusativus
1743 1979 1913 2057 sequi
1968 1976 2216 2058 debent,
2275 1995 2392 2037 non
2439 1976 2617 2058 alius,
2672 1986 2738 2038 ut
2785 1972 2912 2036 ‘vae
2967 1977 3187 2057 populo

576 2078 952 2144 Maurorum'
999 2093 1061 2144 et
1106 2079 1241 2143 ‘vae
1289 2083 1573 2163 populum
1618 2080 2011 2146 Maurorum'.
3217 2101 3268 2139 ιδ

754 2188 1012 2269 Vterque
1051 2189 1124 2250 de
1164 2188 1397 2251 duobus
1435 2189 1717 2272 dicimuS,
1763 2194 2004 2271 utrique
2042 2191 2115 2252 de
2153 2191 2312 2254 binis
2349 2201 2451 2252 aut
2488 2192 2561 2252 de
2598 2190 2870 2272 pluribus
2908 2209 2980 2251 ex
3029 2199 3187 2250 utra-

580 2314 695 2375 que
744 2303 911 2374 parte
958 2297 1198 2377 positis,
1245 2303 1498 2375 uterque
1542 2298 1734 2378 venit,
1780 2299 2022 2377 utrique
2073 2307 2379 2358 venerunt.

757 2401 1014 2463 Veniunt
1058 2404 1161 2480 qui
1205 2403 1497 2483 vendunt,
1545 2411 1805 2464 veneunt
1852 2405 1956 2482 qui
2004 2403 2359 2464 venduntur.

757 2507 921 2568 Vltus
968 2517 1028 2569 et
1074 2509 1403 2571 vindicatus
1449 2520 1511 2571 et
1554 2512 1819 2589 punitus,

753 2613 1044 2677 Velocitas
1089 2616 1308 2696 pedum
1354 2624 1415 2677 et
1460 2635 1806 2699 corporum,
1853 2617 2127 2678 celeritas
2174 2620 2509 2678 animorum
2558 2625 2619 2677 et
2665 2619 2972 2679 sactorum.
3217 2633 3271 2671 20

753 2720 930 2783 Vlcus
977 2723 1135 2803 quod
1181 2725 1464 2806 nascitur,
1510 2723 1723 2786 vulnus
1770 2723 1929 2805 quod
1978 2743 2086 2805 per
2132 2723 2312 2786 alium
2359 2726 2440 2786 fit.

755 2829 966 2893 Vultur
1011 2831 1160 2892 dixit
1205 2831 1498 2910 Vergilius
1544 2833 1605 2892 in
1654 2830 1757 2911 Vl,
1804 2832 1909 2891 sed
1957 2840 2018 2891 et
2063 2831 2360 2892 vulturius
2407 2830 2674 2892 Lucilius
2718 2833 2779 2891 in
2826 2832 2869 2891 1.

756 2939 971 3022 Vrgeo,
1018 2956 1135 3000 non
1182 2957 1436 3019 urgueo,
1482 2936 1774 3018 Vergilius
1823 2931 2000 3021 (Aen.
2058 2939 2146 2999 VJ
2175 2931 2347 3021 560)
2398 2932 2782 3017 ‘quibusve
2831 2948 3188 3017 urgentur

577 3041 895 3128 poenae’,
941 3065 1098 3125 ungo
1147 3047 1317 3127 unxi,
1364 3061 1482 3125 quo
1531 3045 1704 3105 modo
1758 3047 1938 3124 pingo
1986 3047 2175 3126 pinxi,
2231 3054 2552 3122 utrumque
2610 3045 2738 3105 sine
2786 3064 2853 3125 u3
2928 3053 3183 3106 attamen

576 3155 644 3218 ad
686 3172 903 3214 nomen
933 3153 1262 3213 derivatum
1292 3170 1329 3211 ιι
1360 3151 1544 3232 addit,
1584 3161 1650 3212 ut
1679 3144 1899 3233 (Verq.
1925 3170 2135 3227 yeorq.
2168 3153 2280 3212 III
2300 3144 2468 3233 450)
2500 3146 2829 3231 ‘pinguis
2868 3154 3186 3231 unguine
3216 3170 3269 3207 25

576 3255 844 3321 ceras’:
890 3262 971 3320 ita
1022 3258 1142 3335 [ut]
1193 3267 1594 3337 unguentum,
1641 3276 1759 3318 non
1809 3267 2135 3337 ungentum
2184 3257 2432 3318 dicatur.

756 3366 1010 3427 Verbum
1053 3373 1144 3424 est
1181 3382 1355 3424 omne
1394 3363 1551 3441 quod
1597 3363 1797 3443 lingua
1836 3365 2142 3443 profertur
2180 3374 2240 3424 et
2279 3382 2437 3424 voce.
2514 3383 2712 3425 sermo
2750 3373 2977 3445 autem,
3014 3366 3187 3425 cuius

576 3492 792 3533 nomen
841 3491 911 3532 ex
969 3470 1202 3532 duobus
1250 3470 1446 3531 verbis
1494 3471 1887 3550 compositum
1936 3478 2053 3551 est,
2115 3470 2368 3531 serendo
2416 3480 2476 3531 et
2527 3471 2849 3550 menende,
2894 3473 3185 3550 comptior

577 3598 645 3640 ac
701 3579 1042 3658 diligentior
1097 3579 1178 3638 fit.
1265 3579 1554 3638 sententia
1613 3596 1750 3636 vero
1808 3595 1957 3655 quae
2019 3596 2198 3637 sensu
2257 3579 2606 3656 concipitur.
2691 3596 2871 3657 porro
2936 3577 3186 3658 loquela,

574 3685 808 3767 quando
856 3701 992 3745 cum
1044 3685 1292 3764 quadam
1341 3684 1677 3763 eloquentia
1723 3683 2001 3744 dictionis
2047 3683 2194 3743 ordo
2253 3685 2601 3762 pertexitur.
2677 3684 2895 3764 oratio,
2952 3683 3185 3762 quando
3214 3701 3267 3740 so

575 3812 767 3874 usque
813 3793 884 3853 ad
934 3810 1213 3853 manuum
1261 3800 1448 3852 artem
1495 3789 1926 3851 describendus
1972 3792 2227 3851 oratoris
2265 3808 2462 3850 sermo
2509 3792 2796 3877 pervenit.

714 3971 747 4019 2
787 3963 1039 4035 Ovidius]
1079 3965 1149 4032 cs.
1178 3980 1291 4022 exc.
1330 3963 1494 4019 Char.
1524 3980 1586 4031 p.
1617 3966 1746 4027 550,
1781 3965 1855 4015 17
1981 3960 2187 4033 diviso]
2227 3960 2441 4016 denisio
2483 3960 2540 4014 P
2663 3960 2941 4017 5'uerbex
2977 3962 3032 4016 L
3066 3979 3184 4017 uer-

576 4063 683 4101 uex
724 4045 799 4099 M
831 4062 1001 4100 uorax
1044 4044 1099 4098 P
1237 4044 1297 4098 id
1335 4044 1421 4097 est
1456 4058 1557 4096 οηι.
1597 4040 1724 4095 ΡΜ
1871 4047 1938 4094 10
1985 4045 2045 4095 et
2080 4042 2211 4096 ueto
2252 4041 2420 4111 eulpa.
2460 4041 2516 4095 P
2550 4042 2609 4095 et
2645 4044 2778 4097 ueta,
2815 4041 2982 4109 culpa
3022 4041 3096 4095 M
3129 4043 3187 4095 et

576 4126 704 4181 ueto
742 4142 778 4180 a
814 4124 982 4193 culpa
1017 4123 1114 4181 §L
1234 4128 1296 4177 11
1337 4138 1568 4177 aceruus
1609 4119 1666 4173 P
1775 4127 1840 4174 14
1876 4120 2132 4175 datiuum
2162 4124 2218 4176 et
2246 4122 2631 4176 accusatiuum
2660 4122 2819 4190 sequi
2849 4122 3022 4178 debet
3052 4123 3186 4178 ML

663 4219 775 4258 non
811 4204 953 4258 alios
991 4206 1056 4258 ut
1089 4204 1156 4257 ut
1189 4218 1296 4256 uae
1337 4201 1395 4254 P
1426 4202 1491 4255 ub
1525 4200 1670 4255 alius
1708 4217 1815 4255 uae
1857 4200 2015 4266 ML,
2050 4201 2143 4255 sed
2178 4200 2323 4254 alius
2360 4202 2591 4255 deletum
2625 4200 2692 4253 in
2728 4200 2804 4254 M
2909 4209 2973 4257 15
3012 4220 3185 4274 popu-

571 4283 713 4354 lum]
753 4283 1064 4352 praemium
1107 4281 1163 4335 P
1286 4287 1352 4336 16
1398 4280 1469 4334 de
1514 4279 1730 4334 duobus
1779 4279 2154 4349 praedicimus
2197 4280 2252 4333 P
2396 4288 2461 4336 18
2498 4279 2748 4335 Veniunt
2797 4283 2894 4350 qui
2941 4285 3188 4338 vendunt

572 4380 672 4417 om.
706 4362 865 4432 ML,
902 4362 1030 4418 add.
1064 4360 1120 4414 P
1250 4360 1515 4431 veneunt]
1553 4361 1795 4414 ueneant
1836 4359 1891 4412 P
2023 4367 2089 4414 22
2128 4360 2405 4415 uultui-ius
2447 4359 2738 4415 Ohaaeisius
2765 4379 2824 4430 p.
2855 4368 2949 4430 98,
2980 4369 3032 4432 3,
3070 4364 3185 4418 uul-

573 4441 750 4498 torius
786 4442 920 4496 PM
922 4442 976 4497 L
1128 4448 1198 4496 23
1234 4458 1347 4496 non
1382 4456 1592 4511 urgueo
1633 4438 1689 4491 P
1721 4455 1831 4493 non
1869 4457 2049 4510 urguo
2089 4443 2164 4496 Μ
2205 4457 2317 4496 non
2353 4458 2493 4512 urgo
2531 4439 2626 4499 s'L
2770 4448 2840 4496 25
2877 4444 2951 4499 ad
2989 4460 3190 4499 nomen

572 4538 671 4576 om.
707 4520 868 4589 ML,
906 4521 1034 4576 add.
1065 4521 1121 4575 P
1249 4520 1623 4577 deriuatiuum
1662 4520 1738 4574 M
1871 4526 1938 4575 26
1978 4522 2041 4574 ut
2076 4537 2176 4578 om.
2208 4522 2264 4575 P
2366 4527 2435 4579 28
2473 4518 2659 4576 verbis
2696 4527 2748 4577 ct
2784 4523 2872 4576 eat
2897 4538 3000 4578 om.
3032 4523 3188 4590 ML,

572 4601 700 4656 aad.
743 4600 799 4652 P
939 4606 1007 4656 29
1054 4601 1151 4671 qui
1187 4619 1352 4657 sensu
1389 4597 1648 4671 concepit
1686 4598 1743 4652 P
1874 4606 1944 4654 30
1992 4602 2216 4670 quando
2253 4604 2446 4671 priore
2494 4603 2608 4656 loco
2644 4614 2747 4655 ont.
2787 4602 2922 4656 ML
3065 4620 3187 4673 pro·

573 4679 784 4735 texitur
825 4680 968 4735 PM
1000 4680 1278 4750 profertur
1316 4681 1413 4741 §L
1555 4687 1621 4737 31
1665 4678 1932 4734 orationis
1971 4697 2150 4736 sermo
2192 4683 2267 4737 M
