3613 5528
1477 422 2059 478 ORTHOGRAPHIA
2675 426 2700 449 ”·
2949 425 3071 488 103

452 535 497 572 p.
541 524 658 563 2244.
686 523 739 563 45
766 523 816 562 P.

631 607 956 669 Mustacius
1004 609 1127 668 sive
1175 609 1532 669 mustacium
1578 626 1699 669 non
1745 608 1818 669 ad
1881 626 2070 689 genus
2126 608 2508 669 referendum
2566 617 2684 691 est,
2742 611 2908 688 quasi
2965 608 3077 670 hoc

454 717 651 796 potius
712 718 790 777 sit
849 723 952 777 aut
1004 715 1181 797 illud,
1236 734 1373 776 cum
1427 734 1537 795 per
1593 734 1656 776 se
1715 715 1862 776 nihil
1920 718 2024 796 sit,
2080 716 2182 776 sed
2241 718 2319 777 sit
2373 714 2546 795 plane
2601 712 2739 776 τῶν
2783 707 2953 798 πρός
2995 735 3076 776 τι.

453 824 777 883 mustacius
835 817 846 905 Ι
904 824 1074 902 panis
1137 831 1301 884 recte
1368 824 1620 884 dicimus
1680 831 1742 884 et
1802 824 2159 884 mustacium
2221 822 2424 884 libum.
2517 824 2604 883 sic
2663 822 2867 883 militis
2925 841 3077 902 puer

328 940 355 963 ·
452 929 743 1009 galearius
772 938 936 991 recte
968 930 1213 992 dicitur:
1260 948 1396 991 nam
1423 929 1677 1009 galearia
1707 930 2095 992 soloecismus
2137 938 2243 992 est.
2320 948 2438 991 non
2480 937 2571 991 est
2607 947 2760 1009 puer
2796 928 3075 1009 galearia:

400 1050 426 1090 ὁ
458 1054 591 1096 nam
636 1054 885 1117 pueram
931 1038 1018 1097 sic
1064 1039 1180 1100 rite
1231 1057 1439 1099 voces:
1475 1055 1628 1117 puer
1675 1046 1766 1098 est
1812 1036 2106 1117 galearius
2150 1035 2196 1117 †
2243 1037 2340 1098 hic
2386 1055 2420 1097 a
2465 1037 2754 1098 soloecuS.

630 1142 754 1204 Hoc
801 1143 1119 1205 cerebrum
1165 1152 1273 1206 est.
1348 1163 1484 1206 nam
1530 1142 1780 1205 cereber
1828 1146 1931 1223 qui
1977 1144 2185 1206 dicunt
2233 1144 2360 1204 sine
2413 1143 2661 1205 cerebro
2710 1145 2930 1205 vivunt.

628 1249 993 1330 Respondidi
1039 1250 1185 1311 nihil
1231 1260 1359 1313 est:
1406 1251 1692 1331 respondi
1738 1250 1835 1311 dic
1882 1248 2175 1311 Ciceroni.

769 1356 1067 1438 Bargena‚
1115 1376 1233 1419 nou
1279 1357 1548 1438 bargina,
1595 1376 1785 1438 genus
1833 1359 1931 1419 cui
1977 1357 2354 1418 barbaricum
2400 1359 2494 1418 sit.

773 1459 954 1524 ‘Vasa
998 1466 1183 1525 istaec
1228 1467 1450 1526 vinaria
1497 1459 1702 1547 sunt',
1749 1459 2002 1525 ‘vinaria
2050 1459 2262 1547 cella',

373 1584 428 1624 10
773 1570 984 1650 vulgus
1030 1570 1223 1632 adhuc
1269 1573 1490 1633 retinet
1536 1570 1608 1632 de
1656 1573 1854 1651 prisca
1901 1571 2077 1632 verba
2124 1569 2374 1650 loquela.

635 1678 885 1739 Sobrius
931 1697 1040 1758 per
1087 1680 1135 1761 i,
1181 1697 1301 1739 non
1348 1697 1457 1759 per
1502 1697 1535 1738 e
1585 1676 1985 1739 scribendum.

633 1784 774 1845 Sedi
819 1803 938 1846 non
985 1804 1161 1847 secus
1207 1795 1297 1868 te,
1344 1783 1448 1846 sed
1496 1784 1828 1846 secundum
1875 1792 1935 1845 te
1981 1783 2316 1845 dicendum.

632 1890 830 1953 Ludos
876 1892 1134 1972 aliquem
1182 1892 1354 1972 longe
1403 1893 1674 1971 egregios
1722 1891 1939 1952 fecisse
1987 1890 2176 1973 diceS‚
2223 1909 2343 1951 non
2390 1890 2641 1952 dedisse.

594 1993 734 2059 ‘Vir
795 2000 986 2083 ducit,
1048 1999 1265 2061 mulier
1324 1998 1523 2082 nubit,
1583 2001 1719 2079 quia
1780 1998 1957 2079 pallio
2013 2000 2286 2060 flammeo
2342 1998 2594 2060 obnubit
2651 2008 2832 2079 caput
2896 2018 3072 2062 suum

370 2120 424 2159 15
455 2123 771 2184 genasque.

627 2210 866 2273 Induxit
911 2231 1022 2293 pro
1067 2212 1317 2292 decepit.
1395 2212 1631 2274 seduxit
1675 2203 1945 2295 ἀκύρως
1991 2230 2111 2273 non
2159 2212 2399 2295 dicitur,
2444 2214 2559 2274 nisi
2608 2230 2745 2273 cum
2783 2213 3074 2293 significa-

451 2335 584 2378 mus
631 2312 726 2378 ‘in
772 2318 943 2379 aliam
987 2327 1217 2399 partem
1265 2314 1495 2401 duxit'‚
1542 2328 1610 2381 ut
1655 2319 1894 2379 seduxit
1940 2318 2118 2380 foras.

626 2422 800 2485 Patre
868 2444 935 2486 ac
1001 2433 1187 2487 matre
1254 2434 1419 2487 caret
1477 2428 1641 2507 quis,
1706 2434 1986 2505 cognato,
2049 2425 2232 2488 fratre
2300 2446 2610 2510 sororem,
2675 2446 2796 2489 non
2860 2426 3074 2508 opibus

448 2539 614 2590 caret
660 2538 764 2591 aut
812 2534 1086 2594 nummis,

630 2763 658 2810 1
705 2756 1014 2814 mustacius
1067 2757 1187 2815 siue
1232 2757 1603 2815 mustaccium
1648 2760 1810 2827 (corr.
1860 2756 2093 2827 -acium)
2142 2757 2214 2813 ad
2260 2776 2438 2830 genus
2489 2759 2538 2815 0
2586 2761 2909 2816 mustaceus
2957 2761 3076 2817 siue

450 2839 795 2893 mustaceum
848 2839 922 2894 ad
966 2857 1142 2910 genus
1181 2858 1227 2910 Ρ
1407 2837 1571 2911 quasi
1616 2838 1724 2893 hoc
1771 2837 1963 2908 potius
2012 2837 2088 2892 sit
2131 2840 2233 2893 aut
2277 2838 2421 2895 illud
2473 2842 2570 2896 sed
2607 2841 2683 2896 sit
2728 2841 2897 2911 plane
2934 2843 3072 2896 ΤΟΝ

451 2920 699 2974 ΠΡΟΕΤΙ
741 2919 816 2972 Μ
849 2918 1012 2987 quasi
1048 2920 1316 2975 accedens
1353 2923 1515 2988 (corr.
1553 2918 1837 2986 accidens)
1882 2917 1990 2971 hoc
2026 2916 2214 2986 potius
2251 2921 2351 2974 aut.
2402 2920 2545 2975 illud
2583 2939 2683 2991 per
2720 2938 2781 2976 se
2818 2920 2963 2975 nihil
2999 2922 3075 2976 sit

449 2998 547 3053 sed
585 2998 659 3053 sit
694 3000 856 3067 (corr.
894 2997 995 3066 sic)
1030 2998 1198 3066 plane
1235 2999 1580 3054 ΤωΥΡΟΕΤΙ
1622 2996 1669 3051 0
1702 2999 1864 3066 quasi
1900 2996 2160 3051 accidens
2197 2997 2306 3053 hoc
2341 2998 2530 3068 potius
2568 3002 2668 3054 aut
2703 2999 2846 3053 illud
2882 3016 2984 3069 per
3013 3016 3073 3054 se

447 3077 591 3133 nihil
628 3077 704 3134 sit
738 3078 837 3134 sed
874 3077 955 3132 sic
990 3077 1159 3146 plane
1206 3079 1326 3146 (om.
1366 3077 1479 3132 τῶν
1516 3073 1657 3146 πρός
1693 3079 1768 3146 τι)
1803 3076 1861 3130 Β
1908 3075 2068 3147 quasi
2112 3076 2368 3132 accidens
2414 3078 2522 3135 hoe
2568 3079 2756 3149 potius
2794 3082 2894 3134 aut.
2929 3078 3073 3132 illud

445 3174 549 3227 per
576 3174 644 3214 se
678 3158 822 3212 nihil
858 3156 932 3211 sit
969 3156 1068 3212 sed
1105 3156 1181 3212 sit
1215 3157 1382 3227 plane
1418 3156 1530 3211 τῶν
1568 3152 1709 3225 πρός
1745 3178 1800 3212 τι
1828 3175 1873 3227 Ρ
2020 3162 2052 3211 3
2090 3156 2397 3212 mustacius
2436 3160 2586 3214 recte
2625 3158 2872 3213 dicemus
2909 3159 3071 3226 (corr.

445 3236 705 3307 dicimus)
742 3236 903 3308 panis
941 3238 999 3292 et
1034 3235 1370 3292 mustacium
1408 3235 1615 3291 librum
1655 3235 1702 3290 0
1732 3239 2051 3293 mustaceus
2103 3236 2265 3306 panis
2303 3239 2456 3292 recte
2493 3238 2730 3294 dicimus
2768 3240 2826 3294 et,
2862 3240 3071 3293 musta·

445 3335 606 3373 ceum
662 3316 869 3372 librum
912 3334 958 3386 Ρ
1136 3316 1340 3388 libum]
1391 3315 1597 3370 librum
1633 3316 1690 3370 Β
1871 3322 1905 3371 4
1941 3333 2054 3372 non
2094 3317 2180 3371 est,
2216 3346 2281 3357 --
2322 3321 2354 3370 5
2393 3318 2644 3374 soloecus
2688 3335 2790 3376 om.
2831 3317 2917 3377 C's‘
2965 3335 3077 3373 non

445 3400 536 3453 est
568 3415 709 3468 puer
744 3396 997 3469 galearia
1030 3413 1161 3452 nam
1212 3413 1352 3467 puer
1387 3414 1454 3453 ac
1492 3397 1574 3452 sic
1607 3397 1714 3452 rite
1751 3413 1919 3452 uoces
1956 3412 2096 3468 puer
2133 3397 2220 3450 est,
2257 3397 2539 3466 galearius
2575 3399 2669 3454 hic
2705 3416 2741 3454 a
2783 3397 3073 3453 soloechus

442 3477 502 3532 Β
507 3494 565 3547 Ρ.
611 3494 724 3532 non
762 3479 850 3532 est.
891 3493 1032 3547 puer
1079 3477 1329 3548 galearia
1364 3494 1497 3531 nam
1541 3493 1682 3547 puer
1728 3476 1991 3533 asinorite
2041 3492 2180 3546 puer
2225 3476 2503 3546 galearius
2547 3478 2642 3533 hic
2687 3478 2942 3534 asolecus
2981 3479 3068 3535 M.

442 3557 679 3624 fortasse
715 3557 808 3612 hic
844 3556 1095 3629 galearia
1133 3557 1492 3613 soloecismus
1521 3557 1607 3612 est
1642 3573 1709 3612 ex
1735 3573 1796 3612 eo
1833 3558 1978 3626 quod
2012 3573 2187 3626 supra
2221 3558 2486 3627 scriptum
2523 3563 2616 3625 est,
2653 3575 2782 3614 nam
2819 3559 3072 3630 galearia

445 3637 808 3693 soloecismus
855 3640 967 3706 est,
1023 3639 1309 3708 repetitum
1353 3642 1489 3693 erat.
1556 3653 1698 3706 puer
1749 3638 2018 3705 feminino
2063 3653 2253 3706 qen-ere
2301 3639 2507 3693 dictum
2553 3655 2662 3694 esse
2707 3639 2779 3695 ab
2824 3643 3072 3710 antiquis

2903 3722 2952 3762 di

444 3772 732 3825 adnotavit
763 3771 1055 3827 Charisius
1084 3789 1146 3841 Ρ.
1176 3775 1268 3838 84,
1296 3775 1348 3840 4,
1375 3770 1631 3840 galerum
1659 3776 1709 3824 et
1736 3771 1963 3841 galeare
1993 3772 2133 3826 idem
2160 3788 2223 3841 Ρ.
2254 3777 2347 3839 80,
2376 3778 2412 3827 5
2540 3779 2569 3827 7
2609 3772 2899 3843 Respondi
2927 3773 3071 3828 nihil

443 3853 534 3905 est
567 3851 831 3921 respondi
865 3851 956 3907 dic
993 3851 1196 3921 ceroni,
1232 3853 1326 3906 sed
1362 3850 1453 3905 dic
1489 3867 1599 3906 rae.
1643 3847 1691 3904 0
1814 3856 1848 3905 8
1888 3851 2145 3920 Bargena
2180 3868 2292 3906 non
2328 3851 2568 3922 bargina
2602 3853 2692 3907 cui
2728 3871 2905 3924 genus
2944 3856 3070 3910 bar-

442 3930 695 3985 baricum
734 3933 821 3986 est
860 3932 936 3985 M
968 3930 1213 4003 Bargina
1249 3947 1362 3986 uon
1398 3930 1673 4001 barginna
1711 3932 1845 3999 (non
1883 3929 2162 4001 barginna
2196 3946 2296 3987 om.
2330 3929 2398 3998 0,
2437 3933 2564 3987 add.
2595 3935 2644 4002 c)
2681 3932 2741 3987 id
2778 3938 2864 3989 est.
2899 3935 3068 3989 homo

440 4009 678 4066 uitiosae
723 4011 910 4082 gentis
947 4013 1081 4083 quia
1126 4012 1395 4068 barbarus
1442 4009 1842 4080 interpretatur
1878 4009 2115 4065 uitiosus
2154 4010 2299 4065 unde
2336 4013 2395 4066 et.
2448 4011 2826 4068 barbarismus
2863 4013 3070 4069 dicitur

441 4089 649 4144 uitium
683 4108 799 4147 non
833 4092 1072 4164 bargina
1108 4109 1283 4163 genus
1322 4090 1412 4146 cui
1457 4089 1811 4146 barbaricum
1848 4091 1922 4146 sit
1970 4090 2027 4144 Β
2041 4089 2088 4143 C
2299 4095 2331 4144 9
2379 4092 2577 4164 istaec]
2625 4093 2737 4148 ista
2781 4093 2922 4149 haec
2956 4094 3012 4148 Β
3027 4093 3074 4148 0

440 4168 556 4223 ista
592 4170 668 4223 M
845 4172 1171 4242 uinariaque
1210 4173 1355 4228 cella
1393 4171 1469 4225 M
1648 4177 1714 4227 10
1761 4170 1968 4226 retinet
2003 4169 2073 4224 de
2124 4170 2309 4240 prisca
2343 4172 2484 4227 recti
2520 4172 2677 4228 uerbi
2713 4172 2941 4243 loquela
2974 4174 3069 4228 Bc

440 4250 665 4304 retenet
701 4250 771 4305 de
808 4249 999 4320 prices.
1033 4251 1174 4306 recti
1211 4252 1384 4306 uerba
1418 4251 1647 4320 loquela
1687 4248 1735 4305 0
1774 4249 1983 4306 retinet,
2007 4248 2097 4310 -de
2147 4250 2332 4320 prisca
2376 4253 2605 4323 loquela
2639 4253 2813 4309 Recte
2853 4254 2928 4307 M

445 4337 512 4386 11
556 4330 786 4386 Subrius
819 4330 866 4386 Ο
1005 4331 1359 4387 scribendum
1386 4331 1500 4386 BG
1535 4329 1801 4385 scribitur
1832 4331 1907 4384 M
2053 4335 2115 4382 12
2154 4329 2275 4385 sedi
2308 4347 2408 4388 om.
2442 4332 2490 4388 0
2627 4336 2685 4388 te
2712 4337 2843 4403 post
2870 4348 3064 4387 secun-

445 4410 582 4465 dum
610 4428 712 4469 om.
747 4411 796 4466 0
937 4418 1002 4467 13
1031 4412 1218 4467 Ludos
1245 4411 1411 4482 longe
1440 4411 1695 4482 egregios
1724 4409 1971 4479 aliquem
1998 4407 2194 4464 fecisse
2231 4411 2288 4465 Β
2427 4413 2673 4486 dedisse]
2704 4411 2962 4467 didicisse
2994 4413 3069 4467 M

592 4498 659 4546 14
695 4490 852 4563 quia]
894 4509 1039 4560 quae
1079 4492 1155 4546 M
1313 4492 1596 4563 flammeo]
1648 4490 1875 4545 flamine
1916 4490 2014 4557 M,
2064 4506 2165 4546 om.
2202 4491 2318 4547 ΒΟ
2476 4511 2637 4548 suum
2672 4509 2773 4548 om.
2809 4492 2924 4547 BG

446 4576 513 4627 16
534 4571 754 4626 seduxit
772 4565 998 4628 ὰΚΡω(
1027 4573 1186 4641 (corr.
1208 4573 1431 4628 seduxit
1456 4573 1548 4627 ide
1577 4567 1842 4636 ὸΚΙΡωΕ)
1873 4585 1986 4623 non
2017 4568 2224 4624 dicitur
2250 4570 2361 4625 nisi
2389 4570 2437 4625 0
2461 4571 2680 4626 seduxit
2706 4572 2786 4639 (ia
2814 4588 2952 4627 corr.
2981 4572 3063 4641 id)

443 4667 558 4705 non
587 4650 792 4705 dicitur
816 4649 928 4705 nisi
951 4651 1007 4704 Β
1037 4650 1258 4706 seduxit
1285 4668 1397 4706 non
1426 4651 1661 4706 dicimus
1690 4648 1801 4704 nisi
1829 4643 2056 4716 α’κύρως
2084 4668 2129 4720 Ρ
2259 4658 2324 4705 17
2355 4650 2516 4706 duxit
2541 4668 2643 4707 om.
2675 4652 2764 4720 M,
2792 4653 2922 4709 add.
2951 4653 3068 4708 BG

557 4734 621 4784 18
656 4732 874 4786 numeri
907 4746 1160 4785 versuum
1194 4732 1279 4786 ita
1306 4731 1562 4785 videntur
1588 4729 1913 4784 restituendi
1939 4744 2073 4796 esse,
2110 4730 2276 4784 Patre
2305 4745 2372 4784 ac
2407 4733 2588 4786 matre
2627 4733 2781 4786 caret
2816 4734 3062 4803 cognato

440 4810 615 4864 fratre
678 4827 894 4880 sorore,
951 4810 1083 4865 Non
1128 4810 1328 4881 opibus
1376 4812 1531 4866 caret
1574 4811 1676 4864 aut
1718 4809 1962 4865 nummis
2019 4877 2026 4882 ,
2177 4809 2333 4863 caret
2381 4814 2506 4882 post
2559 4808 2759 4881 opibus
2812 4827 2912 4867 om.
2971 4813 3062 4883 M,

445 4889 574 4946 add.
612 4889 728 4947 ΒΟ
