3613 5528
568 405 650 467 72
1637 394 1841 452 VELH
1881 396 2108 452 LONGI

555 518 598 554 p.
629 508 747 545 2232.
778 506 830 545 ss
860 504 906 543 P.

559 589 705 651 nihil
771 591 1048 667 interest,
1121 592 1322 646 utrum
1389 598 1626 643 arcesso
1694 601 1768 642 an
1836 601 2076 643 accerso
2142 581 2408 643 dicamus
2473 580 2679 641 eadem
2747 571 3174 659 significatione

561 705 851 757 manente.
926 701 983 753 at
1038 692 1347 773 proprium
1404 681 1873 771 ὀρθογραφιάς
1929 699 2047 770 εει,
2104 690 2380 768 quotiens
2435 690 2495 747 in
2559 689 2720 747 vocis
2768 689 3172 748 enuntiatione

560 802 705 864 nihil
763 802 1029 862 videmus
1087 798 1457 878 ambiguum,
1512 806 1571 856 at
1627 798 1688 856 in
1745 798 2069 876 scriptione
2127 804 2247 857 tota
2304 796 2612 856 haesitatio
2668 796 2858 874 posita
2916 803 3034 875 est,
3090 804 3175 875 ut,

561 928 695 970 cum
744 909 876 968 dico
923 907 1121 988 Troia,
1167 923 1277 984 per
1324 905 1343 963 i
1390 922 1575 964 unum
1616 922 1688 963 an
1737 922 1846 983 per
1883 902 2001 963 duo
2041 901 2304 962 scribere
2343 900 2616 982 debeam3
2663 910 2724 962 ει
2762 903 2938 962 coicit
2975 910 3178 962 utrum

564 1036 673 1096 per
720 1033 906 1076 unum
953 1015 972 1073 i
1020 1031 1091 1072 an
1140 1030 1250 1092 per
1295 1010 1414 1071 duo
1462 1027 1533 1069 an
1581 1026 1689 1089 per
1737 1011 1850 1070 tria
1895 1008 1940 1090 †
1988 1018 2313 1088 utcumque
2366 1018 2457 1069 est
2511 1027 2629 1069 non
2668 1007 2864 1069 littera
2902 1008 3184 1070 succedat
3211 1029 3237 1069 5

564 1127 583 1184 i
641 1124 815 1184 tacita
871 1128 931 1180 et
987 1118 1204 1178 alterae
1260 1121 1280 1177 i
1329 1115 1608 1178 succedat
1664 1134 1876 1176 rursus
1934 1116 2116 1178 altera
2163 1120 2183 1177 i
2231 1125 2503 1177 manente
2568 1117 2800 1196 priore,
2862 1133 3010 1194 quae
3066 1134 3178 1194 pro

562 1235 924 1290 consonante
973 1228 1164 1306 posita
1212 1232 1321 1301 est,
1368 1232 1429 1283 et
1474 1225 1559 1283 sic
1607 1224 1706 1283 fiat
1753 1225 1938 1284 eiiicit
1984 1232 2044 1284 et
2089 1225 2326 1303 coiiicit‚
2373 1222 2444 1282 de
2495 1240 2609 1301 qua
2648 1240 2713 1282 re
2754 1223 2814 1281 in
2854 1224 3176 1301 superiori·

560 1335 676 1396 bus
731 1333 966 1414 plenius
1028 1332 1252 1392 dictum
1309 1338 1415 1390 est.
1503 1331 1643 1390 item
1705 1331 1802 1390 cui
1861 1339 2063 1391 utrum
2121 1349 2229 1410 per
2285 1349 2322 1409 q
2368 1348 2442 1390 an
2490 1348 2597 1409 per
2643 1348 2677 1390 c
2724 1328 2936 1389 debeat
2982 1328 3183 1409 scribi,

567 1444 701 1521 quia
762 1459 879 1500 non
928 1438 1072 1500 nulli
1121 1440 1343 1499 inventi
1403 1445 1541 1497 sunt
1588 1439 1688 1514 qui
1737 1455 1772 1515 q
1823 1436 2079 1497 litteram
2126 1436 2225 1497 illo
2273 1435 2561 1496 catholico
2621 1444 2962 1516 tuerentur,
3021 1435 3182 1514 quod

569 1551 627 1609 in
670 1546 826 1610 nulla
864 1565 1007 1606 voce
1047 1563 1155 1624 per
1192 1543 1645 1605 declinationem
1683 1545 1873 1623 prima
1911 1544 2107 1603 littera
2153 1546 2518 1604 immutetur.
2593 1546 2673 1604 ita
2721 1561 2858 1604 cum
2906 1544 2983 1603 sit
3029 1544 3191 1623 quiS,
3219 1567 3271 1606 ιο

573 1657 749 1734 quius
788 1663 848 1715 et
885 1655 986 1732 qui
1025 1670 1134 1732 per
1172 1670 1209 1730 q
1245 1650 1503 1711 litteram
1543 1659 1792 1710 censent
1831 1648 2229 1712 scribendum.
2306 1668 2415 1710 nec
2453 1668 2572 1710 non
2610 1658 2809 1729 potest
2843 1651 2904 1709 in
2944 1647 3186 1728 quibus-

574 1762 707 1822 dam
756 1751 1188 1841 ὀρθογραφία
1235 1775 1371 1817 cum
1420 1747 1782 1839 ὀρθοεπείᾳ
1830 1758 2095 1837 misceri,
2159 1765 2227 1818 ut
2284 1758 2610 1818 enuntiatio
2672 1773 2809 1816 cum
2867 1757 3189 1834 scriptione

580 1870 804 1949 pariter
831 1866 1066 1947 titubet,
1112 1867 1266 1926 utin
1298 1874 1641 1925 accusatore
1683 1861 1692 1938 Ι
1734 1872 1794 1924 et
1821 1866 2191 1945 comisatore,
2238 1863 2340 1924 ubi
2369 1865 2676 1942 quaeritur
2704 1864 3015 1942 geminatis
3052 1880 3189 1922 con·

581 1973 928 2035 sonantibus
975 1991 1048 2032 an
1098 1969 1464 2050 simplicibus
1512 1969 1892 2030 scribendum
1940 1978 2002 2030 et
2050 1970 2474 2030 enuntiandum
2525 1973 2620 2031 sit.
2694 1972 2753 2029 in
2793 1968 3010 2048 quibus
3049 1969 3192 2028 mibi

572 2083 763 2162 placet
798 2088 866 2141 ut
926 2087 1234 2139 accusator
1280 2094 1389 2157 per
1435 2076 1552 2137 duo
1600 2094 1632 2136 c
1681 2084 1739 2136 et
1788 2056 2159 2154 [comisator]
2208 2095 2318 2156 per
2366 2095 2547 2138 unum
2598 2096 2626 2135 ε
2672 2075 2993 2137 scribatur:
3039 2094 3192 2157 nam,
3223 2104 3275 2143 15

574 2208 692 2268 quo
753 2186 926 2247 modo
985 2189 1042 2245 in
1101 2204 1172 2244 eo
1230 2182 1386 2262 quod
1434 2192 1527 2243 est
1572 2185 1867 2264 incusare,
1915 2202 2123 2245 cusare
2172 2183 2316 2244 nibil
2365 2193 2482 2266 est,
2542 2194 2602 2245 et
2648 2188 2711 2245 in
2773 2201 2843 2245 eo
2897 2185 3063 2258 quod
3105 2191 3194 2244 est

573 2294 896 2355 accendere
944 2291 1199 2352 cendere
1246 2308 1356 2369 per
1402 2308 1465 2349 se
1515 2289 1659 2350 nihil
1707 2298 1820 2371 εει,
1865 2288 2116 2351 dicimus
2165 2299 2358 2351 tamen
2407 2301 2466 2352 ει
2512 2289 2839 2350 accendere
2889 2299 2951 2350 et
2989 2292 3190 2351 incen-

574 2401 733 2461 dere.
811 2406 870 2459 at
914 2401 973 2457 in
1036 2399 1386 2457 comisatore
1445 2406 1757 2475 utramque
1815 2406 2239 2457 consonantem
2295 2397 2621 2477 simplicem
2681 2413 2997 2476 ponamus:
3057 2415 3191 2456 nam

580 2517 681 2568 aut
736 2526 769 2567 a
829 2507 1103 2566 comitate
1162 2523 1268 2564 vox
1338 2504 1493 2564 dicta
1552 2512 1646 2564 est
1711 2511 1812 2563 aut
1868 2522 1901 2563 a
1957 2522 2168 2583 graeco
2224 2495 2401 2585 παρὰ
2460 2496 2584 2565 τὸν
2638 2499 2883 2582 κῶμον.
2926 2497 2998 2563 ἐ
3053 2522 3194 2563 vero

579 2615 871 2693 geminata
928 2614 1090 2671 vocis
1150 2628 1361 2672 sonum
1424 2618 1749 2688 exasperat.
1839 2610 1923 2669 sic
1969 2611 2193 2688 pariter
2241 2619 2300 2670 et
2347 2610 2695 2689 elegantiam
2742 2609 3088 2671 enuntiandi
3134 2617 3196 2670 et
3223 2638 3277 2677 20

580 2718 891 2781 scribendi
927 2717 1275 2779 brevitatem
1322 2718 1760 2796 consequimur.

755 2826 877 2887 Nec
936 2844 1053 2886 non
1112 2834 1173 2885 et
1226 2824 1308 2884 ibi
1363 2815 1726 2904 ὀρθοέπεια
1784 2824 2222 2908 ορθογραφίᾳ
2279 2827 2593 2886 coniuncta
2640 2834 2758 2906 est,
2805 2824 2907 2885 ubi
2964 2826 3193 2904 quaeri-

583 2943 680 2995 tur
736 2934 996 2993 faenoris
1052 2950 1126 2992 an
1183 2932 1438 2992 faeneris
1494 2930 1785 3010 dicamuS‚
1843 2933 2123 3009 quoniam
2182 2949 2398 2992 nomen
2456 2932 2592 2992 inde
2640 2942 2895 2992 tractum
2942 2931 3196 2991 dicimus

758 3102 936 3159 Codex
974 3103 1267 3158 Parrhasii
1344 3109 1367 3156 1
1409 3100 1683 3172 dicamus]
1723 3100 1918 3156 dicant
2043 3108 2076 3156 2
2116 3096 2540 3172 ὀρθογραφειαι
2665 3110 2698 3157 3
2737 3103 2797 3157 ιιι
2830 3102 3191 3172 scriptionem

578 3189 758 3253 totam
791 3185 857 3239 C:
888 3202 942 3237 ιιι
972 3187 1200 3251 utroque
1228 3182 1341 3236 loco
1368 3182 1643 3250 expunxit
1669 3197 1698 3235 c
1833 3186 1866 3233 4
1895 3198 1995 3250 per
2023 3181 2163 3236 duos
2191 3181 2433 3237 scribere
2561 3189 2593 3237 8
2622 3182 2759 3237 item
2788 3182 2899 3255 cui]
2930 3184 3069 3237 item
3097 3183 3195 3253 qui

650 3274 681 3321 9
710 3266 837 3338 illo]
866 3263 957 3319 illi
1069 3267 1135 3315 10
1167 3278 1296 3315 ειιιιι
1324 3260 1400 3316 sit
1425 3260 1551 3329 quis
1580 3260 1736 3315 cuius
1764 3262 1824 3315 et
1852 3262 1950 3329 qui
2061 3267 2123 3315 11
2145 3277 2249 3316 nec
2269 3266 2457 3333 potest
2566 3270 2630 3318 12
2654 3260 3050 3334 ὀρθογραφεία
3071 3282 3195 3319 cum

579 3341 893 3416 ὄρθοεπεία
987 3348 1051 3395 13
1075 3344 1133 3395 et
1150 3358 1252 3396 om.
1348 3346 1415 3393 14
1442 3339 1516 3394 sit
1544 3356 1646 3394 om.
1736 3346 1800 3394 16
1825 3339 1885 3394 in
1904 3357 1969 3396 eo
1991 3340 2138 3409 quod
2158 3344 2246 3396 est
2265 3344 2563 3411 posteriore
2591 3346 2704 3400 loco
2726 3361 2826 3399 om.
2923 3349 2986 3398 18
3006 3346 3195 3398 utran-

581 3441 687 3493 que
802 3430 867 3476 21
908 3420 1207 3490 scribendi]
1248 3419 1517 3487 sequendi
1624 3424 1692 3473 22
1732 3413 2130 3488 ὀρθογραφεια
2238 3428 2306 3476 23
2342 3422 2585 3479 foenoris
2622 3441 2695 3479 an
2730 3423 2972 3513 foeneris
3007 3426 3200 3479 dicant

760 3590 787 3636 1
829 3597 1049 3637 accerso
1087 3578 1281 3633 dicant
1315 3577 1371 3631 Β
1541 3583 1574 3630 4
1611 3576 1781 3632 Troia
1816 3594 1918 3647 per
1955 3579 1974 3632 i
2011 3598 2183 3634 unum
2221 3599 2292 3637 an
2330 3601 2430 3654 per
2466 3584 2578 3640 duo
2616 3584 2856 3640 scribere
2894 3585 3198 3641 debeamus

580 3667 638 3718 et
675 3661 809 3716 eicit
846 3661 1012 3716 coicit
1048 3662 1234 3714 utrum
1272 3676 1374 3728 per
1408 3653 1581 3713 ιιιιιιιιῖ
1617 3657 1636 3711 i
1674 3674 1745 3712 an
1782 3675 1885 3728 per
1920 3660 2030 3714 duo
2069 3677 2140 3715 an
2195 3679 2294 3733 per
2340 3664 2474 3718 tria.
2523 3667 2809 3734 utcunque
2857 3668 2970 3735 est,
3019 3681 3130 3719 non
3167 3682 3197 3720 e

582 3744 681 3797 aut
727 3758 760 3796 o
806 3740 1028 3796 litterae
1074 3741 1338 3796 succedat
1383 3740 1404 3794 i
1447 3738 1650 3808 tacita,
1706 3740 1765 3792 et
1825 3739 2004 3794 altera
2050 3741 2069 3794 i
2117 3742 2379 3798 succedat
2429 3762 2652 3811 rursus,
2705 3745 2886 3800 altera
2935 3749 3199 3801 manente

581 3824 791 3892 priore,
846 3838 988 3891 quae
1038 3839 1139 3893 pro
1192 3822 1528 3876 consonante
1578 3820 1765 3890 posita
1818 3824 1931 3890 est,
1983 3824 2042 3876 et
2094 3821 2172 3876 sic
2225 3823 2325 3878 fiat
2376 3824 2553 3879 ειιιοιι
2601 3828 2659 3880 et
2709 3824 2923 3881 coiiicit
2972 3827 3202 3881 coniecit

584 3901 911 3958 Schmitzius
945 3903 1088 3958 stud.
1127 3903 1362 3971 orthoep.
1400 3902 1764 3966 (Marcoduri
1799 3920 1852 3957 a.
1882 3907 2056 3970 1860)
2082 3920 2144 3972 p.
2166 3909 2255 3958 11.
2295 3906 2359 3958 in
2396 3906 2600 3960 iustam
2633 3908 2931 3962 sententiae
2964 3907 3202 3973 formam

584 3985 681 4038 hoc
715 3984 828 4051 fere
862 3983 1020 4036 mocio
1056 3987 1319 4050 corrupta
1352 3980 1518 4036 verba
1552 3985 1769 4039 restitui
1806 3988 2096 4054 poterant,
2141 3985 2208 4038 ut
2255 4002 2380 4040 cum
2429 3985 2553 4041 dico
2592 3987 2786 4056 Troia,
2832 4003 2934 4057 per
2969 4004 3141 4040 unum
3177 3985 3199 4040 i

584 4082 656 4119 an
701 4080 802 4133 per
847 4062 957 4116 duo
1003 4062 1242 4117 scribere
1289 4062 1550 4132 debeam,
1599 4066 1660 4118 et
1705 4062 1875 4118 coicit
1920 4062 2107 4116 utrum
2153 4080 2255 4134 per
2299 4084 2472 4121 unum
2506 4067 2528 4120 i
2565 4084 2638 4123 an
2683 4084 2784 4138 per
2820 4067 2930 4121 duo
2981 4082 3053 4121 an
3100 4083 3201 4135 per

583 4143 719 4212 tria,
764 4144 831 4196 ut
878 4158 1004 4196 cum
1051 4144 1125 4196 sit
1171 4160 1298 4211 con,
1347 4161 1385 4196 n
1421 4143 1643 4200 litterae
1682 4146 1947 4201 succedat
1983 4145 2028 4213 i,
2077 4146 2135 4199 et
2169 4145 2329 4216 iacit,
2366 4163 2401 4200 a
2448 4147 2673 4203 litterae
2711 4146 2976 4202 succedat
3010 4162 3199 4200 rursus

584 4225 764 4278 altera
798 4224 820 4278 i
857 4226 1116 4277 manente
1152 4223 1361 4292 priore,
1410 4241 1552 4292 quae
1588 4243 1690 4295 pro
1729 4225 2072 4281 consonante
2117 4225 2304 4294 posita
2340 4230 2452 4298 est,
2502 4230 2561 4282 et
2597 4228 2676 4284 sic
2713 4230 2813 4283 fiat
2849 4224 3060 4282 coiiicit

586 4311 616 4358 7
653 4304 714 4357 ιιι
750 4302 1152 4375 superioribus]
1182 4321 1243 4373 p.
1283 4309 1372 4370 54,
1399 4310 1488 4361 16.
1528 4310 1621 4373 66,
1650 4313 1722 4361 18
1868 4313 1900 4361 8
1937 4306 2074 4361 item
2112 4306 2208 4375 qui
2244 4310 2432 4362 utrum
2469 4326 2572 4378 per
2608 4326 2645 4377 q
2680 4308 2759 4365 R:
2800 4309 2870 4375 cf.
2898 4323 2959 4377 p.
2992 4311 3083 4374 70,
3109 4312 3201 4362 18.

585 4389 673 4450 77,
694 4390 729 4440 9
840 4390 872 4438 9
903 4384 1050 4452 quod
1088 4383 1359 4439 nonnulla
1386 4384 1508 4439 vice
1544 4384 1602 4437 Β
1711 4390 1778 4439 10
1818 4402 1946 4438 ειιιιι
1974 4383 2048 4439 sit
2075 4385 2200 4454 quis
2230 4386 2385 4442 cuius
2415 4391 2472 4442 et
2505 4389 2600 4457 qui
2627 4406 2729 4459 per
2758 4407 2795 4457 q
2821 4388 2877 4443 Β
2997 4392 3062 4440 11
3086 4392 3203 4442 'nec

584 4467 775 4533 potest
809 4464 892 4532 R,
929 4480 1032 4519 nec
1070 4482 1182 4519 nou
1216 4467 1404 4534 potest
1438 4465 1521 4518 vel
1558 4464 1656 4519 sed
1692 4467 1884 4534 potest
1920 4465 2282 4523 Schneider-us
2315 4485 2541 4538 yramm.
2581 4469 2674 4523 lat.
2713 4485 2761 4525 v.
2804 4469 2848 4522 I
2869 4485 2931 4539 p.
2955 4473 3067 4525 393

586 4550 652 4598 13
690 4545 1011 4599 accusatore
1049 4545 1380 4600 comisatore
1417 4543 1473 4598 Β
1600 4549 1667 4597 14
1705 4546 2122 4602 enuntiandum.
2181 4547 2245 4601 In
2282 4546 2482 4615 quibus
2518 4547 2575 4602 Β
2701 4554 2766 4602 16
2804 4550 2863 4602 et
2896 4549 3202 4605 accendere

584 4623 664 4691 R,
703 4627 761 4678 et
798 4624 855 4677 in
894 4625 1196 4680 accendere
1243 4628 1510 4679 corrector
1558 4624 1760 4679 codicis
1811 4625 2083 4682 Vaticani.
2142 4645 2219 4682 an
2261 4631 2327 4683 ut
2373 4628 2608 4683 cendere
2654 4644 2755 4697 per
2793 4646 2851 4685 se
2887 4629 3032 4684 nihil
3071 4634 3202 4687 est?

698 4709 762 4757 19
800 4721 910 4759 vox
948 4705 1117 4762 ducta
1144 4708 1231 4760 est
1266 4704 1323 4759 Β
1466 4709 1535 4758 23
1573 4703 1817 4760 foenoris
1855 4723 1924 4761 an
1962 4707 2203 4764 foeneris
2241 4708 2434 4762 dicant
2468 4708 2540 4776 R,
2578 4706 2820 4763 foenoris
2850 4727 2923 4764 an
2960 4709 3203 4766 foeneris

590 4782 842 4838 dicamus
889 4784 1291 4840 Wilmannsius
1335 4786 1402 4840 de
1448 4784 1682 4840 Varron.
1731 4785 1854 4842 lib-r.
1901 4804 2125 4856 yramm.
2164 4806 2226 4858 p.
2266 4793 2392 4843 178.
2446 4791 2648 4845 rectius
2684 4795 2803 4843 erat
2847 4789 3091 4845 faenoris
3130 4808 3203 4845 an

585 4863 825 4918 faeneris
864 4864 1160 4919 dicendum
1199 4864 1296 4932 sit,
1336 4867 1393 4919 et
1427 4882 1527 4934 per
1563 4881 1593 4918 e
1630 4862 1870 4922 faeneris
1907 4868 2158 4924 dicamus
