3613 5528
563 417 694 486 266
1745 421 1990 477 BEDAE

559 530 603 568 p.
632 519 752 558 2779.
781 520 835 560 so
861 520 910 559 P.

738 603 1008 665 Carduus
1063 607 1244 666 trIum
1299 604 1653 685 syllabarum
1710 615 1829 689 est,
1899 615 1965 669 ut
2018 607 2241 670 arduus
2300 611 2500 670 fatuus
2555 618 2856 689 mortum,
2918 609 3183 688 ideoque

560 710 832 794 similiter
886 710 1296 772 declinandum
1354 720 1473 794 est,
1540 712 1719 774 huius
1771 713 1982 776 'cardui
2045 714 2189 775 huic
2240 714 2460 778 carduo
2524 724 2585 777 et
2647 715 2806 777 hunc
2865 715 3172 796 carduum,

559 817 866 898 pluraliter
911 817 973 879 hi
1021 817 1228 879 cardui
1274 817 1633 880 carduorum
1680 820 1934 882 carduis.

736 924 1151 988 Cubicularius
1207 932 1413 987 custos
1458 925 1747 1007 cubiculi,
1802 926 2161 990 cubicularis
2210 946 2349 990 vero
2402 928 2595 992 lectus
2649 928 2925 991 cubiculo
2981 938 3173 1011 aptus,

560 1040 627 1093 ιιι
671 1032 986 1112 caligarius
1032 1033 1271 1114 artifex,
1318 1033 1589 1113 caligaris
1638 1034 1854 1096 clavuS.
3226 1053 3253 1091 5

735 1139 953 1202 Clunes
1000 1140 1286 1201 feminino
1331 1159 1552 1222 genere
1597 1140 1745 1202 dixit
1781 1140 2089 1224 Melissus;
2135 1144 2239 1208 scd
2277 1142 2525 1208 Verrius
2561 1142 2808 1206 Flaccus
2844 1144 3170 1207 masculino

555 1264 776 1326 genere
823 1245 940 1308 dici
976 1246 1206 1326 probat.

737 1353 1193 1415 Commendamus
1238 1357 1427 1416 amico
1475 1374 1584 1435 pro
1631 1365 1903 1436 tempore
1940 1376 2165 1436 equum
2210 1364 2437 1422 vestem
2473 1376 2740 1440 servum,
2777 1358 2938 1421 hanc
2980 1362 3172 1440 ipsam

558 1479 686 1522 rem
734 1479 910 1540 quam
958 1460 1230 1523 dedimus
1277 1463 1611 1542 recepturi3
1656 1469 1866 1523 mutuo
1894 1463 2130 1524 damus
2175 1465 2486 1545 pecuniam
2546 1467 2811 1528 triticmn
2864 1470 3066 1529 vinum
3113 1475 3175 1529 et

559 1568 649 1628 his
697 1567 936 1649 similia,
983 1587 1133 1647 quae
1179 1577 1403 1630 mutata
1450 1571 1638 1649 recipi
1687 1587 1934 1631 necesse
1981 1578 2090 1631 est.
3200 1588 3251 1626 ιο

738 1674 1021 1755 Canities»,
1066 1693 1187 1736 non
1234 1677 1448 1736 canitia
1494 1674 1762 1737 dicenda.

736 1754 978 1842 camara
1025 1781 1286 1866 dicitur„
1308 1788 1375 1843 ut
1422 1781 1663 1843 Verrius
1709 1782 1958 1845 Flaccus
2004 1784 2307 1866 adfirmat,
2350 1803 2468 1854 non
2516 1806 2751 1850 camera
2794 1808 2904 1869 per
2949 1809 3009 1872 ος
3065 1790 3167 1851 sed

557 1888 873 1949 Lucretius
929 1883 1266 1951 ‘cameris
1321 1908 1403 1950 ex
1460 1886 1864 1952 teretibus'
1924 1891 2180 1954 dicendo
2232 1895 2407 1956 etiam
2463 1911 2757 1958 cameram
2814 1896 2931 1957 dici
2994 1914 3170 1976 posse

557 1995 837 2058 ostendit.

733 2102 1082 2165 Curriculus
1119 2103 1445 2166 masculine
1491 2104 1804 2168 diminutio
1844 2117 1936 2169 est
1980 2125 2251 2188 currus,
2238 2107 2639 2170 curriculum
2686 2118 2885 2171 autem
2932 2118 3255 2171 neutra-15

554 2210 692 2271 liter
727 2212 993 2290 spatium
1040 2210 1112 2271 ad
1160 2210 1524 2272 currendum
1570 2220 1773 2292 aptum
1825 2212 1915 2273 vel
1959 2215 2155 2293 ipsum
2202 2214 2489 2276 currendi
2530 2216 2812 2278 officium.
2852 2213 2863 2297 Ι

738 2317 977 2398 Clipeus
1014 2317 1340 2380 masculino
1386 2337 1605 2399 genere
1643 2322 1705 2380 in
1744 2320 2176 2399 significatione
2215 2324 2371 2382 scuti
2418 2323 2678 2403 ponitur,
2715 2329 2930 2384 neutro
2969 2330 3169 2384 autem

553 2444 773 2505 genere
820 2426 1134 2505 imaginem
1181 2425 1485 2505 significat.
1560 2426 1665 2486 sed
1712 2428 2037 2488 auctoritas
2084 2435 2407 2507 utrumque
2455 2430 2655 2489 variat.

734 2533 955 2594 Caseus
983 2533 1292 2594 masculini
1328 2535 1565 2626 generis
1606 2541 1726 2615 est,
1763 2533 1869 2594 sed
1898 2533 2261 2613 Pomponius
2291 2533 2643 2596 neutraliter
2671 2535 2823 2598 dixit
2848 2530 3166 2597 ‘caseum

554 2636 820 2702 molle'.
3196 2658 3249 2696 ευ

731 2747 945 2829 Cuspis
992 2748 1281 2831 cuspidiS,
1327 2767 1446 2810 non
1493 2766 1727 2829 cuspes.

734 2856 1043 2936 Capparim
1083 2856 1365 2916 feminino
1402 2873 1622 2935 genere
1661 2855 1809 2916 dixit
1837 2853 2037 2916 Varro.
2102 2873 2237 2915 nam
2276 2862 2338 2916 et
2373 2873 2583 2933 graece
2623 2857 2909 2919 feminino
2947 2856 3167 2919 dicitur

553 2953 595 3043 ἡ
642 2956 993 3046 κάππαρις.

734 3070 1034 3132 Cassidem
1089 3070 1344 3131 dicimus
1398 3087 1506 3130 nos
1561 3068 1632 3129 ab
1679 3087 1751 3129 eo
1799 3069 1957 3147 quod
2005 3077 2097 3130 est
2155 3068 2300 3131 haec
2346 3071 2563 3152 cassis,
2621 3071 2725 3132 sed
2774 3070 2943 3133 multi
2990 3075 3169 3133 cassi·

554 3176 687 3237 dam
734 3177 968 3259 dicunt,
1016 3185 1084 3237 ut
1129 3186 1189 3237 et
1235 3177 1586 3256 Propertius
1633 3169 1817 3259 (IIII
1855 3176 1958 3252 11,
2004 3170 2117 3257 15)
3197 3193 3252 3232 25

872 3303 1088 3346 aurea
1134 3287 1251 3346 cui
1296 3293 1675 3365 postquam
1722 3283 2021 3345 nudavit
2066 3285 2352 3347 cassida
2401 3279 2772 3365 frontem',

554 3399 615 3453 et
663 3391 955 3471 Vergilius
1000 3384 1177 3474 (Aen.
1224 3393 1332 3451 XI
1376 3386 1542 3475 774)
1592 3387 1839 3452 ‘aurea
1887 3392 2034 3452 vati
2080 3386 2424 3452 cassida’.

732 3498 890 3578 Capo
937 3516 1123 3581 nuuc,
1184 3498 1288 3559 sed
1335 3497 1520 3559 Varro
1565 3497 1640 3558 de
1686 3515 1960 3559 sermone
2005 3497 2189 3559 latino
2236 3500 2319 3559 ait
2366 3493 2478 3559 ‘ex
2526 3497 2714 3578 gallo
2760 3498 3170 3578 gallinaceo

555 3613 875 3667 castrato
923 3605 1011 3665 fit
1057 3600 1333 3684 capus'.

732 3712 977 3793 Cingula
1021 3712 1328 3774 hominum
1373 3714 1612 3793 generis
1650 3714 1849 3774 neutri
1897 3721 2006 3773 est.
2079 3728 2216 3773 nam
2252 3722 2315 3805 et
2354 3712 2695 3774 animalium
2740 3731 2960 3792 genere
3001 3715 3166 3775 semi-
3198 3728 3253 3767 ³0

555 3820 696 3879 nino
743 3819 850 3879 has
895 3818 1161 3898 cingulas
1207 3818 1478 3881 dicimus».

734 3925 926 4005 Capax
974 3928 1075 4005 qui
1124 3926 1292 3988 facile
1339 3928 1524 4009 capit,
1569 3884 1852 4006 capabilis
1898 3927 2001 4003 qui
2049 3925 2219 3986 facile
2266 3928 2516 4006 capitur.

730 4032 992 4094 Collocat
1036 4053 1145 4113 per
1190 4034 1208 4094 l
1256 4032 1670 4109 scribendum,
1717 4051 1836 4093 non
1884 4031 2156 4093 conlocat
2201 4050 2311 4112 per
2358 4052 2422 4094 n.

734 4187 768 4234 2
803 4180 953 4236 hunc
989 4178 1220 4233 cardum
1255 4179 1312 4233 P
1474 4186 1510 4235 6
1543 4177 1801 4233 Melissus
1840 4177 2131 4233 Charisius
2161 4195 2220 4246 p.
2249 4184 2377 4247 101,
2414 4183 2466 4247 4,
2503 4179 2749 4235 melusus
2789 4179 2863 4235 M
2896 4179 3173 4239 melussus

555 4261 645 4318 dic
683 4262 741 4316 P
768 4261 1039 4316 melussus
1074 4258 1129 4312 L
1270 4259 1456 4314 uerius
1497 4260 1553 4313 P
1694 4264 1723 4313 7
1763 4255 1996 4327 probat]
2032 4257 2223 4324 potest
2260 4258 2337 4312 M
2488 4265 2520 4313 9
2559 4258 2751 4330 quam]
2791 4258 2942 4327 quod
2980 4258 3037 4312 P

557 4350 623 4396 10
661 4343 920 4396 mutuata.
958 4340 1032 4394 M
1176 4346 1235 4393 11
1279 4357 1391 4395 non
1429 4339 1637 4433 canitie
1674 4337 2003 4394 deducenda.
2038 4337 2096 4391 P
2215 4343 2280 4390 12
2319 4337 2503 4393 uerius
2540 4339 2598 4393 P
2706 4354 2818 4393 non
2854 4353 3077 4393 camere
3118 4337 3175 4390 P

665 4429 729 4476 13
766 4420 1079 4489 Lucretius]
1118 4421 1187 4487 cf.
1227 4420 1452 4476 Lachm.
1489 4422 1554 4474 in
1589 4420 1806 4474 Lucret.
1839 4436 1900 4488 p.
1940 4423 2069 4486 399,
2107 4416 2344 4473 Mueller
2380 4418 2564 4475 Lucil.
2601 4424 2704 4473 sat.
2741 4419 2836 4474 rel.
2870 4434 2927 4485 p.
2967 4412 3074 4473 ‘161

560 4509 624 4557 15
662 4500 965 4557 Cui-riculis
993 4499 1289 4555 masculini
1317 4500 1373 4554 P
1473 4517 1665 4554 currus
1697 4498 1753 4552 P
1782 4516 1973 4553 currus
2003 4514 2142 4553 cor-r
2173 4513 2208 4551 a
2235 4513 2400 4553 curru
2428 4504 2492 4553 ut
2517 4500 2734 4554 videtur
2756 4499 2831 4552 M
2864 4514 2899 4552 a
2926 4513 3091 4551 curru
3117 4496 3172 4551 L

662 4590 726 4638 17
775 4581 1058 4652 clippeum
1110 4582 1165 4634 P
1339 4587 1406 4635 22
1455 4580 1713 4651 capparis
1758 4595 1885 4648 gen.
1923 4577 2053 4634 fem.
2092 4577 2148 4631 P
2319 4594 2520 4647 gra-ece
2562 4576 2831 4634 feminine
2880 4575 3171 4633 Charisius

545 4680 607 4732 p.
645 4668 773 4728 103,
809 4667 880 4716 13
1041 4661 1268 4731 dicitur]
1307 4659 1450 4715 dixit
1486 4660 1542 4714 P
1695 4664 1763 4712 23
1803 4652 1838 4727 ἡ
1878 4653 2167 4727 κάππαρις
2204 4674 2304 4714 om.
2348 4659 2425 4713 M
2582 4664 2653 4714 24
2689 4674 2789 4714 nos
2824 4675 2925 4714 om.
2972 4658 3028 4712 P

556 4743 771 4798 cassida.
807 4740 1002 4797 dicunt
1037 4757 1071 4799 ς
1215 4748 1283 4796 25
1321 4738 1666 4811 Propertius]
1703 4755 1938 4808 prosper
1973 4740 2100 4807 tyro
2136 4739 2191 4792 L
2352 4743 2421 4794 26
2457 4755 2628 4794 aurea
2663 4768 2731 4777 —
2775 4744 2841 4792 27
2882 4736 3171 4808 Vergilius

555 4838 653 4877 om.
695 4822 783 4887 M,
822 4822 949 4876 add.
993 4821 1107 4875 PL
1230 4820 1465 4876 nudauit
1499 4820 1557 4874 P
1675 4826 1743 4875 28
1780 4819 2096 4890 gallinaceo
2137 4819 2213 4873 M
2243 4817 2558 4888 gallenucio
2595 4818 2652 4872 P
2681 4818 2975 4889 gallinatio
3012 4819 3067 4875 L

556 4908 624 4957 30
661 4900 886 4971 Cinguli
922 4900 1211 4956 hominum
1250 4901 1325 4954 M
1465 4907 1532 4956 33
1572 4900 1927 4955 scribendum
1964 4900 2040 4954 M
2043 4900 2094 4953 L
2131 4897 2393 4954 scribitur
2428 4898 2486 4953 P
