3613 5528
1363 410 1502 465 ARS
1541 407 2033 465 GRAMMATICA
2871 405 3002 471 419

400 518 443 557 p.
472 508 538 550 47.
566 509 620 550 48
645 508 706 551 Η.

844 612 1001 655 cum
1049 596 1276 677 venit,
1322 594 1595 657 aulaeis
1640 597 1774 662 iam
1822 613 1895 656 se
1944 598 2190 676 regina
2237 595 2572 676 superbis

843 719 1058 762 aurea
1105 704 1515 782 composuit
1559 702 1858 784 sponda,

402 807 462 869 id
508 816 601 869 est
646 803 800 888 ‘ipso
849 815 1114 889 tempore
1163 827 1281 887 quo
1329 812 1489 871 venit
1535 829 1599 872 se
1646 812 1850 890 regina
1897 807 2280 893 composuit’3
2342 821 2402 873 et
2455 810 2608 892 apud
2657 811 3003 873 Ciceronem

404 909 718 977 ‘tantum
774 916 1085 997 profeci,
1138 935 1291 978 cum
1339 926 1409 977 te
1464 917 1850 979 consulatu
1898 913 2237 1000 reppuli’‚
2292 919 2351 980 id
2399 927 2493 979 est
2537 913 2689 998 ‘ipso
2736 925 3003 996 tempore

324 1037 352 1077 5
405 1040 523 1102 quo
569 1021 803 1102 reppuli
848 1017 1116 1102 proseci’.
1211 1026 1297 1084 sic
1347 1042 1583 1105 quoque
1630 1035 1693 1087 et
1738 1025 1941 1087 futuro
1990 1026 2372 1105 coniungitur
2418 1026 2807 1104 finitivorum,
2850 1030 2920 1083 ut

747 1147 903 1190 cum
950 1128 1150 1192 dabit
1194 1131 1566 1212 amplexus
1611 1142 1824 1213 atque
1872 1131 2118 1194 oscula
2165 1129 2409 1193 dulcia
2456 1134 2661 1213 liget,

404 1235 462 1296 id
520 1245 613 1297 est
668 1231 822 1317 ‘ipso
880 1245 1147 1317 tempore
1204 1256 1322 1318 quo
1379 1238 1539 1301 dabit
1592 1238 1899 1319 amplexus
1955 1247 2016 1299 et
2062 1239 2201 1318 figet
2246 1233 2498 1321 oscula’3
2558 1240 2646 1300 sic
2691 1248 2752 1300 et
2797 1238 3004 1299 Cicero

405 1339 522 1405 ‘an
568 1362 724 1406 cum
772 1342 961 1406 bello
1009 1344 1417 1408 vastabitur
1463 1346 1701 1428 ltalia,
1757 1345 2209 1407 vexabuntur
2256 1345 2501 1430 urbeS,
2556 1355 2746 1408 tecta
2801 1344 3003 1407 arde-

405 1450 607 1534 bunt,
653 1461 800 1514 tum
848 1461 915 1514 te
963 1472 1097 1515 non
1146 1450 1591 1517 existimas?’
1649 1456 1940 1535 significat
1986 1456 2143 1516 enim
2191 1473 2254 1515 se
2301 1457 2430 1536 ipso
2477 1462 2743 1534 tempore
2790 1452 3006 1514 invidia

332 1572 381 1612 ιο
410 1559 935 1642 conflagraturum‚
992 1580 1109 1641 quo
1157 1561 1482 1625 vastabitur
1527 1563 1717 1645 Italia,
1773 1560 2143 1624 vexabuntur
2190 1562 2396 1644 urbeS‚
2453 1568 2605 1624 tecta
2652 1558 2945 1622 ardebunt
2990 1607 3003 1619 .

406 1666 517 1727 hoc
561 1677 734 1747 pacto
781 1669 1046 1748 iungitur
1091 1670 1359 1751 finitivis3
1407 1669 1799 1732 subiunctivis
1847 1677 2071 1752 autem,
2126 1686 2263 1730 cum
2317 1677 2454 1750 post
2510 1670 2728 1730 lactum
2784 1664 3003 1745 aliquid

407 1775 722 1857 significat,
784 1783 853 1836 ut
915 1775 1069 1856 apud
1127 1775 1475 1839 Ciceronem
1540 1771 1725 1839 ‘cum
1788 1777 1915 1838 ille
1980 1776 2185 1838 homo
2249 1776 2777 1837 audacissimus
2840 1789 3004 1833 con-

407 1883 718 1944 scientia
786 1886 1164 1946 convictus
1231 1885 1686 1964 reticuisset,
1761 1877 2129 1964 patefeci'.
2240 1902 2375 1944 nam
2438 1883 2696 1963 primum
2760 1879 3006 1941 Catilina

409 1989 616 2068 tacuit,
663 1997 723 2049 et
768 1997 911 2051 tuno
958 1989 1168 2051 Cicero
1214 1991 1508 2071 patefecit.

329 2109 380 2148 15
585 2095 649 2156 Si
711 2096 885 2158 modo
958 2097 1226 2178 finitivis,
1297 2097 1470 2159 modo
1544 2099 1934 2161 subiunctivis
1988 2101 2280 2179 iungitur:
2355 2100 2592 2160 finitivis
2626 2081 2758 2157 'hoc
2814 2095 3008 2176 modo,

408 2204 685 2281 quotiens
732 2221 829 2264 res
877 2204 1025 2264 sacta
1072 2205 1466 2288 significatur,
1530 2212 1597 2267 ut
1642 2206 1795 2286 apud
1846 2206 2194 2268 Ciceronem
2242 2202 2333 2269 ‘si
2381 2205 2900 2282 inlustrantur,
2947 2203 3007 2262 si

408 2318 794 2390 erumpunt
856 2306 1136 2373 omnia'.
1227 2331 1339 2374 nec
1386 2315 1543 2374 enim
1591 2313 1603 2388 Ι
1655 2312 1912 2396 dubitat,
1969 2315 2023 2374 si
2068 2312 2491 2394 inlustremur,
2546 2310 2678 2390 sed,
2737 2310 2874 2389 quia
2914 2309 3005 2398 ,in-

408 2415 764 2494 lustrantur,
820 2417 1030 2480 suadet
1084 2426 1152 2480 ut
1197 2419 1444 2481 Catilina
1491 2425 1681 2482 mutet
1735 2430 2010 2482 mentem.
2102 2422 2246 2482 item
2292 2420 2608 2481 Terentius
2663 2419 2725 2479 in
2780 2409 3007 2497 Hecyr'a

477 2524 609 2585 hoc
655 2525 826 2587 mihi
873 2545 1087 2588 unum
1133 2546 1165 2587 e
1213 2526 1548 2608 plurimis
1596 2529 1912 2590 miseriis
1959 2527 2318 2609 reliquum
2368 2529 2608 2589 luerat
2653 2523 2937 2606 malum,

329 2646 382 2686 2⁰
480 2635 539 2693 si
583 2652 882 2714 puerum
930 2644 1007 2696 ut
1054 2634 1294 2696 tollam
1339 2637 1547 2716 cogit.

408 2743 493 2802 sic
540 2759 776 2823 quoque
825 2750 887 2805 et
932 2743 1199 2823 perfecto
1244 2744 1536 2823 iungitur,
1571 2733 1651 2805 'ut
1696 2744 1850 2825 apud
1897 2742 2202 2824 Virgilium

753 2853 816 2912 si
862 2851 1101 2930 potuit
1146 2867 1384 2912 manes
1430 2869 1814 2913 arcessere
1862 2853 2198 2931 coniugis
2245 2849 2602 2931 Orpheus:

408 2956 659 3018 affirmat
695 2959 851 3019 enim
898 2959 1195 3038 potuisse:
1244 2960 1384 3020 item
1421 2959 1574 3039 apud
1616 2958 1965 3020 Ciceronem
2013 2955 2262 3040 ‘quid?
2308 2960 2368 3019 si
2414 2956 2614 3036 haec,
2659 2973 2795 3016 non
2843 2955 3006 3016 dico

410 3064 673 3124 maiora
737 3063 1035 3125 fuerunt
1099 3064 1170 3124 in
1238 3063 1489 3125 Clodio
1555 3065 1901 3144 quam'in
1966 3060 2261 3127 Milone’
2327 3113 2340 3126 .
2405 3062 2795 3126 subiunctivis
2869 3079 3007 3121 vero

330 3170 700 3253 wiungitur‚
747 3173 1024 3251 quotiens
1070 3154 1490 3232 condicionalis
1546 3180 1606 3232 et
1661 3174 1929 3233 incertus
1994 3181 2086 3234 est
2149 3191 2372 3245 sermo,
2438 3170 2599 3232 velut
2663 3171 2712 3230 si
2782 3170 3009 3251 faciam,

409 3278 458 3337 si
525 3277 780 3338 lacerem
845 3325 858 3338 .
927 3279 1027 3357 qui
1094 3279 1250 3337 enim
1325 3278 1410 3338 sic
1475 3277 1765 3360 loquitur,
1841 3277 1985 3339 nihil
2049 3279 2269 3341 factum
2342 3280 2580 3341 interim
2654 3277 2912 3339 declarat
2994 3324 3008 3336 .

408 3384 511 3445 sed
558 3383 875 3445 Terentius
922 3382 1071 3445 hanc
1109 3383 1373 3463 regulam
1412 3403 1530 3446 non
1569 3394 1662 3446 est
1698 3394 1968 3518 secatus:
2016 3404 2150 3447 nam
2188 3386 2260 3448 de
2300 3384 2689 3447 condicionali
2728 3401 3003 3446 sermone

408 3491 631 3551 finitivo
687 3489 866 3551 verbo
924 3510 1069 3553 usus
1124 3499 1242 3572 est,
1302 3501 1369 3553 ut
1423 3495 1483 3554 in
1540 3492 1770 3574 Hecyra
1860 3496 1919 3556 si
1976 3495 2229 3577 facies,
2286 3494 2663 3574 reprimam
2730 3510 2860 3573 me,
2925 3508 3008 3551 ne

410 3615 620 3676 aegre
677 3599 1059 3677 quicquam
1115 3594 1426 3660 audias:’
1478 3618 1589 3679 pro
1645 3602 1802 3661 enim
1843 3590 1923 3661 ‘si
1970 3595 2206 3662 seceris'
2263 3596 2337 3662 ‘si
2383 3594 2587 3661 facies'
2634 3597 2806 3660 dixit:
2853 3598 3008 3660 idem

330 3706 471 3765 eoin
521 3704 724 3765 eadem
770 3699 987 3783 ‘quod
1034 3708 1100 3765 εἰ
1141 3707 1483 3787 perficio,
1531 3726 1666 3768 non
1712 3710 2036 3787 paenitet
2081 3727 2186 3770 me
2235 3701 2486 3769 l'amae'
2536 3713 2595 3768 et

590 3840 771 3897 Codex
807 3840 1201 3911 Sangallensis.
1293 3847 1327 3896 4
1366 3843 1689 3897 consulatur
1732 3844 1954 3914 reppuli
2118 3852 2150 3900 5
2196 3847 2261 3900 ut
2303 3861 2405 3901 om.
2570 3850 2599 3898 ‘1
2637 3841 2718 3898 sic
2754 3843 2837 3915 et]
2877 3842 3012 3899 licet

411 3939 536 3977 cum
681 3926 713 3976 9
754 3919 1038 3976 existimat
1186 3926 1249 3975 10
1287 3923 1549 3978 uastabat
1691 3925 2035 3981 uexabantur
2063 3940 2201 3982 corr.
2226 3926 2513 3981 —buntur
2661 3931 2720 3978 11
2753 3941 2879 3979 eum
2908 3941 3009 3979 om.

484 4008 549 4056 13
588 4000 848 4056 conuictu
1008 4003 1249 4072 primum
1297 4002 1559 4073 patillina.
1723 4009 1787 4059 16
1827 4004 1876 4060 si
1923 4006 2242 4077 erumpunt]
2295 4005 2657 4075 scemmpunt
2826 4010 2890 4059 1⁷
2929 4003 3011 4058 in-

409 4080 740 4152 lustrentur]
791 4079 1157 4137 inlustrantur
1211 4100 1349 4138 corr.
1404 4082 1771 4139 inlustrantur
1935 4089 2001 4138 18
2045 4084 2345 4140 terrentius
2398 4084 2458 4139 in
2510 4100 2678 4153 ecyra
2720 4083 2828 4138 hoc
2874 4082 3011 4137 mihi

408 4180 580 4217 unum
619 4179 651 4217 e
685 4159 940 4233 plurimis
977 4164 1036 4216 et
1071 4160 1327 4231 plurimis
1364 4162 1600 4218 miseriis
1753 4169 1818 4218 21
1862 4166 1920 4218 et
1954 4163 2228 4278 puel-fecto]
2266 4164 2574 4235 inperfecto
2718 4169 2788 4217 24
2824 4160 3010 4217 cludio

481 4292 549 4342 25
604 4285 1000 4342 conditionalis
1162 4292 1228 4341 27
1279 4286 1647 4344 conditionali
1802 4294 1872 4343 28
1911 4291 1975 4344 ut
2018 4291 2157 4345 haec
2193 4306 2324 4359 cyra.
2481 4294 2550 4343 29
2587 4286 2780 4343 audies
2941 4291 3011 4340 30

327 4360 339 4372 “
410 4367 560 4438 quod
596 4366 822 4437 perficio
857 4365 1078 4437 penitet

591 4500 615 4547 1
657 4510 785 4547 cum
821 4491 1000 4553 venit]
1048 4493 1203 4564 γάρ.
1243 4494 1381 4548 Aen.
1424 4495 1466 4548 I
1499 4499 1609 4549 697
1756 4500 1789 4550 4
1828 4497 2050 4550 tuntum
2085 4494 2318 4565 profeci]
2358 4492 2469 4550 Cic.
2508 4495 2571 4548 in
2600 4491 2761 4547 Catil.
2786 4490 2828 4543 I
2840 4493 3011 4557 10,27

482 4581 515 4630 6
553 4591 680 4629 cum
717 4570 899 4644 dabit]
957 4571 1114 4643 Very.
1160 4574 1299 4628 Aen.
1341 4574 1384 4627 I
1417 4578 1531 4629 687
1712 4581 1742 4630 7
1781 4574 1861 4630 sic
1918 4576 1976 4631 et
2030 4573 2219 4631 Cicero
2268 4574 2557 4629 Charisius
2601 4577 2652 4626 et
2696 4571 3011 4626 Diomedes.-

412 4654 523 4709 G'ic.
560 4656 624 4709 in
662 4652 825 4709 catil.
867 4654 909 4707 I
941 4658 1030 4719 11,
1065 4658 1143 4709 29
1293 4659 1357 4708 12
1396 4670 1522 4708 cum
1558 4654 1680 4726 ille]
1714 4655 1829 4711 Cic.
1857 4657 1921 4709 in
1951 4655 2109 4711 Cata.
2144 4655 2228 4708 II
2254 4659 2381 4721 6,13
2528 4659 2594 4708 16
2632 4652 2681 4708 ai
2707 4651 3011 4707 inlustran-

408 4735 526 4807 tur]
565 4735 677 4790 Gic.
713 4734 779 4788 in
816 4732 977 4787 Catil.
1019 4734 1062 4787 I
1095 4737 1188 4799 3,6
1335 4739 1400 4787 19
1428 4734 1535 4789 hoc
1563 4734 1725 4807 mihi]
1760 4735 1970 4790 Terent.
2000 4736 2133 4791 Hec.
2166 4735 2335 4788 IIII
2358 4738 2483 4802 1,55
2627 4738 2695 4787 22
2724 4730 2773 4787 si
2801 4730 3008 4802 potuit]

421 4813 575 4885 Very.
615 4814 753 4868 Aen.
779 4811 896 4865 ·VI
927 4818 1035 4881 ,119
1193 4819 1262 4868 23
1310 4813 1462 4883 quid]
1522 4812 1633 4868 Cic.
1681 4830 1789 4884 pro
1830 4817 1960 4872 Mil.
1998 4820 2159 4884 13,35
2321 4821 2390 4870 28
2446 4813 2494 4869 si
2548 4813 2746 4882 facies]
2801 4813 3011 4869 Terent.

411 4893 544 4950 Hec.
595 4893 644 4947 V
679 4897 803 4959 1,39
948 4897 1016 4946 30
1055 4893 1205 4962 quod
1242 4892 1317 4968 si]
1359 4893 1567 4950 Terent.
1606 4894 1739 4950 Hoc.
1790 4895 1843 4948 V
1873 4901 1968 4963 2‚9
