3613 5528
554 401 685 464 114
1675 401 2029 458 AGROECII

552 511 596 548 p.
624 500 742 542 2265.
773 503 825 543 66
852 502 903 542 P.

554 586 745 647 facilia
802 587 1076 666 neglexit.
1159 606 1270 667 ego
1324 596 1521 650 autem
1580 587 1808 649 credidi
1861 587 2007 649 haec
2054 586 2325 666 ambigua
2372 587 2685 667 aliquantis
2745 589 2961 672 videri,
3023 591 3163 670 quia

550 693 696 754 mihi
751 692 1004 755 obscura
1060 695 1406 775 frequenter
1463 696 1736 757 fuissent.
1819 695 1892 756 ad
1949 703 2008 757 te
2065 697 2249 775 igitur
2301 694 2414 756 hoc
2476 696 2832 776 opusculum
2887 699 3162 780 mittitur,

552 802 611 860 in
670 820 787 879 quo
844 800 1139 863 laborabis
1190 802 1541 885 plurimum,
1602 805 1699 864 cui
1745 822 1993 864 necesse
2040 811 2132 863 est
2186 802 2502 864 emendare
2548 806 2743 883 ipsum
2790 806 2895 884 qui
2939 803 3160 884 aliquid
3261 820 3272 829 ·

547 908 860 969 emendare
897 913 1316 989 praesumpsit.
1389 910 1632 972 donabit
1678 910 1872 972 divina
1916 913 2108 991 pietas
2154 918 2239 992 ut,
2284 913 2388 990 qui
2435 913 2726 991 scriptum
2771 930 2804 972 a
2850 920 2910 973 te
2957 910 3160 972 obser·

547 1033 681 1076 vare
741 1015 1038 1099 volumuS‚
1095 1019 1269 1078 etiam
1325 1020 1760 1098 praescriptum
1818 1026 1988 1080 tuum
2048 1036 2286 1079 servare
2345 1021 2660 1097 possimus.
2747 1017 2873 1080 vale
2932 1036 3161 1079 memor
3187 1033 3214 1073 5

549 1126 767 1206 nostri,
812 1123 996 1185 decus
1044 1131 1104 1185 et
1148 1123 1512 1204 praesidium
1558 1143 1773 1186 mcum.

722 1232 1048 1311 Agroecius
1105 1249 1242 1292 cum
1288 1230 1468 1292 latine
1524 1230 1754 1313 scribiS,
1817 1250 1925 1311 per
1971 1232 2378 1314 diphthongon
2426 1233 2836 1314 scribendum,
2890 1251 3038 1315 non,
3094 1240 3161 1294 ut

554 1339 793 1418 quidam
840 1346 1079 1421 putant,
1121 1357 1231 1419 per
1277 1339 1298 1398 i
1342 1339 1632 1419 Agricius.

725 1446 969 1506 Triceni
1014 1444 1087 1506 de
1135 1447 1408 1506 tricentis
1455 1446 1645 1529 dices,
1688 1448 1908 1527 trigeni
1954 1447 2027 1508 de
2072 1450 2333 1528 triginta.

721 1555 990 1614 Accersit
1034 1555 1139 1634 qui
1186 1562 1410 1637 evocat,
1454 1556 1704 1616 arcessit
1748 1557 1854 1634 qui
1900 1563 2166 1633 accusat,
2214 1558 2370 1617 sicut
2415 1555 2625 1617 Cicero
2672 1550 2842 1616 ‘non
2891 1556 3159 1635 capitis
3188 1571 3242 1612 ιο

552 1655 981 1721 arcessere&

721 1766 1045 1847 Ecquando
1092 1769 1453 1850 increpando
1497 1769 1588 1831 vel
1635 1769 1992 1850 inquirendo
2021 1773 2463 1853 ‘interrogantis
2502 1769 2845 1831 adverbium
2883 1777 2992 1851 est,
3041 1766 3156 1845 [et]

547 1874 780 1953 quando
821 1873 1168 1954 simpliciter
1205 1875 1521 1955 loquentis.
1589 1876 1860 1937 similiter
1898 1896 1992 1959 en,
2030 1895 2166 1938 cum
2204 1877 2497 1959 ostendis3
2538 1896 2650 1960 em,
2688 1895 2825 1939 cum
2852 1879 3158 1955 increpas:

546 1980 754 2041 Cicero
802 1976 938 2043 ‘em
985 1984 1102 2043 cui
1147 1990 1312 2044 tuos
1357 1981 1630 2044 liberos
1679 1991 1832 2045 tute
1881 1979 2351 2046 committas’:
2395 1984 2566 2066 hem,
2612 2003 2749 2046 cum
2796 1983 2965 2045 dolor
3009 1985 3158 2043 iram

546 2089 821 2170 moverit,
867 2097 969 2149 aut
1015 2107 1153 2150 cum
1198 2089 1504 2151 admiratio
1552 2089 1967 2170 vel-cogitatio
2015 2100 2338 2171 stuporem.
3184 2105 3238 2144 1⁵

730 2196 991 2257 Acervus
1039 2196 1224 2257 moles
1270 2205 1389 2279 est,
1435 2195 1686 2258 acerbus
1731 2199 2068 2259 inmaturus
2115 2207 2175 2259 et
2219 2216 2410 2277 asper.
2487 2198 2724 2282 Segnis,
2768 2196 3034 2278 in‘signis.

722 2302 963 2364 Abitum
1009 2305 1137 2364 sine
1185 2305 1544 2384 aspiratione
1592 2302 1665 2363 de
1711 2302 1993 2365 abscessu
2056 2304 2296 2388 scribiS‚
2351 2304 2618 2367 habitum
2674 2304 2748 2366 de
2805 2308 3021 2367 vestitu
3067 2304 3158 2365 vel

544 2417 716 2489 gestu
764 2409 1164 2489 membrisque
1211 2410 1479 2472 dicimus,

726 2516 894 2578 Sicut
949 2512 1211 2596 ‘primus
1266 2536 1300 2578 e
1355 2512 1590 2578 multis'
1655 2524 1716 2577 et
1777 2511 1976 2597 ‘prior
2031 2536 2065 2578 e
2120 2514 2417 2603 duobus'‚
2482 2522 2564 2582 ita
2625 2527 2967 2599 postremus
3019 2518 3029 2595 1
3083 2517 3158 2579 116

546 2623 750 2684 multis
798 2631 858 2684 et
901 2626 1200 2703 posterior
1244 2625 1318 2685 de
1365 2623 1599 2686 duobus
1645 2631 1706 2684 et
1750 2624 1900 2686 alter
1945 2624 2019 2685 de
2066 2624 2301 2686 duobus
2347 2626 2585 2707 dicitur,
2630 2625 2781 2687 alius
2826 2625 2899 2686 de
2938 2625 3158 2686 multis.
3187 2640 3241 2680 20

724 2716 840 2792 Vae
878 2733 1215 2793 interiectio
1253 2732 1508 2796 dolentis
1546 2741 1655 2814 est,
1700 2751 1770 2793 ve
1809 2733 2151 2794 coniunctio
2190 2731 2581 2796 subiunctiva.
2653 2735 2986 2815 praemium
3022 2748 3160 2794 cum

1240 2873 1313 2884 ———-

530 2975 535 2982 ·
727 2948 753 2995 1
787 2957 893 3012 ego
923 2938 1134 3010 autem]
1162 2888 1420 3012 113Ιέ1106
1450 2942 1499 2997 0
1602 2941 1931 3014 aliquantis]
1963 2940 2191 3011 aliquan
2220 2941 2293 2995 M
2397 2942 2536 3011 quia
2561 2941 2701 2997 mihi
2733 2974 2799 2983 —
2832 2941 3066 2997 fuissent
3091 2940 3168 2995 M

549 3037 693 3090 quae
728 3021 870 3076 mihi
907 3052 973 3063 —-
1010 3020 1391 3108 fuerunQC
1563 3029 1596 3077 2
1636 3021 1989 3094 opusculum]
2044 3038 2185 3092 opus
2220 3020 2335 3075 BC
2510 3030 2543 3077 3
2588 3022 2649 3076 16
2683 3040 2796 3092 quo
2833 3039 2934 3079 om.
2975 3021 3023 3077 G

545 3110 830 3166 laborabis
879 3109 1185 3180 plurimum
1230 3130 1335 3181 spu
1382 3112 1593 3168 laboris
1638 3112 1945 3183 plurimum
1980 3111 2038 3165 Β
2214 3109 2425 3182 ipsum]
2466 3129 2594 3167 eum
2632 3111 2749 3167 Bc
2922 3118 2957 3166 4
3000 3126 3160 3181 prae-

547 3190 762 3260 sumpsi
800 3192 875 3245 M
1051 3191 1148 3261 qui
1188 3190 1358 3247 etiam
1403 3193 1672 3263 scriptum
1722 3209 1759 3247 a
1800 3195 1860 3247 te
1897 3193 2192 3248 obseruare
2229 3192 2491 3248 uolumus
2522 3192 2840 3276 Qoluimus
2873 3192 2952 3261 B)
2991 3190 3162 3246 etiam

545 3280 958 3349 praescriptum
1004 3282 1165 3334 tuum
1212 3298 1433 3337 seruare
1478 3281 1753 3351 possimus
1805 3280 1925 3336 ΒΟ
2143 3286 2174 3335 5
2221 3280 2351 3337 uale
2395 3281 2480 3337 IN
2483 3282 2598 3337 CIP
2636 3278 3162 3337 ORTOGRAPHIA

552 3359 901 3415 AGROECII
934 3359 1306 3416 RETHORIS
1343 3361 1650 3431 Agroeeius
1679 3363 1737 3414 et
1767 3378 1894 3416 cum
1929 3361 2108 3417 latine
2135 3361 2344 3416 scribas
2371 3362 2427 3416 Β
2464 3363 2595 3418 6616
2631 3362 2904 3417 INCIPIT
2943 3359 3161 3415 ORTO-

547 3437 875 3493 GRAPHIA
913 3437 1239 3494 EIUSDEM
1274 3440 1575 3509 Agroetius
1605 3457 1731 3496 cum
1757 3442 1934 3497 latine
1963 3442 2173 3497 scribas
2205 3439 2252 3493 O
2361 3447 2391 3495 '²1
2429 3442 2731 3513 Agroetius
2760 3443 2906 3498 sicut
2931 3441 3162 3510 (Agroe-

549 3518 666 3573 6166
697 3518 843 3573 sicut
879 3522 937 3573 et
974 3518 1166 3589 Sany.)
1205 3519 1356 3589 apud
1392 3537 1585 3590 grecos
1622 3522 1886 3577 scribitur
1925 3540 2052 3577 cum
2080 3521 2352 3593 diptongo
2382 3523 2737 3578 scribendum
2767 3524 2899 3593 quia
2934 3536 3161 3590 grecum

549 3614 751 3652 nomen
782 3602 884 3655 est.
939 3599 1176 3671 siagrius
1202 3616 1336 3656 uero
1365 3600 1576 3671 absque
1606 3601 1895 3672 diptongo.
1939 3601 2163 3658 Triceni
2189 3603 2357 3658 codex
2380 3604 2683 3660 Bermnsis
2709 3609 2821 3660 330
2847 3607 2898 3658 et
2924 3600 3159 3671 8611961·-

549 3680 827 3734 mammis
862 3684 1010 3736 1130
1152 3681 1453 3751 Agroetius
1491 3699 1616 3736 cum
1654 3680 1832 3736 latine
1868 3680 2077 3736 scribas
2118 3682 2193 3736 M
2359 3700 2462 3752 per
2497 3684 2832 3755 diptongum
2868 3697 2934 3736 oe
2974 3679 3023 3734 0

549 3764 582 3810 8
619 3774 721 3828 per
755 3778 792 3829 y
831 3760 1098 3829 Agrytius
1139 3760 1214 3813 M
1218 3759 1337 3814 ΒΟ
1547 3769 1578 3816 9
1627 3761 1863 3817 Treceni
1909 3761 1980 3816 de
2025 3761 2290 3817 trecentis
2326 3763 2537 3834 trigeni
2573 3764 2643 3818 de
2680 3762 2929 3832 ἐι-631616
2975 3759 3023 3815 0

554 3844 617 3893 10
655 3855 766 3894 non
805 3838 1006 3909 capitis
1042 3839 1333 3896 arcessisse
1370 3841 1464 3895 uel
1500 3856 1778 3896 arcessere
1814 3839 1931 3895 Bc
1961 3859 2061 3897 nos
2097 3841 2298 3911 capitis
2335 3860 2611 3900 arcessere
2642 3862 2715 3914 p:
2755 3843 2865 3899 Cic.
2887 3860 2947 3914 p.
2976 3842 3157 3897 Deiot.

547 3924 636 3984 11,
656 3925 729 3975 30
840 3925 903 3972 12
934 3920 1260 3976 adverbium
1288 3919 1531 3975 0111.Βο
1636 3927 1700 3976 13
1730 3920 1992 3976 similiter
2019 3921 2167 3976 66116
2197 3939 2322 3977 cum
2353 3924 2600 3979 ostendis
2628 3941 2696 3980 en
2726 3942 2854 3979 cum
2881 3924 3159 3993 increpas:

549 4000 741 4055 Cicero
781 4017 852 4055 66
887 3999 978 4054 661
1012 4002 1076 4055 tu
1114 4017 1335 4070 quoque
1381 4001 1559 4058 libere
1596 4002 1803 4058 liberos
1841 4003 1964 4056 tute
2001 4001 2319 4058 committas
2355 4003 2485 4059 hem
2533 4021 2658 4059 6661
2703 4004 2865 4059 dolor
2909 4019 2944 4061 ς
2998 4002 3158 4057 61161-

548 4081 677 4134 liter
723 4098 792 4135 en
840 4097 967 4135 cum
1013 4081 1286 4150 ostendis,
1343 4083 1535 4139 Cicero
1583 4101 1654 4139 66
1699 4082 1789 4139 661
1844 4085 1970 4136 tuos
2030 4081 2237 4140 liberos
2282 4086 2404 4140 tute
2450 4085 2794 4141 committas:
2848 4085 2988 4140 item
3034 4102 3159 4139 cum

548 4161 710 4215 dolor
736 4179 780 4230 p
929 4168 996 4217 14
1032 4177 1122 4215 em
1162 4161 1274 4233 cui]
1316 4160 1424 4219 Cic.
1463 4165 1528 4217 in
1574 4163 1726 4218 Verr.
1766 4167 1869 4217 act.
1906 4177 2005 4217 666.
2044 4161 2089 4214 I
2121 4169 2212 4232 37,
2239 4171 2312 4220 93
2455 4169 2584 4221 tuos
2620 4166 2738 4221 BC
2767 4170 2832 4222 tu
2868 4172 2947 4238 «ᾖ
2989 4168 3064 4221 M

549 4240 779 4313 liberos]
816 4242 1031 4299 leberos
1068 4243 1123 4297 Β
1266 4243 1409 4298 iram
1447 4242 1815 4299 commouerit
1847 4243 1904 4296 Β
2059 4249 2126 4299 16
2163 4245 2340 4301 moles
2378 4248 2466 4302 est
2498 4247 2659 4301 Beda
2688 4264 2747 4317 p.
2785 4253 2958 4317 2777,
2994 4247 3160 4303 molis

549 4323 636 4376 est
673 4323 749 4375 M
782 4322 946 4378 molis
984 4325 1142 4390 (corr.
1182 4327 1289 4393 ·es)
1325 4323 1419 4378 uel
1466 4323 1719 4378 cumulus
1759 4322 1808 4377 0
1837 4321 2001 4378 molis
2039 4324 2127 4378 est
2161 4324 2254 4379 uel
2290 4325 2438 4381 mole
2474 4327 2530 4381 Β
2708 4326 3020 4383 inmaturus
3067 4326 3161 4381 uel

548 4419 711 4470 asper
737 4402 792 4455 Β
903 4402 1102 4473 863616
1138 4402 1374 4474 insignis
1402 4403 1459 4456 Β
1497 4402 1695 4472 863616
1726 4444 1989 4460 ........
2027 4405 2207 4472 spatio
2244 4411 2360 4460 octo
2397 4406 2707 4462 litterarum
2740 4409 2806 4462 in
2839 4410 2949 4476 fine
2973 4426 3159 4465 versus

548 4484 735 4538 relicto
765 4483 853 4551 M,
893 4481 1092 4551 Segnis
1119 4481 1354 4552 insignis
1382 4483 1675 4537 dicendum
1710 4482 1757 4535 C
1789 4482 1977 4551 segnis
2004 4483 2096 4538 uel
2131 4483 2378 4555 insegnis
2414 4485 2482 4541 de
2520 4487 2682 4558 pigro
2719 4487 2814 4544 uel
2847 4505 2958 4543 606
2995 4480 3160 4559 pigro

549 4563 843 4617 dicendum
883 4579 912 4616 c
1063 4570 1123 4617 17
1165 4563 1393 4617 abcessu
1436 4564 1510 4615 M
1653 4568 1717 4617 18
1756 4565 1921 4632 gestu
1957 4564 2333 4619 membrorum
2372 4583 2497 4620 cum
2537 4567 2878 4637 aspiratione
2916 4568 3010 4623 Sic
3046 4568 3158 4638 pri-

550 4662 673 4698 mus
711 4644 782 4699 de
819 4642 1013 4698 multis
1053 4641 1099 4696 0
1240 4648 1306 4696 19
1346 4640 1515 4712 sicut]
1555 4640 1636 4696 sic
1670 4641 1727 4695 B
1869 4642 2023 4713 prior
2060 4661 2127 4698 ex
2165 4643 2380 4708 duobus
2421 4646 2497 4699 M
2618 4648 2702 4702 ita
2736 4650 3050 4717 postremus
3088 4648 3157 4703 de

549 4723 743 4778 multis
782 4725 840 4778 et
874 4721 1149 4794 posterior
1185 4740 1215 4777 e
1253 4722 1470 4781 duobus
1505 4723 1571 4777 in
1605 4721 1771 4776 initio
1799 4725 2046 4793 paginae
2082 4725 2367 4794 repetitum
2402 4731 2478 4782 est
2512 4727 2578 4782 in
2616 4728 2691 4781 M
2830 4735 2900 4784 20
2937 4729 2997 4783 et
3030 4732 3158 4783 ante

549 4802 824 4872 posterior
859 4809 909 4857 et
945 4808 1071 4858 ante
1106 4803 1249 4857 alter
1287 4819 1388 4857 om.
1425 4802 1543 4856 BG
1697 4802 1974 4872 posterior
2010 4822 2039 4859 e
2078 4808 2234 4874 (corr.
2275 4807 2346 4863 al.
2384 4824 2453 4863 m.
2492 4808 2562 4861 de
2598 4806 2674 4878 Β)
2712 4807 2928 4863 duobus
2967 4809 3044 4862 Μ
3048 4807 3164 4861 Bc·

622 4887 687 4939 21
730 4885 817 4936 est
848 4889 971 4952 post
1008 4883 1250 4938 dolentis
1288 4900 1387 4940 om.
1430 4884 1519 4952 M,
1556 4883 1683 4940 add.
1719 4882 1830 4938 Bo
1931 4885 2241 4955 proemium
2281 4904 2406 4942 cum
2446 4890 2535 4958 <oe
2565 4888 2692 4942 add.
2723 4889 2772 4957 c)
2809 4886 3082 4960 diptongo
3114 4885 3162 4943 0
