3613 5528
557 403 691 472 470
1538 403 1888 463 ARVSIANT
1925 404 2165 463 MESSII

568 520 607 557 p.
636 509 727 551 22⁷.
758 508 839 548 sss
864 507 917 548 1,.

560 593 904 672 domoque
960 594 1093 653 iam
1148 593 1390 654 exisse
1441 642 1453 653 .
1501 595 1621 654 exit
1669 612 1701 653 e
1749 594 1909 672 loco,
1965 592 2085 654 Cic.
2132 591 2205 654 de
2253 590 2557 673 suppliciis
2603 611 2638 649 *
2685 600 2761 654 ut
2815 601 3084 653 exeunt
3129 611 3162 653 e

561 699 818 761 Sicilia
863 700 1267 780 praedones
1315 749 1328 762 .
1377 702 1499 761 exit
1542 700 1701 762 illam
1749 718 1903 782 rem,
1950 699 2123 780 Verg.
2169 700 2309 761 Aen.
2357 698 2404 757 V
2449 696 2641 781 (438)

852 826 1156 888 corpore
1203 809 1343 869 tela
1389 806 1589 868 modo
1637 817 1848 888 atque
1896 805 2130 869 oculis
2175 806 2653 887 vigilantibus
2699 810 2871 889 exit,

560 915 717 976 idem
764 916 910 976 Aen.
959 916 1064 976 XI
1104 916 1301 990 (750)
1348 923 1419 977 et
1465 918 1597 976 vim
1644 914 1924 976 viribus
1972 916 2120 975 exit
2165 963 2178 976 .

733 1022 893 1083 Emit
957 1023 1029 1083 de
1094 1041 1216 1105 me,
1280 1022 1397 1084 Cic.
1454 1041 1562 1103 pro
1618 1021 1790 1083 Rosc.
1858 1024 1941 1100 (p.
1999 1022 2177 1084 Rosc.
2236 1023 2363 1082 Am.
2421 1022 2557 1098 2,6)
2623 1041 2801 1102 quae
2868 1021 2947 1083 de
3011 1025 3217 1083 viros

558 1131 967 1192 clarissimo
1016 1138 1085 1192 et
1130 1130 1532 1192 fortissimo
1581 1149 1737 1191 sese
1787 1130 1968 1190 dicit
2015 1132 2273 1190 emisse
2320 1128 2384 1190 L.
2425 1127 2807 1190 Cornelius
2854 1128 3160 1209 Chryso-

557 1256 785 1318 gonus
833 1284 846 1299 .
895 1239 1037 1299 emit
1100 1256 1132 1297 a
1197 1256 1318 1319 me,
1382 1237 1540 1299 idem
1602 1237 1674 1299 de
1740 1236 2049 1318 suppliciis
2116 1240 2208 1310 (in
2278 1237 2447 1298 Verr.
2510 1236 2821 1313 V‚22,56)
2887 1237 3068 1316 quod
3130 1256 3162 1296 a

558 1343 736 1405 malo
783 1352 1082 1406 auctore
1130 1345 1307 1405 emit
1353 1392 1365 1404 .
2852 1401 2863 1418 ,

735 1448 991 1530 Expellit
1027 1446 1145 1510 hoc
1182 1449 1338 1524 loco,
1387 1448 1504 1511 Cic.
1534 1468 1642 1529 pro
1673 1448 1859 1510 Cor.I
1898 1452 2131 1510 satius
2178 1450 2536 1510 hominem
2574 1453 2914 1512 miserum
2952 1460 3161 1531 atque

556 1560 1024 1619 innocentem
1072 1559 1259 1638 eripi
1304 1557 1367 1617 P.
1415 1556 1502 1639 R„
1547 1556 1816 1636 expelli
1861 1559 2120 1638 patria,
2166 1557 2415 1619 divelli
2460 1577 2492 1617 a
2539 1559 2693 1618 suis
2741 1607 2755 1619 .
2802 1557 3041 1639 expellit
3087 1577 3160 1619 ex
3191 1574 3244 1616 ιο

557 1666 671 1725 1100
717 1665 874 1746 1000,
922 1666 1077 1727 idem
1120 1683 1231 1746 pro
1280 1664 1473 1725 Sestio
1522 1664 1768 1740 (13,30)
1818 1663 2121 1744 expellit
2169 1683 2249 1725 ex
2296 1665 2530 1744 patria
2582 1712 2593 1725 .
2645 1663 2887 1744 expellit
2930 1684 2962 1725 a
3010 1665 3161 1747 loco,

560 1771 678 1834 Cic.
723 1791 833 1852 pro
881 1771 1012 1833 Cor.
1062 1771 1111 1831 ll
1160 1771 1560 1852 expelleret
1605 1790 1637 1832 a
1684 1769 2284 1852 dispensantibus
2333 1819 2345 1832 .

736 1879 963 1960 Expers
1018 1879 1177 1940 illius
1230 1881 1344 1954 rei,
1400 1878 1518 1940 Cic.
1566 1878 1639 1939 de
1686 1897 1811 1958 rep.
1860 1880 1930 1952 (I
1966 1879 2098 1955 2,3)
2164 1880 2436 1958 negotii
2500 1878 2777 1958 publici
2843 1898 3099 1960 expers
3148 1927 3159 1939 .

560 2005 773 2067 expers
828 1986 925 2048 illa
982 2005 1076 2068 re,
1132 1986 1245 2047 Sal.
1303 1985 1455 2047 bello
1512 1985 1633 2046 Cat.
1693 1986 1891 2060 (3321)
1948 1982 2136 2046 fama'
2181 1992 2393 2065 atque
2451 1987 2767 2048 fortunis
2823 1996 3161 2067 expertes

559 2112 799 2155 sumus
848 2141 861 2154 .
1013 2135 1026 2146 -
3192 2107 3243 2147 ιε

736 2200 1027 2280 Egregius
1071 2200 1169 2262 illa
1215 2219 1307 2282 re,
1353 2198 1522 2279 Verg.
1572 2201 1712 2261 Aen.
1760 2199 1836 2260 VI
1885 2200 2073 2274 (862)

914 2309 1279 2387 egregium
1328 2308 1547 2368 forma
1594 2309 1923 2368 iuvenem
1968 2316 2038 2369 et
2082 2307 2535 2388 fulgentibus
2582 2312 2813 2370 armis,

561 2418 835 2496 egregius
880 2415 1038 2476 illius
1084 2417 1198 2497 rei,
1245 2413 1413 2493 Verg.
1461 2415 1601 2475 Aen.
1649 2413 1727 2473 Xl
1777 2415 1966 2488 (417)
2023 2417 2504 2495 egregiusque
2561 2418 2805 2497 animi,
2863 2414 2976 2475 Sal.
3023 2413 3160 2475 bist.

559 2521 586 2582 I
633 2525 969 2603 egregius
1032 2507 1348 2583 militiae.
1392 2517 1401 2601 Ι
1443 2523 1717 2601 egregius
1770 2522 1944 2603 haec,
1993 2521 2105 2583 Sal.
2154 2521 2276 2603 Iug.
2324 2542 2358 2579 *
2414 2525 2701 2604 imperii
2752 2521 3162 2604 prolatandi

559 2629 1000 2710 percupidus
1046 2626 1472 2709 habebatur,
1519 2636 1759 2689 cetera
1808 2630 2151 2708 egregius
2199 2678 2212 2689 .
3189 2643 3242 2683 so

742 2735 1081 2799 Exterritus
1127 2738 1348 2818 animo,
1394 2733 1564 2815 Verg.
1612 2735 1753 2796 Aen.
1801 2733 1928 2796 VIII
1975 2736 2172 2811 (370)

833 2851 902 2905 at
947 2843 1180 2906 Venus
1225 2843 1406 2904 haud
1455 2845 1684 2903 animo
1732 2846 2168 2923 nequiquam
2217 2847 2567 2906 exterrita
2614 2854 2836 2907 mater
2883 2894 2895 2905 .

560 2954 882 3015 exterritus
917 2951 1074 3013 illius
1113 2953 1227 3033 rei,
1275 2950 1388 3011 Sal.
1425 2949 1562 3011 bist.
1600 2948 1707 3009 Illl
1746 2949 2154 3011 tetrarchas
2202 2970 2551 3032 regesque
2602 2955 2902 3014 territos
2948 2954 3164 3013 animi

561 3060 883 3120 firmavit
931 3107 942 3119 .

736 3165 948 3227 Evenit
1010 3168 1070 3226 in
1126 3165 1252 3247 1110,
1315 3165 1428 3225 Sal.
1486 3164 1620 3225 hist.
1669 3164 1716 3223 V
1763 3183 1916 3225 nam
1981 3167 2041 3226 si
2104 3168 2175 3225 in
2240 3165 2574 3246 Pompeio
2644 3166 2812 3246 quid
2878 3165 3247 3227 humaniss

562 3276 929 3334 evenisset
959 3321 971 3333 .
1001 3275 1199 3333 evenit
1243 3271 1355 3355 1111,
1401 3271 1518 3332 Cic.
1557 3274 1618 3332 in
1657 3271 1772 3332 Pis.
1813 3272 2056 3345 (14‚33)
2105 3291 2185 3333 an
2234 3272 2419 3352 quod
2467 3273 2604 3334 tihi
2648 3274 3165 3353 proficiscenti

741 3534 921 3590 Codex
961 3534 1258 3589 Parrhasii
1328 3541 1363 3589 4
1399 3536 1536 3589 Αο11.
1567 3533 1644 3588 XI
1680 3551 1778 3589 om.
1947 3540 2010 3588 11
2051 3534 2286 3605 011Ρο1111,
2321 3552 2356 3589 a.
2392 3535 2540 3606 loco]
2581 3534 2788 3605 expelli
2825 3552 2860 3589 a
2898 3535 3021 3591 loeo

564 3620 627 3669 13
667 3615 851 3685 Exper
884 3613 1036 3669 illius
1183 3620 1246 3669 16
1285 3613 1560 3685 Egregius
1595 3614 1698 3667 illa
1733 3632 1791 3670 re
1830 3614 1985 3685 Virg.
2023 3617 2159 3670 Aen.
2199 3614 2251 3668 11
2290 3616 2687 3686 egregiumque
2724 3616 2903 3670 forma
2942 3657 2954 3669 .
2993 3616 3162 3684 Egre-

561 3696 684 3766 gius
736 3694 889 3749 illius
941 3695 1024 3750 rei
1069 3693 1223 3764 Virg.
1263 3696 1400 3750 Aen.
1439 3695 1516 3749 XI
1573 3694 1942 3765 egregiusque
1997 3693 2168 3750 animi
2224 3693 2334 3750 Sal.
2384 3695 2511 3750 hist.
2550 3696 2576 3749 I
2623 3699 2876 3766 egregius
2926 3694 3163 3749 militiae

558 3775 818 3830 iuvenem
855 3776 912 3830 01,
946 3774 1288 3845 fulgentibus
1324 3774 1491 3829 armis
1528 3814 1540 3826 .
1579 3773 1854 3845 Egregius
1891 3774 2029 3829 haec
2190 3781 2256 3830 21
2299 3775 2451 3848 VIII]
2492 3775 2649 3830 VIIII
2810 3780 2878 3829 25
2917 3774 3163 3844 Pompeo

740 4015 765 4062 1
807 4010 873 4063 ut
908 4009 1111 4063 exeunt
1147 4023 1177 4062 0
1216 4006 1411 4061 Sicilia
1454 4006 1765 4075 praedones
1811 4023 1925 4062 non
1969 4008 2330 4062 inveniuntur
2372 4009 2438 4063 in
2474 4008 2723 4064 oratione
2757 4008 2823 4062 de
2858 4006 3165 4077 suppliciis,

560 4104 626 4142 ex
662 4105 774 4158 qua
809 4104 918 4157 pro
969 4088 1206 4157 exemplo
1242 4087 1485 4142 adscribi
1521 4091 1780 4156 poterant
1815 4088 1946 4142 haee
1983 4092 2214 4155 38,100‚
2267 4091 2637 4159 posteaquam
2676 4106 2707 4144 0
2743 4092 2911 4159 portu
2946 4089 3164 4159 piratae

560 4185 673 4223 non
708 4170 863 4222 metu
899 4166 1089 4236 aliquo
1128 4165 1342 4235 affecti,
1382 4165 1479 4221 sed
1518 4166 1784 4222 satietate
1822 4167 2080 4223 0110111111,
2116 4212 2128 4224 .
2166 4169 2352 4238 itaque
2388 4170 2643 4224 lacunam
2678 4169 2926 4224 indicavi

561 4255 592 4304 ’1
632 4249 778 4318 quod
817 4264 852 4303 a.
887 4248 1036 4303 malo
1074 4250 1300 4303 auctore
1337 4246 1600 4303 emissent
1631 4247 1816 4302 Cicero
1964 4254 2029 4302 10
2067 4247 2208 4318 eripi
2244 4250 2326 4303 rei
2362 4249 2621 4320 publicae
2648 4250 2876 4305 coniecit
2900 4248 3166 4304 Halmius
3250 4271 3259 4279 ·

559 4327 927 4399 Sitsumysber.
965 4330 1019 4383 d.
1058 4327 1196 4383 bair.
1235 4327 1415 4381 Akad.
1454 4331 1607 4382 1862
1644 4343 1693 4383 v.
1736 4328 1821 4380 II
1842 4344 1906 4396 p.
1944 4333 2026 4384 22
2175 4335 2237 4383 11
2278 4331 2520 4399 expellet
2555 4347 2623 4385 ex
2660 4332 2847 4400 patria
2887 4328 3073 4385 Gicero
3102 4349 3163 4401 p.

560 4406 693 4462 Sest.
735 4409 767 4462 l.
808 4424 850 4462 c.
998 4412 1064 4461 13
1103 4404 1201 4475 qui
1246 4405 1425 4461 omnis
1471 4406 1685 4476 negotii
1732 4407 1945 4478 publici
1984 4410 2239 4478 expertes
2285 4409 2398 4463 sint
2433 4411 2637 4465 codices
2676 4409 2952 4466 Ciceronis
3096 4417 3163 4466 19

560 4485 780 4556 imperii
803 4519 867 4527 —
889 4487 1173 4558 egregius,
1209 4505 1347 4558 quae
1382 4488 1446 4540 iu
1483 4488 1622 4542 libro
1659 4489 1723 4541 de
1759 4488 1893 4542 bello
1933 4489 2270 4559 Iuyurthino
2298 4507 2411 4545 non
2447 4491 2730 4560 leyuntur,
2768 4493 2837 4547 ab
2867 4492 3165 4547 editoribus

560 4568 819 4623 Sallustii
854 4570 917 4623 in
951 4570 1276 4638 sraqmentis
1320 4567 1676 4622 historiarum
1719 4569 1904 4637 posita
1947 4575 2104 4637 sunt,
2158 4569 2260 4623 IV
2293 4576 2331 4625 8
2366 4569 2558 4637 Kritz,
2625 4569 2679 4623 V
2712 4576 2748 4626 6
2784 4572 3008 4627 Dietsch
3044 4608 3071 4628 .-
3096 4588 3165 4626 εει·

561 4646 818 4716 Iuymth.
877 4652 1006 4717 63,7
1069 4649 1368 4718 exemplum
1430 4647 1748 4702 elocutionis
1793 4648 2052 4719 egregius
2105 4648 2207 4705 illa
2262 4668 2321 4706 re
2368 4652 2511 4719 pom·
2560 4652 2769 4719 potuit,
2823 4669 2989 4707 nemo
3043 4654 3163 4707 tam

562 4726 744 4781 clarus
780 4744 964 4797 neque
998 4731 1118 4785 tam
1156 4728 1413 4801 egregius
1450 4728 1616 4783 factis
1645 4728 1765 4783 erat
1909 4735 1976 4783 23
2008 4731 2302 4786 exterritos
2332 4730 2506 4786 animi
2532 4731 2846 4787 Dietschius
2874 4731 3008 4787 Sall.
3037 4733 3162 4786 hist.

558 4805 755 4875 fragm.
785 4825 847 4877 p.
883 4814 996 4864 108
1173 4816 1242 4866 25
1277 4827 1409 4866 nam
1446 4808 1494 4864 si
1528 4808 1797 4879 Pompeio
1846 4810 1975 4865 olim
2010 4811 2073 4865 in
2109 4810 2369 4867 Sallustii
2409 4812 2733 4883 fragmentis
2779 4812 2979 4868 editum
3028 4817 3163 4880 erat,

561 4889 705 4957 quod
742 4889 979 4943 correxit
1016 4889 1214 4945 Carrio

2168 5020 2243 5093 b
