3613 5528
624 399 757 465 344
1766 399 2083 454 AVDACIS

622 510 668 547 p.
695 500 762 541 24.
790 499 842 540 25
869 499 928 541 Η.

625 602 733 663 ego
790 587 907 645 mei
969 583 1114 645 mihi
1180 602 1275 645 me
1333 602 1363 644 a
1420 601 1542 665 me,
1608 586 1751 645 item
1816 602 1928 645 nos
1993 593 2264 646 nostrum
2330 583 2501 645 nobis
2567 602 2677 645 nos
2731 602 2762 644 a
2822 584 2995 645 nobis
3050 632 3064 645 .
3121 587 3239 646 iam

624 691 917 753 secundae
965 709 1256 771 personae
1304 709 1406 752 sex
1454 709 1628 752 casus
1675 698 2028 771 occurrunt,
2086 700 2150 752 tu
2211 693 2300 752 tui
2353 691 2463 753 tibi
2518 700 2577 754 te
2625 710 2661 752 o
2708 710 2739 753 a
2785 701 2876 773 te,
2931 693 3076 753 item
3130 710 3238 752 vos

622 805 884 859 vestrum
940 797 1107 859 vobis
1152 816 1258 858 vos
1304 816 1339 858 o
1386 817 1418 859 a
1464 797 1657 880 vobis5
1718 799 1861 859 item
1919 816 2211 878 personae
2272 800 2507 880 tertiae,
2563 797 2661 859 ille
2717 797 2875 860 illius
2929 797 3014 859 illi
3071 797 3236 860 illum

624 924 660 965 o
708 903 780 965 ab
827 904 955 987 illo,
1011 914 1071 966 et
1127 904 1434 985 pluraliter
1490 904 1573 965 illi
1630 904 1868 967 illorum
1926 904 2042 967 illis
2097 904 2229 965 illos
2283 924 2319 966 o
2376 904 2450 965 ab
2507 905 2623 966 illis
2670 952 2683 965 .
2733 923 2873 966 sane
2930 908 3118 985 prima
3177 914 3238 967 et

623 1011 910 1093 secunda,
973 1011 1033 1071 id
1099 1021 1193 1073 est
1254 1030 1397 1095 ego,
1430 1020 1490 1073 et
1545 1020 1607 1074 tu
1620 1062 1637 1095 ,
1706 1022 1825 1074 tam
1880 1015 1940 1074 in
1999 1011 2287 1092 singulari
2348 1031 2596 1074 numero
2653 1030 2830 1092 quam
2895 1014 2954 1073 in
3020 1012 3292 1093 pluralis

620 1121 858 1199 generis
913 1122 1107 1180 omnis
1163 1127 1255 1180 est
1301 1166 1314 1179 .
1363 1128 1560 1181 cetera
1621 1128 1817 1180 autem
1873 1122 2224 1200 pronomina
2280 1119 2512 1181 diverso
2568 1137 2787 1199 genere
2843 1118 3237 1201 declinantur,

622 1228 779 1288 sicut
823 1229 884 1287 in
933 1228 1152 1287 ceteris
1199 1226 1422 1306 regulis
1467 1226 1736 1307 legimus

1693 1417 1813 1485 DE
1857 1417 2154 1484 VERBO

797 1564 1056 1625 Verbum
1103 1566 1245 1645 quid
1293 1562 1428 1628 est?
1499 1566 1645 1628 Pars
1693 1567 1979 1628 orationis
2034 1583 2170 1626 cum
2226 1583 2482 1644 persona
2528 1575 2588 1628 et
2643 1574 2912 1646 tempore
2959 1574 3231 1645 agentem

621 1674 1060 1752 patientemque
1119 1674 1475 1753 significante.
1547 1671 1740 1732 Verbo
1797 1679 1945 1750 quot
1998 1667 2320 1732 accidunt?
2394 1671 2661 1754 Septem,
2722 1673 2971 1752 qualitas
3026 1674 3229 1734 coniu-
3265 1688 3319 1726 10

618 1781 777 1857 gatio
823 1797 1012 1859 genus
1061 1798 1348 1841 numerus
1396 1781 1581 1860 figura
1639 1789 1873 1859 tempus
1928 1795 2199 1858 persona.
2276 1777 2539 1850 Qualitas
2593 1779 2912 1841 verborum
2969 1782 3032 1840 in
3088 1789 3232 1858 quot

618 1895 822 1965 partes
869 1883 1196 1948 dividitur?
1271 1886 1337 1947 ln
1385 1883 1563 1965 duas,
1610 1886 1667 1946 id
1717 1895 1811 1947 est
1855 1887 1917 1946 in
1964 1883 2171 1946 modos
2218 1893 2279 1946 et
2325 1885 2387 1945 in
2435 1886 2670 1946 formas,

794 1993 953 2054 Modi
1009 1993 1329 2055 verborum
1385 2002 1531 2073 quot
1587 1988 1771 2053 sunt?
1854 1991 2125 2071 Septem,
2189 1991 2572 2073 indicativBS,
2625 1994 3038 2073 imperativuS,
3094 2011 3228 2073 pro·

618 2102 920 2181 missivus,
976 2103 1270 2181 optativus
1283 2148 1300 2181 ,
1357 2102 1797 2180 coniunctivuS,
1854 2099 2152 2179 infinituS,
2210 2099 2619 2178 inpersonaIiS.
2704 2098 3061 2164 Indicativus
3122 2118 3232 2162 cur

617 2206 813 2268 dictus
860 2204 996 2269 est?
1069 2207 1239 2279 Quod
1286 2225 1394 2287 per
1436 2208 1638 2286 ipsum
1676 2205 2006 2266 indicamus
2044 2204 2185 2284 quid
2225 2222 2493 2287 agamus,
2541 2215 2606 2268 ut
2642 2215 2786 2286 puta
2821 2209 3227 2286 interrogatus
3263 2220 3315 2260 15

618 2314 759 2392 quid
807 2314 1018 2375 faciam
1064 2314 1198 2374 dico
1247 2312 1352 2374 tibi
1402 2306 1609 2392 ‘lego':
1656 2312 1802 2373 haec
1849 2312 2007 2372 enim
2058 2312 2406 2389 significatio
2446 2313 2761 2375 indicantis
2799 2323 2906 2375 est.
2971 2312 3229 2393 Impera-

619 2421 773 2480 tivus
820 2439 1003 2500 quare
1052 2416 1315 2481 dicitur?
1392 2420 1541 2491 Quia
1588 2422 2080 2499 significationem
2138 2417 2315 2479 habet
2371 2419 2724 2502 imperandi,
2782 2428 2849 2482 ut
2901 2429 3045 2501 puta
3099 2419 3230 2500 lege

616 2524 765 2586 doce
812 2525 1025 2587 scribe.
1116 2526 1518 2587 Promissivus
1565 2546 1674 2588 cur
1719 2526 1918 2588 dictus
1981 2522 2117 2587 est?
2190 2526 2339 2597 Quia
2395 2545 2505 2607 per
2560 2529 2754 2614 ipsum
2809 2529 3231 2608 promittimus,

617 2635 679 2692 in
725 2632 929 2694 futuro
977 2632 1118 2712 quid
1167 2650 1436 2712 agamuS,
1482 2640 1549 2693 ut
1593 2641 1735 2712 puta
1781 2633 1971 2712 legam
2020 2632 2229 2692 faciam
2277 2680 2290 2692 .
2338 2631 2454 2695 hoc
2502 2636 2656 2703 enim
2704 2636 3014 2716 promitto,
3070 2633 3229 2713 quod

619 2739 871 2802 necdum
938 2741 1106 2801 facio.
1200 2738 1510 2820 Optativus
1584 2757 1766 2819 quare
1843 2735 2108 2801 dicitur?
2200 2739 2350 2811 Quia
2425 2741 2913 2821 significationem
2986 2739 3226 2820 optandi
3258 2756 3316 2796 20

614 2846 818 2929 habet,
880 2858 949 2909 ut
1017 2850 1246 2909 utinam
1301 2846 1561 2908 dicerem
1620 2847 1878 2908 lacerem
1938 2846 2216 2927 legerem.
2302 2848 2728 2910 Coniunctivus
2791 2868 2903 2910 cur
2965 2845 3229 2909 dicitur?

617 2954 766 3025 Quia
815 2957 943 3016 sine
991 2955 1412 3016 coniunctione
1461 2953 1707 3015 aliarum
1756 2956 2092 3016 orationum
2139 2974 2257 3016 non
2306 2955 2513 3036 implet
2558 2973 2810 3015 sensum
2848 2954 3165 3015 locutionis
3214 3002 3226 3015 .

614 3064 665 3122 si
713 3065 869 3123 enim
917 3071 1147 3125 tantum
1193 3060 1398 3123 dixero
1445 3056 1605 3122 ‘cum
1652 3056 1942 3142 clamem',
1990 3061 2209 3142 pendet
2247 3060 2256 3144 Ι
2298 3081 2510 3124 sensus
2556 3070 2618 3123 et
2662 3062 2889 3141 indiget
2943 3071 3011 3122 ut
3065 3079 3226 3122 com·

612 3169 872 3251 pleatur3
918 3169 1108 3230 adicio
1157 3163 1316 3229 ‘cum
1365 3166 1639 3249 clamem,
1685 3186 1870 3247 quare
1917 3186 2012 3229 me
2063 3177 2258 3230 tacere
2297 3163 2589 3250 crediSP’,
2636 3164 2796 3230 ‘cum
2842 3167 3070 3249 loquar,
3118 3186 3227 3229 cur

612 3294 708 3336 me
756 3276 931 3338 silere
978 3271 1203 3337 dicis?
1253 3322 1266 3336 .
1313 3274 1447 3336 ideo
1504 3293 1645 3355 ergo
1701 3277 2117 3337 coniunctivus
2172 3275 2384 3337 modus
2430 3276 2676 3356 dicitur,
2732 3277 2869 3355 quia
2917 3276 3225 3354 coniungit
3253 3289 3311 3329 25

613 3382 726 3443 sibi
774 3381 916 3443 alias
962 3381 1355 3457 eloctitioneS‚
1405 3390 1472 3442 ut
1519 3380 1750 3461 expleat
1786 3399 2051 3442 sensum.
2126 3379 2397 3444 [nfinitus
2434 3401 2544 3444 cur
2581 3382 2843 3443 dicitur?
2918 3380 3067 3452 Quia
3105 3400 3226 3442 non

613 3489 808 3569 explet
865 3507 1104 3550 sensum
1163 3490 1275 3549 nisi
1333 3488 1561 3549 adiecta
1617 3486 1729 3547 alia
1782 3486 2072 3567 particula
2128 3486 2319 3562 verbi,
2384 3496 2451 3549 ut
2506 3495 2650 3568 puta
2715 3487 2942 3568 legere:
3005 3487 3227 3567 pendet

613 3598 770 3656 enim
817 3613 1068 3656 sensus:
1126 3593 1323 3655 adicis'
1360 3594 1488 3654 volo
1537 3596 1622 3655 vis
1669 3591 1794 3654 vult
1842 3601 1902 3654 et
1955 3592 2166 3672 imples
2228 3611 2500 3677 sensum,
2557 3594 2756 3675 legere
2815 3593 2971 3675 volo,
3025 3592 3224 3673 legere

609 3705 726 3783 vis,
780 3701 979 3782 legere
1039 3701 1180 3763 vult.
1265 3700 1665 3781 Inpersonalis
1720 3719 1830 3760 cur
1888 3696 2150 3761 dicitur?
2237 3698 2416 3782 Quia,
2475 3703 2588 3763 nisi
2644 3720 2898 3782 persona
2955 3720 3028 3762 ex
3084 3720 3220 3781 pro·

612 3807 950 3869 nominibus
997 3808 1222 3869 adiecta
1271 3809 1476 3889 fuerit,
1526 3814 1750 3868 certam
1797 3808 2026 3885 agentis
2064 3823 2378 3885 personam
2417 3826 2534 3869 non
2573 3807 2806 3889 definit,
2853 3817 2921 3870 ut
2959 3807 3177 3887 legitur
3208 3855 3222 3867 .
3252 3824 3307 3863 so

609 3914 821 3994 quodsi
867 3915 1156 3977 adiciatur
1194 3933 1266 3976 ex
1312 3912 1766 3994 pronominibus
1803 3930 2089 3994 persona,
2136 3915 2334 3973 statim
2373 3914 2723 3993 significatio
2762 3915 2892 3977 eius
2932 3914 3223 3996 expletur,

611 4030 677 4085 ut
720 4022 939 4102 legitur
985 4041 1017 4082 a
1068 4040 1188 4103 me,
1234 4039 1267 4082 a
1313 4030 1400 4103 te,
1446 4020 1519 4081 ab
1565 4020 1683 4082 illo.

785 4318 820 4366 4
857 4312 1016 4381 sane]
1064 4308 1182 4363 sine
1228 4308 1284 4361 Β
1429 4312 1461 4361 5
1510 4306 1771 4377 numero]
1816 4321 1927 4360 non
1979 4305 2053 4358 M
2194 4311 2225 4359 6
2264 4306 2478 4361 ceteras
2529 4307 2603 4360 M
2746 4307 2971 4365 diuersa
3015 4327 3224 4379 genera

607 4392 920 4448 declinatur
955 4390 1012 4444 Β
1155 4394 1188 4443 8
1225 4387 1323 4441 DE
1361 4386 1605 4443 VERBO
1643 4403 1743 4442 om.
1770 4385 1847 4451 B,
1883 4385 2010 4440 add.
2045 4385 2120 4438 M
2264 4392 2329 4440 10
2367 4385 2647 4457 signifieat
2672 4387 2729 4441 Β
2873 4387 3218 4460 coniugatio]

608 4473 925 4529 coniunctio
970 4472 1027 4526 Β
1174 4474 1235 4522 11
1289 4468 1585 4523 verborum
1632 4484 1733 4522 om.
1784 4466 1879 4532 M,
1930 4466 2059 4521 add.
2099 4466 2161 4520 B
2319 4474 2382 4523 12
2430 4471 2489 4523 et
2539 4469 2600 4521 in
2644 4467 2854 4523 formas
2900 4470 2960 4523 et
3003 4469 3223 4537 reliqua

606 4570 776 4621 quare
821 4552 1154 4624 promieiuos
1199 4550 1404 4607 dicitur
1450 4550 1563 4618 (18)
1611 4547 1744 4617 quia
1787 4563 1889 4617 per
1935 4546 2117 4617 ipsum
2165 4547 2544 4618 promittimus
2587 4547 2662 4601 M
2803 4553 2871 4603 16
2907 4547 3221 4605 indicemus

607 4631 741 4700 quid
780 4632 998 4703 agimus
1033 4633 1090 4686 B
1237 4637 1303 4687 18
1339 4646 1438 4700 per
1474 4646 1533 4685 se
1567 4628 1754 4698 ipsum
1790 4627 1847 4680 Β
1993 4632 2058 4682 19
2096 4627 2299 4682 faciam
2327 4644 2428 4684 om.
2463 4628 2560 4693 M,
2598 4628 2726 4683 add.
2757 4627 2811 4681 Β
2955 4636 3026 4686 20
3064 4633 3221 4700 opta-

605 4710 755 4767 tivus
803 4743 865 4752 -—
916 4717 982 4767 21
1032 4712 1278 4781 legerem
1325 4726 1426 4766 om.
1480 4709 1575 4776 M,
1622 4710 1750 4763 add.
1798 4707 1855 4762 Β
1997 4713 2067 4760 23
2119 4723 2244 4761 eum
2293 4706 2530 4762 clamem
2580 4708 2657 4762 M
2700 4725 2826 4762 eum
2872 4707 3117 4762 clament
3163 4706 3222 4760 Β

675 4791 764 4862 ut]
801 4791 904 4846 aut
933 4792 990 4845 B
1134 4796 1204 4845 26
1242 4792 1307 4844 ut.
1342 4789 1568 4861 expleat
1601 4788 1658 4844 B
1695 4790 1760 4842 ut
1795 4787 2060 4857 conpleat
2097 4786 2171 4840 M
2309 4803 2423 4842 non
2452 4786 2643 4856 explet
2671 4788 2748 4842 M
2772 4802 2882 4841 non
2910 4786 3138 4857 explent
3161 4785 3220 4841 Β

676 4877 746 4926 28
783 4874 841 4926 et
876 4888 976 4926 om.
1015 4869 1089 4937 Β,
1126 4872 1254 4928 add.
1296 4871 1371 4924 M
1508 4875 1577 4925 82
1614 4869 1873 4939 expletur
1906 4867 1963 4921 Β
1998 4866 2266 4937 impletur
2305 4867 2381 4921 M
2649 4908 2664 4923 .
