<?xml version="1.0" encoding="UTF-8"?>
<!DOCTYPE html PUBLIC "-//W3C//DTD XHTML 1.0 Transitional//EN"
    "http://www.w3.org/TR/xhtml1/DTD/xhtml1-transitional.dtd">
<html xmlns="http://www.w3.org/1999/xhtml" xml:lang="en" lang="en">
 <head>
  <title>
</title>
<meta http-equiv="Content-Type" content="text/html;charset=utf-8" />
  <meta name='ocr-system' content='tesseract 3.04.00' />
  <meta name='ocr-capabilities' content='ocr_page ocr_carea ocr_par ocr_line ocrx_word'/>
</head>
<body>
  <div class='ocr_page' id='page_1' title='image "./grammaticilatin09keilgoog_0368.png"; bbox 0 0 3613 5528; ppageno 0'>
   <div class='ocr_carea' id='block_1_1' title="bbox 613 365 3038 487">
    <p class='ocr_par' dir='ltr' id='par_1_1' title="bbox 613 365 3038 487">
     <span class='ocr_line' id='line_1_1' title="bbox 613 365 3038 487; baseline -0.009 0"><span class='ocrx_word' id='word_1_1' title='bbox 613 422 741 487; x_wconf 79' lang='lat'><strong>358</strong></span> <span class='ocrx_word' id='word_1_2' title='bbox 1751 420 2065 475; x_wconf 74' lang='lat' dir='ltr'><strong>AvnAms</strong></span> <span class='ocrx_word' id='word_1_3' title='bbox 3001 365 3038 418; x_wconf 79' lang='lat'><em>⁶</em></span> 
     </span>
    </p>
   </div>
   <div class='ocr_carea' id='block_1_2' title="bbox 604 523 3300 3373">
    <p class='ocr_par' dir='ltr' id='par_1_2' title="bbox 606 523 3216 1012">
     <span class='ocr_line' id='line_1_2' title="bbox 610 523 916 572; baseline -0.01 -6"><span class='ocrx_word' id='word_1_4' title='bbox 610 534 653 572; x_wconf 77' lang='lat' dir='ltr'><strong>p.</strong></span> <span class='ocrx_word' id='word_1_5' title='bbox 679 524 745 564; x_wconf 69' lang='grc' dir='ltr'><strong>ετ.</strong></span> <span class='ocrx_word' id='word_1_6' title='bbox 774 523 828 572; x_wconf 75' lang='lat' dir='ltr'><strong>ss</strong></span> <span class='ocrx_word' id='word_1_7' title='bbox 854 523 916 563; x_wconf 78' lang='lat' dir='ltr'><strong>n.</strong></span> 
     </span>
     <span class='ocr_line' id='line_1_3' title="bbox 608 602 3216 688; baseline -0.002 -20"><span class='ocrx_word' id='word_1_8' title='bbox 608 610 900 688; x_wconf 84' lang='lat' dir='ltr'><strong>incipiens</strong></span> <span class='ocrx_word' id='word_1_9' title='bbox 946 610 1105 668; x_wconf 87' lang='lat' dir='ltr'><strong>enim</strong></span> <span class='ocrx_word' id='word_1_10' title='bbox 1151 606 1223 667; x_wconf 88' lang='lat' dir='ltr'><strong>ab</strong></span> <span class='ocrx_word' id='word_1_11' title='bbox 1271 614 1444 667; x_wconf 91' lang='lat' dir='ltr'><strong>acuto</strong></span> <span class='ocrx_word' id='word_1_12' title='bbox 1490 608 1552 667; x_wconf 89' lang='lat' dir='ltr'><strong>in</strong></span> <span class='ocrx_word' id='word_1_13' title='bbox 1589 624 1827 685; x_wconf 83' lang='lat' dir='ltr'><strong>gravem</strong></span> <span class='ocrx_word' id='word_1_14' title='bbox 1866 606 2111 667; x_wconf 82' lang='lat' dir='ltr'><strong>desinit:</strong></span> <span class='ocrx_word' id='word_1_15' title='bbox 2156 607 2262 684; x_wconf 87' lang='lat' dir='ltr'><strong>ita,</strong></span> <span class='ocrx_word' id='word_1_16' title='bbox 2310 603 2453 666; x_wconf 89' lang='lat' dir='ltr'><strong>dum</strong></span> <span class='ocrx_word' id='word_1_17' title='bbox 2490 604 2757 665; x_wconf 87' lang='lat' dir='ltr'><strong>ascendit</strong></span> <span class='ocrx_word' id='word_1_18' title='bbox 2793 611 2854 665; x_wconf 88' lang='lat' dir='ltr'><strong>et</strong></span> <span class='ocrx_word' id='word_1_19' title='bbox 2890 602 3216 678; x_wconf 88' lang='lat' dir='ltr'><strong>descendit,</strong></span> 
     </span>
     <span class='ocr_line' id='line_1_4' title="bbox 608 711 3215 793; baseline -0.002 -17"><span class='ocrx_word' id='word_1_20' title='bbox 608 715 1026 776; x_wconf 83' lang='lat' dir='ltr'><strong>circumflexus</strong></span> <span class='ocrx_word' id='word_1_21' title='bbox 1083 715 1354 776; x_wconf 77' lang='lat' dir='ltr'><strong>eflicitur.</strong></span> <span class='ocrx_word' id='word_1_22' title='bbox 1440 712 1665 774; x_wconf 82' lang='lat' dir='ltr'><strong>Acutus</strong></span> <span class='ocrx_word' id='word_1_23' title='bbox 1724 721 1922 775; x_wconf 92' lang='lat' dir='ltr'><strong>autem</strong></span> <span class='ocrx_word' id='word_1_24' title='bbox 1979 723 2040 774; x_wconf 91' lang='lat' dir='ltr'><strong>et</strong></span> <span class='ocrx_word' id='word_1_25' title='bbox 2094 713 2511 775; x_wconf 86' lang='lat' dir='ltr'><strong>circumflexus</strong></span> <span class='ocrx_word' id='word_1_26' title='bbox 2570 711 2792 774; x_wconf 86' lang='lat' dir='ltr'><strong>similes</strong></span> <span class='ocrx_word' id='word_1_27' title='bbox 2849 719 3015 793; x_wconf 89' lang='lat' dir='ltr'><strong>sunt,</strong></span> <span class='ocrx_word' id='word_1_28' title='bbox 3079 729 3215 772; x_wconf 88' lang='lat' dir='ltr'><strong>nam</strong></span> 
     </span>
     <span class='ocr_line' id='line_1_5' title="bbox 608 819 3215 902; baseline -0.002 -18"><span class='ocrx_word' id='word_1_29' title='bbox 608 828 861 902; x_wconf 88' lang='lat' dir='ltr'><strong>uterque</strong></span> <span class='ocrx_word' id='word_1_30' title='bbox 910 822 1064 884; x_wconf 88' lang='lat' dir='ltr'><strong>levat</strong></span> <span class='ocrx_word' id='word_1_31' title='bbox 1109 821 1388 902; x_wconf 80' lang='lat' dir='ltr'>syllabam</span> <span class='ocrx_word' id='word_1_32' title='bbox 1435 869 1448 884; x_wconf 90' lang='lat'><strong>.</strong></span> <span class='ocrx_word' id='word_1_33' title='bbox 1497 823 1691 901; x_wconf 82' lang='lat' dir='ltr'><strong>gravis</strong></span> <span class='ocrx_word' id='word_1_34' title='bbox 1739 823 2074 882; x_wconf 85' lang='lat' dir='ltr'><strong>contrarius</strong></span> <span class='ocrx_word' id='word_1_35' title='bbox 2133 822 2363 882; x_wconf 90' lang='lat' dir='ltr'><strong>videtur</strong></span> <span class='ocrx_word' id='word_1_36' title='bbox 2419 819 2732 881; x_wconf 86' lang='lat' dir='ltr'><strong>ambobus:</strong></span> <span class='ocrx_word' id='word_1_37' title='bbox 2785 838 2920 880; x_wconf 91' lang='lat' dir='ltr'><strong>nam</strong></span> <span class='ocrx_word' id='word_1_38' title='bbox 2978 837 3215 899; x_wconf 83' lang='lat' dir='ltr'><strong>semper</strong></span> 
     </span>
     <span class='ocr_line' id='line_1_6' title="bbox 606 927 3050 1012; baseline 0 -24"><span class='ocrx_word' id='word_1_39' title='bbox 606 928 883 1009; x_wconf 85' lang='lat' dir='ltr'><strong>deprimit</strong></span> <span class='ocrx_word' id='word_1_40' title='bbox 930 929 1206 1010; x_wconf 79' lang='lat' dir='ltr'><strong>syllabaS,</strong></span> <span class='ocrx_word' id='word_1_41' title='bbox 1254 948 1390 991; x_wconf 89' lang='lat' dir='ltr'><strong>cum</strong></span> <span class='ocrx_word' id='word_1_42' title='bbox 1437 928 1522 990; x_wconf 92' lang='lat' dir='ltr'><strong>illi</strong></span> <span class='ocrx_word' id='word_1_43' title='bbox 1568 929 1778 990; x_wconf 86' lang='lat' dir='ltr'><strong>levent.</strong></span> <span class='ocrx_word' id='word_1_44' title='bbox 1864 928 1968 991; x_wconf 90' lang='lat' dir='ltr'><strong>Dic</strong></span> <span class='ocrx_word' id='word_1_45' title='bbox 2014 931 2222 1012; x_wconf 87' lang='lat' dir='ltr'><strong>igitur,</strong></span> <span class='ocrx_word' id='word_1_46' title='bbox 2270 931 2403 1010; x_wconf 90' lang='lat' dir='ltr'><strong>quis</strong></span> <span class='ocrx_word' id='word_1_47' title='bbox 2449 927 2553 990; x_wconf 91' lang='lat' dir='ltr'><strong>ubi</strong></span> <span class='ocrx_word' id='word_1_48' title='bbox 2598 927 2908 1008; x_wconf 88' lang='lat' dir='ltr'><strong>ponendus</strong></span> <span class='ocrx_word' id='word_1_49' title='bbox 2958 929 3050 989; x_wconf 89' lang='lat' dir='ltr'><strong>sit.</strong></span> 
     </span>
    </p>

    <p class='ocr_par' dir='ltr' id='par_1_3' title="bbox 604 1034 3298 2296">
     <span class='ocr_line' id='line_1_7' title="bbox 783 1034 3294 1116; baseline -0.001 -19"><span class='ocrx_word' id='word_1_50' title='bbox 783 1034 989 1097; x_wconf 90' lang='lat' dir='ltr'><strong>Omnis</strong></span> <span class='ocrx_word' id='word_1_51' title='bbox 1044 1055 1183 1116; x_wconf 89' lang='lat' dir='ltr'><strong>pars</strong></span> <span class='ocrx_word' id='word_1_52' title='bbox 1240 1039 1523 1097; x_wconf 89' lang='lat' dir='ltr'><strong>orationis</strong></span> <span class='ocrx_word' id='word_1_53' title='bbox 1591 1055 1768 1097; x_wconf 89' lang='lat' dir='ltr'><strong>unam</strong></span> <span class='ocrx_word' id='word_1_54' title='bbox 1834 1036 1908 1096; x_wconf 91' lang='lat' dir='ltr'><strong>de</strong></span> <span class='ocrx_word' id='word_1_55' title='bbox 1968 1034 2241 1116; x_wconf 91' lang='lat' dir='ltr'><strong>pluribus</strong></span> <span class='ocrx_word' id='word_1_56' title='bbox 2295 1037 2474 1115; x_wconf 81' lang='lat' dir='ltr'><strong>erigit</strong></span> <span class='ocrx_word' id='word_1_57' title='bbox 2526 1034 2804 1115; x_wconf 78' lang='lat' dir='ltr'><strong>syllabam</strong></span> <span class='ocrx_word' id='word_1_58' title='bbox 2863 1044 2924 1096; x_wconf 91' lang='lat' dir='ltr'><strong>et</strong></span> <span class='ocrx_word' id='word_1_59' title='bbox 2981 1042 3214 1096; x_wconf 86' lang='lat' dir='ltr'><strong>ceteras</strong></span> <span class='ocrx_word' id='word_1_60' title='bbox 3268 1046 3294 1086; x_wconf 73' lang='grc' dir='ltr'><strong><em>ὁ</em></strong></span> 
     </span>
     <span class='ocr_line' id='line_1_8' title="bbox 604 1141 3213 1225; baseline -0.001 -21"><span class='ocrx_word' id='word_1_61' title='bbox 604 1152 808 1223; x_wconf 83' lang='lat' dir='ltr'><strong>gravat</strong></span> <span class='ocrx_word' id='word_1_62' title='bbox 854 1191 868 1205; x_wconf 89' lang='lat'><strong>.</strong></span> <span class='ocrx_word' id='word_1_63' title='bbox 915 1143 1071 1224; x_wconf 93' lang='lat' dir='ltr'><strong>quod</strong></span> <span class='ocrx_word' id='word_1_64' title='bbox 1130 1146 1183 1205; x_wconf 91' lang='lat' dir='ltr'><strong>si</strong></span> <span class='ocrx_word' id='word_1_65' title='bbox 1236 1142 1633 1224; x_wconf 86' lang='lat' dir='ltr'><strong>monosyllaba</strong></span> <span class='ocrx_word' id='word_1_66' title='bbox 1699 1152 1789 1205; x_wconf 90' lang='lat' dir='ltr'><strong>est</strong></span> <span class='ocrx_word' id='word_1_67' title='bbox 1854 1162 1994 1224; x_wconf 89' lang='lat' dir='ltr'><strong>pars</strong></span> <span class='ocrx_word' id='word_1_68' title='bbox 2060 1146 2371 1225; x_wconf 76' lang='lat' dir='ltr'><strong>orationiS,</strong></span> <span class='ocrx_word' id='word_1_69' title='bbox 2433 1146 2561 1224; x_wconf 91' lang='lat' dir='ltr'><strong>ipsa</strong></span> <span class='ocrx_word' id='word_1_70' title='bbox 2626 1146 2876 1223; x_wconf 82' lang='lat' dir='ltr'><strong>erigitur</strong></span> <span class='ocrx_word' id='word_1_71' title='bbox 2924 1190 2938 1204; x_wconf 94' lang='lat'><strong>.</strong></span> <span class='ocrx_word' id='word_1_72' title='bbox 2987 1144 3048 1203; x_wconf 90' lang='lat' dir='ltr'><strong>in</strong></span> <span class='ocrx_word' id='word_1_73' title='bbox 3103 1141 3213 1202; x_wconf 89' lang='lat' dir='ltr'><strong>hac</strong></span> 
     </span>
     <span class='ocr_line' id='line_1_9' title="bbox 605 1248 3242 1333; baseline -0.001 -22"><span class='ocrx_word' id='word_1_74' title='bbox 605 1252 934 1331; x_wconf 86' lang='lat' dir='ltr'><strong>erectione,</strong></span> <span class='ocrx_word' id='word_1_75' title='bbox 979 1251 1037 1312; x_wconf 90' lang='lat' dir='ltr'><strong>id</strong></span> <span class='ocrx_word' id='word_1_76' title='bbox 1087 1260 1178 1312; x_wconf 88' lang='lat' dir='ltr'><strong>est</strong></span> <span class='ocrx_word' id='word_1_77' title='bbox 1226 1253 1485 1332; x_wconf 74' lang='lat' dir='ltr'><strong>lastigie,</strong></span> <span class='ocrx_word' id='word_1_78' title='bbox 1531 1259 1633 1312; x_wconf 88' lang='lat' dir='ltr'><strong>aut</strong></span> <span class='ocrx_word' id='word_1_79' title='bbox 1670 1251 2089 1312; x_wconf 83' lang='lat' dir='ltr'><strong>circumflexus</strong></span> <span class='ocrx_word' id='word_1_80' title='bbox 2123 1252 2368 1330; x_wconf 88' lang='lat' dir='ltr'><strong>ponitur</strong></span> <span class='ocrx_word' id='word_1_81' title='bbox 2405 1259 2509 1312; x_wconf 91' lang='lat' dir='ltr'><strong>aut</strong></span> <span class='ocrx_word' id='word_1_82' title='bbox 2544 1259 2780 1333; x_wconf 88' lang='lat' dir='ltr'><strong>acutus;</strong></span> <span class='ocrx_word' id='word_1_83' title='bbox 2828 1249 3005 1311; x_wconf 87' lang='lat' dir='ltr'><strong>simul</strong></span> <span class='ocrx_word' id='word_1_84' title='bbox 3041 1248 3242 1318; x_wconf 17' lang='lat' dir='ltr'><strong>ambo,</strong></span> 
     </span>
     <span class='ocr_line' id='line_1_10' title="bbox 605 1354 3213 1441; baseline -0.001 -23"><span class='ocrx_word' id='word_1_85' title='bbox 605 1360 747 1438; x_wconf 90' lang='lat' dir='ltr'><strong>poni</strong></span> <span class='ocrx_word' id='word_1_86' title='bbox 791 1360 853 1418; x_wconf 90' lang='lat' dir='ltr'><strong>in</strong></span> <span class='ocrx_word' id='word_1_87' title='bbox 900 1377 1015 1419; x_wconf 92' lang='lat' dir='ltr'><strong>una</strong></span> <span class='ocrx_word' id='word_1_88' title='bbox 1053 1360 1337 1420; x_wconf 88' lang='lat' dir='ltr'><strong>orationis</strong></span> <span class='ocrx_word' id='word_1_89' title='bbox 1371 1366 1540 1438; x_wconf 90' lang='lat' dir='ltr'><strong>parte</strong></span> <span class='ocrx_word' id='word_1_90' title='bbox 1580 1377 1696 1420; x_wconf 91' lang='lat' dir='ltr'><strong>non</strong></span> <span class='ocrx_word' id='word_1_91' title='bbox 1736 1366 2016 1439; x_wconf 88' lang='lat' dir='ltr'><strong>possunt,</strong></span> <span class='ocrx_word' id='word_1_92' title='bbox 2064 1360 2201 1438; x_wconf 89' lang='lat' dir='ltr'><strong>quia</strong></span> <span class='ocrx_word' id='word_1_93' title='bbox 2240 1375 2355 1419; x_wconf 87' lang='lat' dir='ltr'><strong>una</strong></span> <span class='ocrx_word' id='word_1_94' title='bbox 2393 1365 2650 1441; x_wconf 88' lang='lat' dir='ltr'><strong>tantum,</strong></span> <span class='ocrx_word' id='word_1_95' title='bbox 2695 1366 2764 1418; x_wconf 91' lang='lat' dir='ltr'><strong>ut</strong></span> <span class='ocrx_word' id='word_1_96' title='bbox 2802 1356 2951 1438; x_wconf 82' lang='lat' dir='ltr'><strong>dixi,</strong></span> <span class='ocrx_word' id='word_1_97' title='bbox 2997 1354 3213 1436; x_wconf 80' lang='lat' dir='ltr'><strong>syllaba</strong></span> 
     </span>
     <span class='ocr_line' id='line_1_11' title="bbox 609 1462 3214 1546; baseline -0.002 -20"><span class='ocrx_word' id='word_1_98' title='bbox 609 1469 760 1545; x_wconf 85' lang='lat' dir='ltr'><strong>erigi</strong></span> <span class='ocrx_word' id='word_1_99' title='bbox 806 1474 1003 1546; x_wconf 90' lang='lat' dir='ltr'><strong>potest</strong></span> <span class='ocrx_word' id='word_1_100' title='bbox 1049 1485 1186 1528; x_wconf 91' lang='lat' dir='ltr'><strong>cum</strong></span> <span class='ocrx_word' id='word_1_101' title='bbox 1233 1466 1377 1527; x_wconf 91' lang='lat' dir='ltr'><strong>aliae</strong></span> <span class='ocrx_word' id='word_1_102' title='bbox 1426 1468 1546 1527; x_wconf 88' lang='lat' dir='ltr'><strong>sint</strong></span> <span class='ocrx_word' id='word_1_103' title='bbox 1591 1474 1865 1546; x_wconf 82' lang='lat' dir='ltr'><strong>gravatae</strong></span> <span class='ocrx_word' id='word_1_104' title='bbox 1905 1515 1918 1526; x_wconf 91' lang='lat'><strong>.</strong></span> <span class='ocrx_word' id='word_1_105' title='bbox 1956 1466 2090 1527; x_wconf 90' lang='lat' dir='ltr'><strong>ideo</strong></span> <span class='ocrx_word' id='word_1_106' title='bbox 2138 1483 2546 1545; x_wconf 87' lang='lat' dir='ltr'><strong>quaecumque</strong></span> <span class='ocrx_word' id='word_1_107' title='bbox 2594 1475 2735 1526; x_wconf 89' lang='lat' dir='ltr'><strong>sunt</strong></span> <span class='ocrx_word' id='word_1_108' title='bbox 2781 1462 3214 1543; x_wconf 80' lang='lat' dir='ltr'><strong>monosyllabae</strong></span> 
     </span>
     <span class='ocr_line' id='line_1_12' title="bbox 606 1572 3296 1655; baseline -0.001 -23"><span class='ocrx_word' id='word_1_109' title='bbox 606 1581 808 1652; x_wconf 90' lang='lat' dir='ltr'><strong>partes</strong></span> <span class='ocrx_word' id='word_1_110' title='bbox 837 1575 1147 1655; x_wconf 82' lang='lat' dir='ltr'><strong>orationiS,</strong></span> <span class='ocrx_word' id='word_1_111' title='bbox 1195 1575 1246 1634; x_wconf 89' lang='lat' dir='ltr'><strong>si</strong></span> <span class='ocrx_word' id='word_1_112' title='bbox 1273 1572 1623 1635; x_wconf 86' lang='lat' dir='ltr'><strong>naturaliter</strong></span> <span class='ocrx_word' id='word_1_113' title='bbox 1651 1572 1859 1652; x_wconf 85' lang='lat' dir='ltr'><strong>longae</strong></span> <span class='ocrx_word' id='word_1_114' title='bbox 1889 1581 2057 1653; x_wconf 87' lang='lat' dir='ltr'><strong>sunt,</strong></span> <span class='ocrx_word' id='word_1_115' title='bbox 2102 1572 2681 1654; x_wconf 87' lang='lat' dir='ltr'><strong>circumflectuntur,</strong></span> <span class='ocrx_word' id='word_1_116' title='bbox 2728 1580 2795 1633; x_wconf 90' lang='lat' dir='ltr'><strong>ut</strong></span> <span class='ocrx_word' id='word_1_117' title='bbox 2824 1574 2955 1632; x_wconf 76' lang='lat' dir='ltr'><strong>mos</strong></span> <span class='ocrx_word' id='word_1_118' title='bbox 2990 1574 3089 1632; x_wconf 76' lang='lat' dir='ltr'><strong>res</strong></span> <span class='ocrx_word' id='word_1_119' title='bbox 3118 1617 3132 1631; x_wconf 92' lang='lat'><strong>.</strong></span> <span class='ocrx_word' id='word_1_120' title='bbox 3162 1573 3214 1631; x_wconf 87' lang='lat' dir='ltr'><strong>si</strong></span> <span class='ocrx_word' id='word_1_121' title='bbox 3244 1585 3296 1623; x_wconf 82' lang='grc' dir='ltr'><strong>ιο</strong></span> 
     </span>
     <span class='ocr_line' id='line_1_13' title="bbox 610 1678 3213 1761; baseline -0.001 -22"><span class='ocrx_word' id='word_1_122' title='bbox 610 1698 751 1740; x_wconf 88' lang='lat' dir='ltr'><strong>vero</strong></span> <span class='ocrx_word' id='word_1_123' title='bbox 816 1690 917 1740; x_wconf 87' lang='lat' dir='ltr'><strong>aut</strong></span> <span class='ocrx_word' id='word_1_124' title='bbox 979 1678 1193 1740; x_wconf 88' lang='lat' dir='ltr'><strong>breves</strong></span> <span class='ocrx_word' id='word_1_125' title='bbox 1260 1688 1402 1740; x_wconf 89' lang='lat' dir='ltr'><strong>sunt</strong></span> <span class='ocrx_word' id='word_1_126' title='bbox 1465 1688 1567 1740; x_wconf 91' lang='lat' dir='ltr'><strong>aut</strong></span> <span class='ocrx_word' id='word_1_127' title='bbox 1639 1682 1933 1760; x_wconf 87' lang='lat' dir='ltr'><strong>positione</strong></span> <span class='ocrx_word' id='word_1_128' title='bbox 1997 1678 2233 1758; x_wconf 85' lang='lat' dir='ltr'><strong>longae,</strong></span> <span class='ocrx_word' id='word_1_129' title='bbox 2295 1686 2364 1740; x_wconf 92' lang='lat' dir='ltr'><strong>ut</strong></span> <span class='ocrx_word' id='word_1_130' title='bbox 2429 1681 2563 1758; x_wconf 90' lang='lat' dir='ltr'><strong>quis</strong></span> <span class='ocrx_word' id='word_1_131' title='bbox 2629 1698 2767 1759; x_wconf 91' lang='lat' dir='ltr'><strong>pars</strong></span> <span class='ocrx_word' id='word_1_132' title='bbox 2829 1698 2977 1761; x_wconf 85' lang='lat' dir='ltr'><strong>nox,</strong></span> <span class='ocrx_word' id='word_1_133' title='bbox 3039 1684 3213 1738; x_wconf 90' lang='lat' dir='ltr'><strong>acuto</strong></span> 
     </span>
     <span class='ocr_line' id='line_1_14' title="bbox 609 1785 3214 1868; baseline -0.001 -21"><span class='ocrx_word' id='word_1_134' title='bbox 609 1787 939 1848; x_wconf 77' lang='lat' dir='ltr'><strong>efferuntur</strong></span> <span class='ocrx_word' id='word_1_135' title='bbox 984 1795 1250 1849; x_wconf 90' lang='lat' dir='ltr'><strong>accentu.</strong></span> <span class='ocrx_word' id='word_1_136' title='bbox 1340 1786 1447 1848; x_wconf 88' lang='lat' dir='ltr'><strong>Dic</strong></span> <span class='ocrx_word' id='word_1_137' title='bbox 1492 1805 1665 1868; x_wconf 88' lang='lat' dir='ltr'><strong>ergo,</strong></span> <span class='ocrx_word' id='word_1_138' title='bbox 1711 1805 1821 1849; x_wconf 91' lang='lat' dir='ltr'><strong>cur</strong></span> <span class='ocrx_word' id='word_1_139' title='bbox 1857 1785 2290 1866; x_wconf 88' lang='lat' dir='ltr'><strong>monosyllabae</strong></span> <span class='ocrx_word' id='word_1_140' title='bbox 2328 1786 2677 1849; x_wconf 84' lang='lat' dir='ltr'><strong>naturaliter</strong></span> <span class='ocrx_word' id='word_1_141' title='bbox 2713 1787 2922 1866; x_wconf 84' lang='lat' dir='ltr'><strong>longae</strong></span> <span class='ocrx_word' id='word_1_142' title='bbox 2961 1787 3214 1847; x_wconf 87' lang='lat' dir='ltr'><strong>circum·</strong></span> 
     </span>
     <span class='ocr_line' id='line_1_15' title="bbox 608 1892 3217 1975; baseline -0.001 -21"><span class='ocrx_word' id='word_1_143' title='bbox 608 1894 926 1955; x_wconf 83' lang='lat' dir='ltr'><strong>flectantur</strong></span> <span class='ocrx_word' id='word_1_144' title='bbox 964 1942 977 1955; x_wconf 90' lang='lat'><strong>.</strong></span> <span class='ocrx_word' id='word_1_145' title='bbox 1015 1892 1377 1955; x_wconf 85' lang='lat' dir='ltr'><strong>Naturaliter</strong></span> <span class='ocrx_word' id='word_1_146' title='bbox 1422 1893 1629 1974; x_wconf 87' lang='lat' dir='ltr'><strong>longae</strong></span> <span class='ocrx_word' id='word_1_147' title='bbox 1676 1894 1811 1955; x_wconf 89' lang='lat' dir='ltr'><strong>ideo</strong></span> <span class='ocrx_word' id='word_1_148' title='bbox 1851 1895 2427 1975; x_wconf 87' lang='lat' dir='ltr'><strong>circumflectuntur,</strong></span> <span class='ocrx_word' id='word_1_149' title='bbox 2476 1897 2612 1974; x_wconf 89' lang='lat' dir='ltr'><strong>quia</strong></span> <span class='ocrx_word' id='word_1_150' title='bbox 2658 1892 2880 1973; x_wconf 81' lang='lat' dir='ltr'><strong>duplici</strong></span> <span class='ocrx_word' id='word_1_151' title='bbox 2926 1894 3217 1972; x_wconf 86' lang='lat' dir='ltr'><strong>accentui,</strong></span> 
     </span>
     <span class='ocr_line' id='line_1_16' title="bbox 606 1998 3214 2082; baseline -0 -21"><span class='ocrx_word' id='word_1_152' title='bbox 606 2000 666 2061; x_wconf 90' lang='lat' dir='ltr'><strong>id</strong></span> <span class='ocrx_word' id='word_1_153' title='bbox 724 2010 816 2063; x_wconf 91' lang='lat' dir='ltr'><strong>est</strong></span> <span class='ocrx_word' id='word_1_154' title='bbox 864 2000 873 2076; x_wconf 93' lang='grc' dir='ltr'>Ι</span> <span class='ocrx_word' id='word_1_155' title='bbox 924 2001 1332 2081; x_wconf 76' lang='lat' dir='ltr'><strong>circumflexo,</strong></span> <span class='ocrx_word' id='word_1_156' title='bbox 1387 2020 1609 2062; x_wconf 90' lang='lat' dir='ltr'><strong>moram</strong></span> <span class='ocrx_word' id='word_1_157' title='bbox 1657 2000 1973 2082; x_wconf 82' lang='lat' dir='ltr'><strong>praebent3</strong></span> <span class='ocrx_word' id='word_1_158' title='bbox 2028 2001 2238 2062; x_wconf 85' lang='lat' dir='ltr'><strong>breves</strong></span> <span class='ocrx_word' id='word_1_159' title='bbox 2285 2008 2483 2061; x_wconf 87' lang='lat' dir='ltr'><strong>autem</strong></span> <span class='ocrx_word' id='word_1_160' title='bbox 2529 1999 2621 2061; x_wconf 85' lang='lat' dir='ltr'><strong>vel</strong></span> <span class='ocrx_word' id='word_1_161' title='bbox 2664 2002 2958 2079; x_wconf 88' lang='lat' dir='ltr'><strong>positione</strong></span> <span class='ocrx_word' id='word_1_162' title='bbox 3005 1998 3214 2078; x_wconf 86' lang='lat' dir='ltr'><strong>longae</strong></span> 
     </span>
     <span class='ocr_line' id='line_1_17' title="bbox 608 2106 3298 2191; baseline -0 -24"><span class='ocrx_word' id='word_1_163' title='bbox 608 2109 831 2170; x_wconf 88' lang='lat' dir='ltr'><strong>idcirco</strong></span> <span class='ocrx_word' id='word_1_164' title='bbox 876 2118 1209 2191; x_wconf 88' lang='lat' dir='ltr'><strong>acuuntur,</strong></span> <span class='ocrx_word' id='word_1_165' title='bbox 1257 2111 1394 2189; x_wconf 89' lang='lat' dir='ltr'><strong>quia</strong></span> <span class='ocrx_word' id='word_1_166' title='bbox 1432 2117 1642 2170; x_wconf 90' lang='lat' dir='ltr'><strong>acutus</strong></span> <span class='ocrx_word' id='word_1_167' title='bbox 1679 2108 1928 2189; x_wconf 87' lang='lat' dir='ltr'><strong>simplex</strong></span> <span class='ocrx_word' id='word_1_168' title='bbox 1966 2116 2245 2170; x_wconf 89' lang='lat' dir='ltr'><strong>accentus</strong></span> <span class='ocrx_word' id='word_1_169' title='bbox 2285 2116 2403 2190; x_wconf 89' lang='lat' dir='ltr'><strong>est,</strong></span> <span class='ocrx_word' id='word_1_170' title='bbox 2448 2126 2516 2169; x_wconf 91' lang='lat' dir='ltr'><strong>ac</strong></span> <span class='ocrx_word' id='word_1_171' title='bbox 2553 2125 2662 2188; x_wconf 91' lang='lat' dir='ltr'><strong>per</strong></span> <span class='ocrx_word' id='word_1_172' title='bbox 2701 2106 2811 2167; x_wconf 90' lang='lat' dir='ltr'><strong>boc</strong></span> <span class='ocrx_word' id='word_1_173' title='bbox 2849 2114 3163 2187; x_wconf 88' lang='lat' dir='ltr'><strong>correptus</strong></span> <span class='ocrx_word' id='word_1_174' title='bbox 3201 2154 3215 2166; x_wconf 92' lang='lat'><strong>.</strong></span> <span class='ocrx_word' id='word_1_175' title='bbox 3246 2119 3298 2158; x_wconf 81' lang='lat'><strong>15</strong></span> 
     </span>
     <span class='ocr_line' id='line_1_18' title="bbox 608 2215 2073 2296; baseline 0.001 -21"><span class='ocrx_word' id='word_1_176' title='bbox 608 2215 741 2276; x_wconf 90' lang='lat' dir='ltr'><strong>ideo</strong></span> <span class='ocrx_word' id='word_1_177' title='bbox 788 2215 1068 2277; x_wconf 90' lang='lat' dir='ltr'><strong>brevibus</strong></span> <span class='ocrx_word' id='word_1_178' title='bbox 1115 2215 1353 2296; x_wconf 86' lang='lat' dir='ltr'><strong>syllabis</strong></span> <span class='ocrx_word' id='word_1_179' title='bbox 1401 2218 1733 2296; x_wconf 82' lang='lat' dir='ltr'><strong>correptior</strong></span> <span class='ocrx_word' id='word_1_180' title='bbox 1780 2218 2073 2278; x_wconf 82' lang='lat' dir='ltr'><strong>convenit.</strong></span> 
     </span>
    </p>

    <p class='ocr_par' dir='ltr' id='par_1_4' title="bbox 608 2319 3300 3373">
     <span class='ocr_line' id='line_1_19' title="bbox 794 2319 3216 2403; baseline -0.002 -18"><span class='ocrx_word' id='word_1_181' title='bbox 794 2322 947 2394; x_wconf 88' lang='lat' dir='ltr'><strong>Quid</strong></span> <span class='ocrx_word' id='word_1_182' title='bbox 986 2326 1047 2384; x_wconf 90' lang='lat' dir='ltr'><strong>in</strong></span> <span class='ocrx_word' id='word_1_183' title='bbox 1087 2320 1430 2403; x_wconf 75' lang='lat' dir='ltr'><strong>disyllabis?</strong></span> <span class='ocrx_word' id='word_1_184' title='bbox 1475 2322 1540 2385; x_wconf 91' lang='lat' dir='ltr'><strong>In</strong></span> <span class='ocrx_word' id='word_1_185' title='bbox 1579 2322 1808 2385; x_wconf 89' lang='lat' dir='ltr'><strong>duabus</strong></span> <span class='ocrx_word' id='word_1_186' title='bbox 1847 2322 2082 2402; x_wconf 86' lang='lat' dir='ltr'><strong>syllabis</strong></span> <span class='ocrx_word' id='word_1_187' title='bbox 2119 2322 2177 2384; x_wconf 93' lang='lat' dir='ltr'><strong>id</strong></span> <span class='ocrx_word' id='word_1_188' title='bbox 2217 2322 2541 2385; x_wconf 89' lang='lat' dir='ltr'><strong>notandum</strong></span> <span class='ocrx_word' id='word_1_189' title='bbox 2580 2330 2695 2403; x_wconf 89' lang='lat' dir='ltr'><strong>est,</strong></span> <span class='ocrx_word' id='word_1_190' title='bbox 2743 2320 2900 2401; x_wconf 91' lang='lat' dir='ltr'><strong>quod</strong></span> <span class='ocrx_word' id='word_1_191' title='bbox 2939 2322 3000 2381; x_wconf 90' lang='lat' dir='ltr'><strong>in</strong></span> <span class='ocrx_word' id='word_1_192' title='bbox 3038 2319 3216 2381; x_wconf 89' lang='lat' dir='ltr'><strong>latina</strong></span> 
     </span>
     <span class='ocr_line' id='line_1_20' title="bbox 608 2427 3216 2513; baseline -0.001 -23"><span class='ocrx_word' id='word_1_193' title='bbox 608 2430 807 2509; x_wconf 88' lang='lat' dir='ltr'><strong>lingua</strong></span> <span class='ocrx_word' id='word_1_194' title='bbox 853 2449 1174 2511; x_wconf 87' lang='lat' dir='ltr'><strong>numquam</strong></span> <span class='ocrx_word' id='word_1_195' title='bbox 1220 2432 1517 2513; x_wconf 89' lang='lat' dir='ltr'><strong>posterior</strong></span> <span class='ocrx_word' id='word_1_196' title='bbox 1563 2429 1790 2491; x_wconf 85' lang='lat' dir='ltr'><strong>levatur</strong></span> <span class='ocrx_word' id='word_1_197' title='bbox 1828 2450 1844 2491; x_wconf 74' lang='grc' dir='ltr'><strong>ε</strong></span> <span class='ocrx_word' id='word_1_198' title='bbox 1881 2430 1995 2491; x_wconf 91' lang='lat' dir='ltr'><strong>boc</strong></span> <span class='ocrx_word' id='word_1_199' title='bbox 2042 2432 2200 2491; x_wconf 89' lang='lat' dir='ltr'><strong>enim</strong></span> <span class='ocrx_word' id='word_1_200' title='bbox 2240 2430 2448 2491; x_wconf 90' lang='lat' dir='ltr'><strong>Graeci</strong></span> <span class='ocrx_word' id='word_1_201' title='bbox 2495 2436 2963 2509; x_wconf 82' lang='lat' dir='ltr'><strong>occupaverunt,</strong></span> <span class='ocrx_word' id='word_1_202' title='bbox 3007 2436 3076 2489; x_wconf 91' lang='lat' dir='ltr'><strong>ut</strong></span> <span class='ocrx_word' id='word_1_203' title='bbox 3112 2427 3216 2487; x_wconf 77' lang='lat' dir='ltr'><strong>aer</strong></span> 
     </span>
     <span class='ocr_line' id='line_1_21' title="bbox 608 2533 3214 2618; baseline -0.001 -20"><span class='ocrx_word' id='word_1_204' title='bbox 608 2537 814 2599; x_wconf 75' lang='lat' dir='ltr'><strong>aether</strong></span> <span class='ocrx_word' id='word_1_205' title='bbox 863 2536 1144 2618; x_wconf 87' lang='lat' dir='ltr'><strong>[diptota]</strong></span> <span class='ocrx_word' id='word_1_206' title='bbox 1193 2548 1254 2599; x_wconf 90' lang='lat' dir='ltr'><strong>et</strong></span> <span class='ocrx_word' id='word_1_207' title='bbox 1298 2537 1391 2599; x_wconf 91' lang='lat' dir='ltr'><strong>bis</strong></span> <span class='ocrx_word' id='word_1_208' title='bbox 1437 2536 1646 2598; x_wconf 87' lang='lat' dir='ltr'><strong>similia</strong></span> <span class='ocrx_word' id='word_1_209' title='bbox 1689 2558 1705 2599; x_wconf 75' lang='grc' dir='ltr'><strong><em>ε</em></strong></span> <span class='ocrx_word' id='word_1_210' title='bbox 1743 2540 1909 2617; x_wconf 89' lang='lat' dir='ltr'><strong>prior</strong></span> <span class='ocrx_word' id='word_1_211' title='bbox 1955 2538 2113 2597; x_wconf 89' lang='lat' dir='ltr'><strong>enim</strong></span> <span class='ocrx_word' id='word_1_212' title='bbox 2150 2539 2210 2598; x_wconf 89' lang='lat' dir='ltr'><strong>in</strong></span> <span class='ocrx_word' id='word_1_213' title='bbox 2250 2536 2427 2598; x_wconf 87' lang='lat' dir='ltr'><strong>latina</strong></span> <span class='ocrx_word' id='word_1_214' title='bbox 2463 2536 2660 2617; x_wconf 87' lang='lat' dir='ltr'><strong>lingua</strong></span> <span class='ocrx_word' id='word_1_215' title='bbox 2700 2553 2934 2615; x_wconf 88' lang='lat' dir='ltr'><strong>semper</strong></span> <span class='ocrx_word' id='word_1_216' title='bbox 2971 2533 3214 2595; x_wconf 87' lang='lat' dir='ltr'><strong>levanda</strong></span> 
     </span>
     <span class='ocr_line' id='line_1_22' title="bbox 610 2643 3297 2726; baseline -0.001 -20"><span class='ocrx_word' id='word_1_217' title='bbox 610 2654 701 2706; x_wconf 89' lang='lat' dir='ltr'><strong>cst</strong></span> <span class='ocrx_word' id='word_1_218' title='bbox 738 2693 752 2706; x_wconf 90' lang='lat'><strong>.</strong></span> <span class='ocrx_word' id='word_1_219' title='bbox 790 2644 1043 2707; x_wconf 89' lang='lat' dir='ltr'><strong>duarum</strong></span> <span class='ocrx_word' id='word_1_220' title='bbox 1088 2648 1270 2725; x_wconf 81' lang='lat' dir='ltr'><strong>igitur</strong></span> <span class='ocrx_word' id='word_1_221' title='bbox 1314 2647 1481 2726; x_wconf 89' lang='lat' dir='ltr'><strong>prior</strong></span> <span class='ocrx_word' id='word_1_222' title='bbox 1528 2648 1578 2706; x_wconf 92' lang='lat' dir='ltr'><strong>si</strong></span> <span class='ocrx_word' id='word_1_223' title='bbox 1626 2644 1974 2707; x_wconf 88' lang='lat' dir='ltr'><strong>naturaliter</strong></span> <span class='ocrx_word' id='word_1_224' title='bbox 2011 2645 2185 2726; x_wconf 87' lang='lat' dir='ltr'><strong>longa</strong></span> <span class='ocrx_word' id='word_1_225' title='bbox 2222 2654 2315 2707; x_wconf 90' lang='lat' dir='ltr'><strong>est</strong></span> <span class='ocrx_word' id='word_1_226' title='bbox 2350 2655 2412 2708; x_wconf 92' lang='lat' dir='ltr'><strong>et</strong></span> <span class='ocrx_word' id='word_1_227' title='bbox 2446 2646 2743 2726; x_wconf 88' lang='lat' dir='ltr'><strong>posterior</strong></span> <span class='ocrx_word' id='word_1_228' title='bbox 2778 2643 2975 2704; x_wconf 81' lang='lat' dir='ltr'><strong>brevis</strong></span> <span class='ocrx_word' id='word_1_229' title='bbox 2984 2691 3004 2725; x_wconf 91' lang='lat'><strong>,</strong></span> <span class='ocrx_word' id='word_1_230' title='bbox 3047 2644 3214 2722; x_wconf 88' lang='lat' dir='ltr'><strong>prior</strong></span> <span class='ocrx_word' id='word_1_231' title='bbox 3243 2655 3297 2695; x_wconf 79' lang='lat'><strong>20</strong></span> 
     </span>
     <span class='ocr_line' id='line_1_23' title="bbox 609 2731 3219 2836; baseline -0.002 -21"><span class='ocrx_word' id='word_1_232' title='bbox 609 2753 1113 2816; x_wconf 88' lang='lat' dir='ltr'><strong>circumflectetur</strong></span> <span class='ocrx_word' id='word_1_233' title='bbox 1160 2731 1504 2835; x_wconf 62' lang='lat' dir='ltr'><strong>.&#39;quicquid</strong></span> <span class='ocrx_word' id='word_1_234' title='bbox 1551 2752 1707 2814; x_wconf 92' lang='lat' dir='ltr'><strong>aliud</strong></span> <span class='ocrx_word' id='word_1_235' title='bbox 1756 2753 1964 2836; x_wconf 74' lang='lat' dir='ltr'><strong>luerit,</strong></span> <span class='ocrx_word' id='word_1_236' title='bbox 2018 2756 2184 2835; x_wconf 89' lang='lat' dir='ltr'><strong>prior</strong></span> <span class='ocrx_word' id='word_1_237' title='bbox 2232 2773 2466 2835; x_wconf 91' lang='lat' dir='ltr'><strong>semper</strong></span> <span class='ocrx_word' id='word_1_238' title='bbox 2522 2760 2797 2834; x_wconf 89' lang='lat' dir='ltr'><strong>acuetur,</strong></span> <span class='ocrx_word' id='word_1_239' title='bbox 2853 2750 2910 2812; x_wconf 92' lang='lat' dir='ltr'><strong>id</strong></span> <span class='ocrx_word' id='word_1_240' title='bbox 2969 2758 3064 2812; x_wconf 91' lang='lat' dir='ltr'><strong>est</strong></span> <span class='ocrx_word' id='word_1_241' title='bbox 3115 2757 3219 2812; x_wconf 88' lang='lat' dir='ltr'><strong>aut</strong></span> 
     </span>
     <span class='ocr_line' id='line_1_24' title="bbox 610 2858 3218 2943; baseline -0.002 -20"><span class='ocrx_word' id='word_1_242' title='bbox 610 2862 812 2924; x_wconf 89' lang='lat' dir='ltr'><strong>ambae</strong></span> <span class='ocrx_word' id='word_1_243' title='bbox 851 2861 1202 2924; x_wconf 88' lang='lat' dir='ltr'><strong>naturaliter</strong></span> <span class='ocrx_word' id='word_1_244' title='bbox 1246 2861 1453 2942; x_wconf 85' lang='lat' dir='ltr'><strong>longae</strong></span> <span class='ocrx_word' id='word_1_245' title='bbox 1503 2870 1605 2923; x_wconf 89' lang='lat' dir='ltr'><strong>aut</strong></span> <span class='ocrx_word' id='word_1_246' title='bbox 1648 2862 1971 2942; x_wconf 88' lang='lat' dir='ltr'><strong>positione,</strong></span> <span class='ocrx_word' id='word_1_247' title='bbox 2017 2861 2357 2937; x_wconf 78' lang='lat' dir='ltr'><strong>aut-ambae</strong></span> <span class='ocrx_word' id='word_1_248' title='bbox 2396 2861 2634 2943; x_wconf 85' lang='lat' dir='ltr'><strong>breves,</strong></span> <span class='ocrx_word' id='word_1_249' title='bbox 2680 2868 2782 2921; x_wconf 91' lang='lat' dir='ltr'><strong>aut</strong></span> <span class='ocrx_word' id='word_1_250' title='bbox 2817 2861 2983 2939; x_wconf 89' lang='lat' dir='ltr'><strong>prior</strong></span> <span class='ocrx_word' id='word_1_251' title='bbox 3019 2858 3218 2919; x_wconf 83' lang='lat' dir='ltr'><strong>brevis</strong></span> 
     </span>
     <span class='ocr_line' id='line_1_25' title="bbox 610 2965 3218 3051; baseline -0.002 -21"><span class='ocrx_word' id='word_1_252' title='bbox 610 2978 671 3031; x_wconf 91' lang='lat' dir='ltr'><strong>et</strong></span> <span class='ocrx_word' id='word_1_253' title='bbox 714 2971 1011 3051; x_wconf 89' lang='lat' dir='ltr'><strong>posterior</strong></span> <span class='ocrx_word' id='word_1_254' title='bbox 1056 2969 1230 3049; x_wconf 85' lang='lat' dir='ltr'><strong>longa</strong></span> <span class='ocrx_word' id='word_1_255' title='bbox 1278 3017 1291 3030; x_wconf 92' lang='lat'>.</span> <span class='ocrx_word' id='word_1_256' title='bbox 1340 2969 1758 3031; x_wconf 81' lang='lat' dir='ltr'><strong>circumflexus</strong></span> <span class='ocrx_word' id='word_1_257' title='bbox 1802 2987 1948 3049; x_wconf 86' lang='lat' dir='ltr'><strong>ergo</strong></span> <span class='ocrx_word' id='word_1_258' title='bbox 1995 2971 2081 3030; x_wconf 91' lang='lat' dir='ltr'><strong>sic</strong></span> <span class='ocrx_word' id='word_1_259' title='bbox 2127 2969 2258 3050; x_wconf 82' lang='lat' dir='ltr'><strong>fiet,</strong></span> <span class='ocrx_word' id='word_1_260' title='bbox 2313 2971 2364 3030; x_wconf 90' lang='lat' dir='ltr'><strong>si</strong></span> <span class='ocrx_word' id='word_1_261' title='bbox 2417 2971 2581 3049; x_wconf 90' lang='lat' dir='ltr'><strong>prior</strong></span> <span class='ocrx_word' id='word_1_262' title='bbox 2638 2965 2989 3030; x_wconf 89' lang='lat' dir='ltr'><strong>naturaliter</strong></span> <span class='ocrx_word' id='word_1_263' title='bbox 3044 2965 3218 3046; x_wconf 83' lang='lat' dir='ltr'><strong>longa</strong></span> 
     </span>
     <span class='ocr_line' id='line_1_26' title="bbox 609 3074 3217 3159; baseline -0.002 -21"><span class='ocrx_word' id='word_1_264' title='bbox 609 3079 712 3153; x_wconf 92' lang='lat' dir='ltr'><strong>sit,</strong></span> <span class='ocrx_word' id='word_1_265' title='bbox 767 3080 1067 3158; x_wconf 90' lang='lat' dir='ltr'><strong>posterior</strong></span> <span class='ocrx_word' id='word_1_266' title='bbox 1124 3077 1320 3139; x_wconf 82' lang='lat' dir='ltr'><strong>brevis</strong></span> <span class='ocrx_word' id='word_1_267' title='bbox 1367 3125 1381 3138; x_wconf 91' lang='lat'>.</span> <span class='ocrx_word' id='word_1_268' title='bbox 1429 3096 1562 3139; x_wconf 89' lang='lat' dir='ltr'><strong>nam</strong></span> <span class='ocrx_word' id='word_1_269' title='bbox 1622 3079 1673 3138; x_wconf 92' lang='lat' dir='ltr'><strong>si</strong></span> <span class='ocrx_word' id='word_1_270' title='bbox 1730 3076 1935 3138; x_wconf 90' lang='lat' dir='ltr'><strong>ambae</strong></span> <span class='ocrx_word' id='word_1_271' title='bbox 1990 3075 2198 3155; x_wconf 86' lang='lat' dir='ltr'><strong>longae</strong></span> <span class='ocrx_word' id='word_1_272' title='bbox 2263 3085 2432 3159; x_wconf 89' lang='lat' dir='ltr'><strong>sunt,</strong></span> <span class='ocrx_word' id='word_1_273' title='bbox 2495 3076 2635 3137; x_wconf 88' lang='lat' dir='ltr'><strong>dum</strong></span> <span class='ocrx_word' id='word_1_274' title='bbox 2691 3074 2762 3136; x_wconf 91' lang='lat' dir='ltr'><strong>ad</strong></span> <span class='ocrx_word' id='word_1_275' title='bbox 2821 3076 3217 3154; x_wconf 88' lang='lat' dir='ltr'><strong>posteriorem</strong></span> 
     </span>
     <span class='ocr_line' id='line_1_27' title="bbox 608 3181 3300 3265; baseline -0.002 -19"><span class='ocrx_word' id='word_1_276' title='bbox 608 3185 842 3265; x_wconf 88' lang='lat' dir='ltr'><strong>longam</strong></span> <span class='ocrx_word' id='word_1_277' title='bbox 879 3183 1373 3265; x_wconf 89' lang='lat' dir='ltr'><strong>pronuntiandam</strong></span> <span class='ocrx_word' id='word_1_278' title='bbox 1412 3184 1786 3265; x_wconf 77' lang='lat' dir='ltr'><strong>festinamuS,</strong></span> <span class='ocrx_word' id='word_1_279' title='bbox 1833 3184 2096 3264; x_wconf 89' lang='lat' dir='ltr'><strong>priorem</strong></span> <span class='ocrx_word' id='word_1_280' title='bbox 2134 3184 2312 3244; x_wconf 91' lang='lat' dir='ltr'><strong>citius</strong></span> <span class='ocrx_word' id='word_1_281' title='bbox 2349 3183 2767 3264; x_wconf 87' lang='lat' dir='ltr'><strong>relinquimus:</strong></span> <span class='ocrx_word' id='word_1_282' title='bbox 2812 3184 2896 3244; x_wconf 89' lang='lat' dir='ltr'><strong>ita</strong></span> <span class='ocrx_word' id='word_1_283' title='bbox 2929 3181 3016 3242; x_wconf 90' lang='lat' dir='ltr'><strong>illi</strong></span> <span class='ocrx_word' id='word_1_284' title='bbox 3051 3183 3217 3262; x_wconf 89' lang='lat' dir='ltr'><strong>prior</strong></span> <span class='ocrx_word' id='word_1_285' title='bbox 3245 3193 3300 3234; x_wconf 79' lang='lat'><strong>25</strong></span> 
     </span>
     <span class='ocr_line' id='line_1_28' title="bbox 610 3288 3216 3373; baseline -0.002 -19"><span class='ocrx_word' id='word_1_286' title='bbox 610 3293 960 3355; x_wconf 87' lang='lat' dir='ltr'><strong>naturaliter</strong></span> <span class='ocrx_word' id='word_1_287' title='bbox 1022 3291 1195 3373; x_wconf 89' lang='lat' dir='ltr'><strong>longa</strong></span> <span class='ocrx_word' id='word_1_288' title='bbox 1259 3290 1405 3354; x_wconf 87' lang='lat' dir='ltr'><strong>nibil</strong></span> <span class='ocrx_word' id='word_1_289' title='bbox 1466 3290 1738 3372; x_wconf 88' lang='lat' dir='ltr'><strong>prodest,</strong></span> <span class='ocrx_word' id='word_1_290' title='bbox 1801 3288 1907 3351; x_wconf 88' lang='lat' dir='ltr'><strong>sed</strong></span> <span class='ocrx_word' id='word_1_291' title='bbox 1974 3290 2039 3351; x_wconf 83' lang='lat' dir='ltr'><strong>fit</strong></span> <span class='ocrx_word' id='word_1_292' title='bbox 2101 3300 2340 3372; x_wconf 78' lang='lat' dir='ltr'><strong>acutuS,</strong></span> <span class='ocrx_word' id='word_1_293' title='bbox 2404 3293 2507 3370; x_wconf 90' lang='lat' dir='ltr'><strong>qui</strong></span> <span class='ocrx_word' id='word_1_294' title='bbox 2570 3290 2818 3372; x_wconf 81' lang='lat' dir='ltr'><strong>simplex</strong></span> <span class='ocrx_word' id='word_1_295' title='bbox 2883 3296 2975 3350; x_wconf 90' lang='lat' dir='ltr'><strong>est</strong></span> <span class='ocrx_word' id='word_1_296' title='bbox 3039 3298 3216 3367; x_wconf 88' lang='lat' dir='ltr'><strong>atque</strong></span> 
     </span>
    </p>
   </div>
   <div class='ocr_carea' id='block_1_3' title="bbox 612 3452 1035 3461">
    <p class='ocr_par' dir='ltr' id='par_1_5' title="bbox 612 3452 1035 3461">
     <span class='ocr_line' id='line_1_29' title="bbox 612 3452 1035 3461; baseline 0 2067"><span class='ocrx_word' id='word_1_297' title='bbox 612 3452 1035 3461; x_wconf 95' lang='lat' dir='ltr'><strong> </strong></span> 
     </span>
    </p>
   </div>
   <div class='ocr_carea' id='block_1_4' title="bbox 605 3541 3222 4981">
    <p class='ocr_par' dir='ltr' id='par_1_6' title="bbox 789 3541 3218 3614">
     <span class='ocr_line' id='line_1_30' title="bbox 789 3541 3218 3614; baseline -0.001 -14"><span class='ocrx_word' id='word_1_298' title='bbox 789 3552 817 3600; x_wconf 93' lang='lat'><strong>1</strong></span> <span class='ocrx_word' id='word_1_299' title='bbox 859 3544 1064 3601; x_wconf 73' lang='lat' dir='ltr'><strong>desinit</strong></span> <span class='ocrx_word' id='word_1_300' title='bbox 1097 3546 1154 3600; x_wconf 88' lang='lat' dir='ltr'><strong><em>B</em></strong></span> <span class='ocrx_word' id='word_1_301' title='bbox 1190 3544 1405 3601; x_wconf 78' lang='lat' dir='ltr'><strong>desinet</strong></span> <span class='ocrx_word' id='word_1_302' title='bbox 1442 3544 1504 3599; x_wconf 99' lang='lat' dir='ltr'><strong><em>F</em></strong></span> <span class='ocrx_word' id='word_1_303' title='bbox 1535 3544 1729 3599; x_wconf 73' lang='lat' dir='ltr'><strong>definit</strong></span> <span class='ocrx_word' id='word_1_304' title='bbox 1766 3543 1843 3597; x_wconf 99' lang='lat' dir='ltr'><strong><em>M</em></strong></span> <span class='ocrx_word' id='word_1_305' title='bbox 1980 3548 2013 3597; x_wconf 84' lang='lat'><strong>3</strong></span> <span class='ocrx_word' id='word_1_306' title='bbox 2051 3544 2284 3613; x_wconf 73' lang='lat' dir='ltr'><strong>uterque</strong></span> <span class='ocrx_word' id='word_1_307' title='bbox 2320 3543 2477 3599; x_wconf 75' lang='lat' dir='ltr'><strong>leuat</strong></span> <span class='ocrx_word' id='word_1_308' title='bbox 2505 3544 2581 3598; x_wconf 90' lang='lat' dir='ltr'><strong><em>M</em></strong></span> <span class='ocrx_word' id='word_1_309' title='bbox 2589 3541 2652 3597; x_wconf 89' lang='lat' dir='ltr'><strong><em>F</em></strong></span> <span class='ocrx_word' id='word_1_310' title='bbox 2682 3561 2847 3614; x_wconf 89' lang='lat' dir='ltr'><strong>quem</strong></span> <span class='ocrx_word' id='word_1_311' title='bbox 2883 3547 2943 3600; x_wconf 69' lang='lat' dir='ltr'><strong>te</strong></span> <span class='ocrx_word' id='word_1_312' title='bbox 2979 3544 3135 3599; x_wconf 75' lang='lat' dir='ltr'><strong>leuat</strong></span> <span class='ocrx_word' id='word_1_313' title='bbox 3161 3543 3218 3597; x_wconf 99' lang='grc' dir='ltr'><strong><em>Β</em></strong></span> 
     </span>
    </p>

    <p class='ocr_par' dir='ltr' id='par_1_7' title="bbox 605 3622 3222 4981">
     <span class='ocr_line' id='line_1_31' title="bbox 682 3622 3219 3694; baseline -0.001 -13"><span class='ocrx_word' id='word_1_314' title='bbox 682 3626 992 3681; x_wconf 76' lang='lat' dir='ltr'><strong>contrarius</strong></span> <span class='ocrx_word' id='word_1_315' title='bbox 1031 3632 1062 3681; x_wconf 77' lang='grc' dir='ltr'><strong><em>ὃ</em></strong></span> <span class='ocrx_word' id='word_1_316' title='bbox 1099 3625 1324 3680; x_wconf 74' lang='lat' dir='ltr'><strong>uidetur</strong></span> <span class='ocrx_word' id='word_1_317' title='bbox 1363 3626 1439 3680; x_wconf 93' lang='lat' dir='ltr'><strong><em>M</em></strong></span> <span class='ocrx_word' id='word_1_318' title='bbox 1587 3631 1624 3679; x_wconf 82' lang='lat'>4</span> <span class='ocrx_word' id='word_1_319' title='bbox 1658 3624 1746 3679; x_wconf 87' lang='lat' dir='ltr'><strong>illi</strong></span> <span class='ocrx_word' id='word_1_320' title='bbox 1791 3623 1867 3677; x_wconf 89' lang='lat' dir='ltr'><strong><em>M</em></strong></span> <span class='ocrx_word' id='word_1_321' title='bbox 1874 3622 1938 3676; x_wconf 82' lang='lat' dir='ltr'><strong><em>F</em></strong></span> <span class='ocrx_word' id='word_1_322' title='bbox 1979 3622 2095 3678; x_wconf 86' lang='lat' dir='ltr'><strong>illis</strong></span> <span class='ocrx_word' id='word_1_323' title='bbox 2139 3623 2195 3678; x_wconf 92' lang='grc' dir='ltr'><strong><em>Β</em></strong></span> <span class='ocrx_word' id='word_1_324' title='bbox 2338 3624 2463 3693; x_wconf 87' lang='lat' dir='ltr'><strong>quis</strong></span> <span class='ocrx_word' id='word_1_325' title='bbox 2509 3624 2606 3679; x_wconf 91' lang='lat' dir='ltr'><strong>ubi</strong></span> <span class='ocrx_word' id='word_1_326' title='bbox 2652 3626 2942 3693; x_wconf 85' lang='lat' dir='ltr'><strong>ponendus</strong></span> <span class='ocrx_word' id='word_1_327' title='bbox 2990 3624 3054 3678; x_wconf 90' lang='lat' dir='ltr'><strong><em>F</em></strong></span> <span class='ocrx_word' id='word_1_328' title='bbox 3092 3623 3219 3694; x_wconf 84' lang='lat' dir='ltr'><strong>quis</strong></span> 
     </span>
     <span class='ocr_line' id='line_1_32' title="bbox 611 3701 3218 3776; baseline -0.001 -16"><span class='ocrx_word' id='word_1_329' title='bbox 611 3705 1034 3775; x_wconf 86' lang='lat' dir='ltr'><strong>ubinponendus</strong></span> <span class='ocrx_word' id='word_1_330' title='bbox 1070 3706 1127 3759; x_wconf 93' lang='grc' dir='ltr'><strong><em>Β</em></strong></span> <span class='ocrx_word' id='word_1_331' title='bbox 1182 3705 1282 3776; x_wconf 89' lang='lat' dir='ltr'><strong>qui</strong></span> <span class='ocrx_word' id='word_1_332' title='bbox 1336 3705 1727 3775; x_wconf 77' lang='lat' dir='ltr'><strong>subponendus</strong></span> <span class='ocrx_word' id='word_1_333' title='bbox 1769 3703 1845 3757; x_wconf 88' lang='lat' dir='ltr'><strong><em>M</em></strong></span> <span class='ocrx_word' id='word_1_334' title='bbox 2001 3709 2033 3757; x_wconf 81' lang='lat'>5</span> <span class='ocrx_word' id='word_1_335' title='bbox 2071 3705 2129 3758; x_wconf 78' lang='lat' dir='ltr'><strong>et</strong></span> <span class='ocrx_word' id='word_1_336' title='bbox 2173 3718 2273 3759; x_wconf 87' lang='lat' dir='ltr'><strong>om.</strong></span> <span class='ocrx_word' id='word_1_337' title='bbox 2310 3703 2367 3756; x_wconf 94' lang='grc' dir='ltr'><strong><em>Β</em></strong></span> <span class='ocrx_word' id='word_1_338' title='bbox 2525 3711 2556 3758; x_wconf 89' lang='grc'><strong>9</strong></span> <span class='ocrx_word' id='word_1_339' title='bbox 2596 3703 2742 3757; x_wconf 76' lang='lat' dir='ltr'><strong>aliae</strong></span> <span class='ocrx_word' id='word_1_340' title='bbox 2789 3701 2905 3758; x_wconf 80' lang='lat' dir='ltr'><strong>sint</strong></span> <span class='ocrx_word' id='word_1_341' title='bbox 2949 3706 3218 3773; x_wconf 71' lang='lat' dir='ltr'><strong>grauatae</strong></span> 
     </span>
     <span class='ocr_line' id='line_1_33' title="bbox 608 3782 3219 3856; baseline -0.002 -16"><span class='ocrx_word' id='word_1_342' title='bbox 608 3786 737 3841; x_wconf 89' lang='lat' dir='ltr'><strong>ideo</strong></span> <span class='ocrx_word' id='word_1_343' title='bbox 776 3786 1111 3856; x_wconf 87' lang='lat' dir='ltr'><strong>quicumque</strong></span> <span class='ocrx_word' id='word_1_344' title='bbox 1150 3785 1213 3840; x_wconf 92' lang='lat' dir='ltr'><strong><em>F</em></strong></span> <span class='ocrx_word' id='word_1_345' title='bbox 1243 3784 1353 3840; x_wconf 76' lang='lat' dir='ltr'><strong>alie</strong></span> <span class='ocrx_word' id='word_1_346' title='bbox 1409 3786 1539 3839; x_wconf 73' lang='lat' dir='ltr'><strong>sunt</strong></span> <span class='ocrx_word' id='word_1_347' title='bbox 1591 3787 1825 3855; x_wconf 74' lang='lat' dir='ltr'><strong>grauate</strong></span> <span class='ocrx_word' id='word_1_348' title='bbox 1876 3784 1969 3839; x_wconf 71' lang='lat' dir='ltr'><strong>ide·</strong></span> <span class='ocrx_word' id='word_1_349' title='bbox 2015 3800 2399 3853; x_wconf 80' lang='lat' dir='ltr'><strong>quaecumque</strong></span> <span class='ocrx_word' id='word_1_350' title='bbox 2436 3784 2491 3837; x_wconf 94' lang='grc' dir='ltr'><strong><em>Β</em></strong></span> <span class='ocrx_word' id='word_1_351' title='bbox 2534 3782 2641 3839; x_wconf 74' lang='lat' dir='ltr'><strong>abe</strong></span> <span class='ocrx_word' id='word_1_352' title='bbox 2683 3790 2711 3837; x_wconf 69' lang='lat' dir='ltr'><strong>&#39;fi</strong></span> <span class='ocrx_word' id='word_1_353' title='bbox 2757 3786 2991 3853; x_wconf 74' lang='lat' dir='ltr'><strong>grauate</strong></span> <span class='ocrx_word' id='word_1_354' title='bbox 3036 3783 3100 3837; x_wconf 85' lang='lat' dir='ltr'><strong>hi</strong></span> <span class='ocrx_word' id='word_1_355' title='bbox 3147 3782 3219 3837; x_wconf 87' lang='lat' dir='ltr'><strong>de</strong></span> 
     </span>
     <span class='ocr_line' id='line_1_34' title="bbox 611 3863 3082 3936; baseline -0.002 -15"><span class='ocrx_word' id='word_1_356' title='bbox 611 3882 959 3936; x_wconf 88' lang='lat' dir='ltr'><strong>quecumque</strong></span> <span class='ocrx_word' id='word_1_357' title='bbox 997 3864 1073 3919; x_wconf 93' lang='lat' dir='ltr'><strong><em>M</em></strong></span> <span class='ocrx_word' id='word_1_358' title='bbox 1210 3870 1278 3919; x_wconf 91' lang='grc'><strong>10</strong></span> <span class='ocrx_word' id='word_1_359' title='bbox 1314 3867 1445 3920; x_wconf 75' lang='lat' dir='ltr'><strong>sunt</strong></span> <span class='ocrx_word' id='word_1_360' title='bbox 1480 3864 1989 3920; x_wconf 72' lang='lat' dir='ltr'><strong>circumflectuntur</strong></span> <span class='ocrx_word' id='word_1_361' title='bbox 2026 3863 2089 3918; x_wconf 92' lang='lat' dir='ltr'><strong><em>F</em></strong></span> <span class='ocrx_word' id='word_1_362' title='bbox 2119 3865 2250 3918; x_wconf 77' lang='lat' dir='ltr'><strong>suni:</strong></span> <span class='ocrx_word' id='word_1_363' title='bbox 2294 3865 2353 3917; x_wconf 74' lang='lat' dir='ltr'><strong>et</strong></span> <span class='ocrx_word' id='word_1_364' title='bbox 2397 3863 2902 3919; x_wconf 73' lang='lat' dir='ltr'><strong>circumflectuntur</strong></span> <span class='ocrx_word' id='word_1_365' title='bbox 2937 3863 2993 3916; x_wconf 94' lang='grc' dir='ltr'><strong><em>Β</em></strong></span> <span class='ocrx_word' id='word_1_366' title='bbox 3006 3863 3082 3917; x_wconf 88' lang='grc' dir='ltr'><strong>Μ</strong></span> 
     </span>
     <span class='ocr_line' id='line_1_35' title="bbox 611 3942 3220 4013; baseline -0.003 -9"><span class='ocrx_word' id='word_1_367' title='bbox 611 3967 731 4005; x_wconf 83' lang='lat' dir='ltr'><strong>mos</strong></span> <span class='ocrx_word' id='word_1_368' title='bbox 759 3948 900 4003; x_wconf 76' lang='grc' dir='ltr'><strong>ΜΓ</strong></span> <span class='ocrx_word' id='word_1_369' title='bbox 930 3964 1079 4003; x_wconf 81' lang='lat' dir='ltr'><strong>mors</strong></span> <span class='ocrx_word' id='word_1_370' title='bbox 1104 3947 1161 4000; x_wconf 93' lang='grc' dir='ltr'><strong><em>Β</em></strong></span> <span class='ocrx_word' id='word_1_371' title='bbox 1184 3967 1202 4001; x_wconf 88' lang='grc'><strong>.·</strong></span> <span class='ocrx_word' id='word_1_372' title='bbox 1229 3951 1390 4001; x_wconf 75' lang='lat' dir='ltr'><strong>notas</strong></span> <span class='ocrx_word' id='word_1_373' title='bbox 1425 3952 1747 4001; x_wconf 70' lang='lat' dir='ltr'><strong>accentuum</strong></span> <span class='ocrx_word' id='word_1_374' title='bbox 1781 3950 1832 4000; x_wconf 83' lang='lat' dir='ltr'><strong>et</strong></span> <span class='ocrx_word' id='word_1_375' title='bbox 1867 3947 1931 4000; x_wconf 69' lang='lat' dir='ltr'><strong>in</strong></span> <span class='ocrx_word' id='word_1_376' title='bbox 1966 3946 2051 4000; x_wconf 78' lang='lat' dir='ltr'><strong>his</strong></span> <span class='ocrx_word' id='word_1_377' title='bbox 2085 3949 2136 4000; x_wconf 80' lang='lat' dir='ltr'><strong>et</strong></span> <span class='ocrx_word' id='word_1_378' title='bbox 2170 3945 2234 3999; x_wconf 75' lang='lat' dir='ltr'><strong>in</strong></span> <span class='ocrx_word' id='word_1_379' title='bbox 2267 3944 2494 4013; x_wconf 75' lang='lat' dir='ltr'><strong>reliquis</strong></span> <span class='ocrx_word' id='word_1_380' title='bbox 2529 3944 2807 4000; x_wconf 68' lang='lat' dir='ltr'><strong>vocabulis</strong></span> <span class='ocrx_word' id='word_1_381' title='bbox 2841 3945 2907 3997; x_wconf 73' lang='lat' dir='ltr'><strong>in</strong></span> <span class='ocrx_word' id='word_1_382' title='bbox 2942 3942 3220 3998; x_wconf 79' lang='lat' dir='ltr'><strong>codicibus</strong></span> 
     </span>
     <span class='ocr_line' id='line_1_36' title="bbox 615 4024 3219 4097; baseline -0.003 -12"><span class='ocrx_word' id='word_1_383' title='bbox 615 4031 840 4085; x_wconf 74' lang='lat' dir='ltr'><strong>omissas</strong></span> <span class='ocrx_word' id='word_1_384' title='bbox 876 4028 1073 4083; x_wconf 76' lang='lat' dir='ltr'><strong>addidi</strong></span> <span class='ocrx_word' id='word_1_385' title='bbox 1217 4032 1280 4081; x_wconf 93' lang='lat'><strong>11</strong></span> <span class='ocrx_word' id='word_1_386' title='bbox 1323 4027 1470 4097; x_wconf 87' lang='lat' dir='ltr'><strong>quis]</strong></span> <span class='ocrx_word' id='word_1_387' title='bbox 1511 4030 1642 4081; x_wconf 76' lang='lat' dir='ltr'><strong>sunt.</strong></span> <span class='ocrx_word' id='word_1_388' title='bbox 1670 4025 1732 4081; x_wconf 90' lang='lat' dir='ltr'><strong><em>F</em></strong></span> <span class='ocrx_word' id='word_1_389' title='bbox 1873 4032 1936 4080; x_wconf 89' lang='grc'><strong>12</strong></span> <span class='ocrx_word' id='word_1_390' title='bbox 1967 4026 2199 4081; x_wconf 72' lang='lat' dir='ltr'><strong>accentu</strong></span> <span class='ocrx_word' id='word_1_391' title='bbox 2234 4025 2333 4079; x_wconf 84' lang='lat' dir='ltr'><strong>hoc</strong></span> <span class='ocrx_word' id='word_1_392' title='bbox 2360 4025 2474 4080; x_wconf 81' lang='lat' dir='ltr'><strong>loeo</strong></span> <span class='ocrx_word' id='word_1_393' title='bbox 2501 4040 2602 4080; x_wconf 87' lang='lat' dir='ltr'><strong>om.</strong></span> <span class='ocrx_word' id='word_1_394' title='bbox 2630 4026 2687 4079; x_wconf 94' lang='grc' dir='ltr'><strong><em>Β</em></strong></span> <span class='ocrx_word' id='word_1_395' title='bbox 2700 4024 2776 4079; x_wconf 92' lang='grc' dir='ltr'><strong>Μ</strong></span> <span class='ocrx_word' id='word_1_396' title='bbox 2783 4024 2846 4079; x_wconf 90' lang='lat' dir='ltr'><strong><em>F</em></strong></span> <span class='ocrx_word' id='word_1_397' title='bbox 2981 4041 3081 4079; x_wconf 87' lang='lat' dir='ltr'><strong>cur</strong></span> <span class='ocrx_word' id='word_1_398' title='bbox 3106 4040 3219 4078; x_wconf 88' lang='lat' dir='ltr'><strong>non</strong></span> 
     </span>
     <span class='ocr_line' id='line_1_37' title="bbox 612 4103 3222 4180; baseline -0.003 -15"><span class='ocrx_word' id='word_1_399' title='bbox 612 4110 825 4180; x_wconf 78' lang='lat' dir='ltr'><strong>syllabe</strong></span> <span class='ocrx_word' id='word_1_400' title='bbox 860 4106 1192 4163; x_wconf 72' lang='lat' dir='ltr'><strong>naturaliter</strong></span> <span class='ocrx_word' id='word_1_401' title='bbox 1226 4107 1394 4177; x_wconf 88' lang='lat' dir='ltr'><strong>longe</strong></span> <span class='ocrx_word' id='word_1_402' title='bbox 1433 4105 1938 4162; x_wconf 69' lang='lat' dir='ltr'><strong>circumflectuntur</strong></span> <span class='ocrx_word' id='word_1_403' title='bbox 1965 4107 2198 4162; x_wconf 75' lang='lat' dir='ltr'><strong>accentu</strong></span> <span class='ocrx_word' id='word_1_404' title='bbox 2224 4104 2281 4158; x_wconf 92' lang='grc' dir='ltr'><strong><em>Β</em></strong></span> <span class='ocrx_word' id='word_1_405' title='bbox 2310 4122 2453 4173; x_wconf 89' lang='lat' dir='ltr'><strong>quur</strong></span> <span class='ocrx_word' id='word_1_406' title='bbox 2480 4105 2862 4175; x_wconf 77' lang='lat' dir='ltr'><strong>monosyllaba</strong></span> <span class='ocrx_word' id='word_1_407' title='bbox 2887 4103 3222 4159; x_wconf 74' lang='lat' dir='ltr'><strong>naturaliter</strong></span> 
     </span>
     <span class='ocr_line' id='line_1_38' title="bbox 611 4184 3220 4259; baseline -0.002 -15"><span class='ocrx_word' id='word_1_408' title='bbox 611 4190 814 4259; x_wconf 79' lang='lat' dir='ltr'><strong>longae</strong></span> <span class='ocrx_word' id='word_1_409' title='bbox 852 4186 1365 4244; x_wconf 71' lang='lat' dir='ltr'><strong>circumflexbuntur</strong></span> <span class='ocrx_word' id='word_1_410' title='bbox 1401 4187 1689 4241; x_wconf 76' lang='lat' dir='ltr'><strong>accentum</strong></span> <span class='ocrx_word' id='word_1_411' title='bbox 1729 4185 1805 4239; x_wconf 99' lang='lat' dir='ltr'><strong><em>M</em></strong></span> <span class='ocrx_word' id='word_1_412' title='bbox 1837 4204 1934 4241; x_wconf 87' lang='lat' dir='ltr'><strong>cur</strong></span> <span class='ocrx_word' id='word_1_413' title='bbox 1968 4185 2359 4254; x_wconf 79' lang='lat' dir='ltr'><strong>monosyllaba.</strong></span> <span class='ocrx_word' id='word_1_414' title='bbox 2391 4185 2724 4241; x_wconf 75' lang='lat' dir='ltr'><strong>naturaliter</strong></span> <span class='ocrx_word' id='word_1_415' title='bbox 2771 4187 2941 4257; x_wconf 80' lang='lat' dir='ltr'><strong>longo</strong></span> <span class='ocrx_word' id='word_1_416' title='bbox 2987 4184 3220 4241; x_wconf 85' lang='lat' dir='ltr'><strong>eircum-</strong></span> 
     </span>
     <span class='ocr_line' id='line_1_39' title="bbox 613 4264 3222 4336; baseline -0.002 -10"><span class='ocrx_word' id='word_1_417' title='bbox 613 4271 910 4326; x_wconf 75' lang='lat' dir='ltr'><strong>flectuntur</strong></span> <span class='ocrx_word' id='word_1_418' title='bbox 945 4268 1182 4323; x_wconf 76' lang='lat' dir='ltr'><strong>accentu</strong></span> <span class='ocrx_word' id='word_1_419' title='bbox 1220 4266 1282 4321; x_wconf 98' lang='lat' dir='ltr'><strong><em>F</em></strong></span> <span class='ocrx_word' id='word_1_420' title='bbox 1422 4273 1489 4321; x_wconf 84' lang='lat'><strong>13</strong></span> <span class='ocrx_word' id='word_1_421' title='bbox 1526 4265 1739 4336; x_wconf 88' lang='lat' dir='ltr'><strong>duplici</strong></span> <span class='ocrx_word' id='word_1_422' title='bbox 1786 4266 2042 4321; x_wconf 71' lang='lat' dir='ltr'><strong>accentui</strong></span> <span class='ocrx_word' id='word_1_423' title='bbox 2087 4265 2417 4333; x_wconf 76' lang='lat' dir='ltr'><strong>Muellerus,</strong></span> <span class='ocrx_word' id='word_1_424' title='bbox 2464 4264 2674 4335; x_wconf 88' lang='lat' dir='ltr'><strong>duplici</strong></span> <span class='ocrx_word' id='word_1_425' title='bbox 2722 4269 2955 4321; x_wconf 70' lang='lat' dir='ltr'><strong>accentu</strong></span> <span class='ocrx_word' id='word_1_426' title='bbox 3002 4265 3133 4320; x_wconf 88' lang='lat' dir='ltr'><strong><em>BF</em></strong></span> <span class='ocrx_word' id='word_1_427' title='bbox 3171 4270 3222 4321; x_wconf 77' lang='lat' dir='ltr'><strong>et</strong></span> 
     </span>
     <span class='ocr_line' id='line_1_40' title="bbox 613 4344 3149 4417; baseline -0.002 -12"><span class='ocrx_word' id='word_1_428' title='bbox 613 4351 782 4405; x_wconf 67' lang='lat' dir='ltr'><strong>code-&#39;c</strong></span> <span class='ocrx_word' id='word_1_429' title='bbox 817 4348 1118 4414; x_wconf 69' lang='lat' dir='ltr'><strong>Leidensis,</strong></span> <span class='ocrx_word' id='word_1_430' title='bbox 1157 4346 1370 4417; x_wconf 89' lang='lat' dir='ltr'><strong>duplici</strong></span> <span class='ocrx_word' id='word_1_431' title='bbox 1405 4350 1696 4403; x_wconf 74' lang='lat' dir='ltr'><strong>accentum</strong></span> <span class='ocrx_word' id='word_1_432' title='bbox 1734 4346 1810 4400; x_wconf 88' lang='lat' dir='ltr'><strong><em>M</em></strong></span> <span class='ocrx_word' id='word_1_433' title='bbox 1949 4353 2016 4401; x_wconf 82' lang='lat'><strong>14</strong></span> <span class='ocrx_word' id='word_1_434' title='bbox 2055 4345 2166 4416; x_wconf 88' lang='lat' dir='ltr'><strong>vel]</strong></span> <span class='ocrx_word' id='word_1_435' title='bbox 2194 4347 2261 4398; x_wconf 79' lang='lat' dir='ltr'><strong>ut</strong></span> <span class='ocrx_word' id='word_1_436' title='bbox 2286 4344 2362 4399; x_wconf 88' lang='lat' dir='ltr'><strong><em>M</em></strong></span> <span class='ocrx_word' id='word_1_437' title='bbox 2501 4350 2566 4398; x_wconf 85' lang='lat'><strong>15</strong></span> <span class='ocrx_word' id='word_1_438' title='bbox 2594 4347 2811 4417; x_wconf 73' lang='lat' dir='ltr'><strong>acutus]</strong></span> <span class='ocrx_word' id='word_1_439' title='bbox 2842 4348 3074 4401; x_wconf 74' lang='lat' dir='ltr'><strong>acuatur</strong></span> <span class='ocrx_word' id='word_1_440' title='bbox 3093 4345 3149 4399; x_wconf 93' lang='grc' dir='ltr'><strong><em>Β</em></strong></span> 
     </span>
     <span class='ocr_line' id='line_1_41' title="bbox 614 4425 3222 4499; baseline -0.002 -14"><span class='ocrx_word' id='word_1_441' title='bbox 614 4432 899 4499; x_wconf 73' lang='lat' dir='ltr'><strong>correptus</strong></span> <span class='ocrx_word' id='word_1_442' title='bbox 918 4432 1005 4483; x_wconf 84' lang='lat' dir='ltr'><strong>est</strong></span> <span class='ocrx_word' id='word_1_443' title='bbox 1025 4427 1085 4481; x_wconf 88' lang='lat' dir='ltr'><strong><em>F</em></strong></span> <span class='ocrx_word' id='word_1_444' title='bbox 1157 4433 1224 4481; x_wconf 89' lang='grc'><strong>16</strong></span> <span class='ocrx_word' id='word_1_445' title='bbox 1246 4426 1551 4496; x_wconf 74' lang='lat' dir='ltr'><strong>correptior</strong></span> <span class='ocrx_word' id='word_1_446' title='bbox 1567 4427 1624 4480; x_wconf 94' lang='grc' dir='ltr'><strong><em>Β</em></strong></span> <span class='ocrx_word' id='word_1_447' title='bbox 1646 4425 1924 4495; x_wconf 71' lang='lat' dir='ltr'><strong>correptio</strong></span> <span class='ocrx_word' id='word_1_448' title='bbox 1944 4426 2076 4480; x_wconf 90' lang='lat' dir='ltr'><strong>MF</strong></span> <span class='ocrx_word' id='word_1_449' title='bbox 2145 4427 2290 4481; x_wconf 77' lang='lat' dir='ltr'><strong>17·in</strong></span> <span class='ocrx_word' id='word_1_450' title='bbox 2310 4427 2526 4483; x_wconf 78' lang='lat' dir='ltr'><strong>duabus</strong></span> <span class='ocrx_word' id='word_1_451' title='bbox 2546 4426 2801 4498; x_wconf 79' lang='lat' dir='ltr'><strong>syllabis]</strong></span> <span class='ocrx_word' id='word_1_452' title='bbox 2821 4427 2883 4482; x_wconf 87' lang='lat' dir='ltr'><strong>in</strong></span> <span class='ocrx_word' id='word_1_453' title='bbox 2901 4425 3222 4495; x_wconf 72' lang='lat' dir='ltr'><strong>dissyllabis</strong></span> 
     </span>
     <span class='ocr_line' id='line_1_42' title="bbox 614 4505 3219 4578; baseline -0.002 -12"><span class='ocrx_word' id='word_1_454' title='bbox 614 4512 841 4566; x_wconf 73' lang='lat' dir='ltr'><strong>coniecit</strong></span> <span class='ocrx_word' id='word_1_455' title='bbox 869 4508 1176 4564; x_wconf 72' lang='lat' dir='ltr'><strong>Muellerus</strong></span> <span class='ocrx_word' id='word_1_456' title='bbox 1296 4513 1360 4562; x_wconf 89' lang='grc'><strong>19</strong></span> <span class='ocrx_word' id='word_1_457' title='bbox 1391 4506 1610 4576; x_wconf 78' lang='lat' dir='ltr'><strong>diptota</strong></span> <span class='ocrx_word' id='word_1_458' title='bbox 1636 4507 1854 4562; x_wconf 78' lang='lat' dir='ltr'><strong>seclusit</strong></span> <span class='ocrx_word' id='word_1_459' title='bbox 1882 4505 1954 4562; x_wconf 91' lang='lat' dir='ltr'><strong><em>F.</em></strong></span> <span class='ocrx_word' id='word_1_460' title='bbox 1983 4507 2283 4565; x_wconf 63' lang='lat' dir='ltr'><strong>Schoenitas</strong></span> <span class='ocrx_word' id='word_1_461' title='bbox 2318 4510 2384 4563; x_wconf 77' lang='lat' dir='ltr'><strong>cle</strong></span> <span class='ocrx_word' id='word_1_462' title='bbox 2419 4513 2619 4564; x_wconf 72' lang='lat' dir='ltr'><strong>aecem.</strong></span> <span class='ocrx_word' id='word_1_463' title='bbox 2649 4509 2782 4578; x_wconf 73' lang='lat' dir='ltr'><strong>liny.</strong></span> <span class='ocrx_word' id='word_1_464' title='bbox 2821 4509 2937 4574; x_wconf 65' lang='lat' dir='ltr'><strong>lat„</strong></span> <span class='ocrx_word' id='word_1_465' title='bbox 2973 4511 3078 4563; x_wconf 77' lang='lat' dir='ltr'><strong>act.</strong></span> <span class='ocrx_word' id='word_1_466' title='bbox 3113 4522 3219 4561; x_wconf 82' lang='lat' dir='ltr'><strong>soc.</strong></span> 
     </span>
     <span class='ocr_line' id='line_1_43' title="bbox 605 4588 3218 4660; baseline -0 -16"><span class='ocrx_word' id='word_1_467' title='bbox 605 4591 746 4658; x_wconf 80' lang='lat' dir='ltr'><strong>phil.</strong></span> <span class='ocrx_word' id='word_1_468' title='bbox 775 4589 945 4659; x_wconf 51' lang='lat' dir='ltr'><strong>Lim(</strong></span> <span class='ocrx_word' id='word_1_469' title='bbox 961 4607 1010 4644; x_wconf 86' lang='lat' dir='ltr'><strong>v.</strong></span> <span class='ocrx_word' id='word_1_470' title='bbox 1053 4588 1146 4642; x_wconf 86' lang='lat' dir='ltr'><strong>VI</strong></span> <span class='ocrx_word' id='word_1_471' title='bbox 1162 4605 1224 4657; x_wconf 80' lang='lat' dir='ltr'><strong>p.</strong></span> <span class='ocrx_word' id='word_1_472' title='bbox 1253 4593 1369 4644; x_wconf 81' lang='lat'><strong>206</strong></span> <span class='ocrx_word' id='word_1_473' title='bbox 1399 4609 1415 4640; x_wconf 93' lang='grc'><strong>.·</strong></span> <span class='ocrx_word' id='word_1_474' title='bbox 1441 4588 1673 4654; x_wconf 79' lang='lat' dir='ltr'><strong>fortasse</strong></span> <span class='ocrx_word' id='word_1_475' title='bbox 1699 4588 1844 4643; x_wconf 90' lang='lat' dir='ltr'><strong>Dido</strong></span> <span class='ocrx_word' id='word_1_476' title='bbox 1988 4588 2142 4659; x_wconf 88' lang='lat' dir='ltr'><strong>prior</strong></span> <span class='ocrx_word' id='word_1_477' title='bbox 2169 4588 2341 4660; x_wconf 91' lang='lat' dir='ltr'><strong>enim]</strong></span> <span class='ocrx_word' id='word_1_478' title='bbox 2373 4588 2617 4658; x_wconf 85' lang='lat' dir='ltr'><strong>priorem</strong></span> <span class='ocrx_word' id='word_1_479' title='bbox 2645 4588 2722 4642; x_wconf 91' lang='lat' dir='ltr'><strong><em>M</em></strong></span> <span class='ocrx_word' id='word_1_480' title='bbox 2862 4596 2930 4645; x_wconf 90' lang='grc'><strong>20</strong></span> <span class='ocrx_word' id='word_1_481' title='bbox 2960 4588 3218 4660; x_wconf 77' lang='lat' dir='ltr'><strong>duarum]</strong></span> 
     </span>
     <span class='ocr_line' id='line_1_44' title="bbox 615 4668 3221 4741; baseline -0.002 -14"><span class='ocrx_word' id='word_1_482' title='bbox 615 4689 851 4741; x_wconf 75' lang='lat' dir='ltr'><strong>quarum</strong></span> <span class='ocrx_word' id='word_1_483' title='bbox 896 4672 953 4725; x_wconf 95' lang='grc' dir='ltr'><strong><em>Β</em></strong></span> <span class='ocrx_word' id='word_1_484' title='bbox 968 4671 1043 4725; x_wconf 90' lang='lat' dir='ltr'><strong><em>M</em></strong></span> <span class='ocrx_word' id='word_1_485' title='bbox 1049 4669 1111 4724; x_wconf 93' lang='lat' dir='ltr'><strong><em>F</em></strong></span> <span class='ocrx_word' id='word_1_486' title='bbox 1249 4675 1314 4723; x_wconf 83' lang='lat'><strong>21</strong></span> <span class='ocrx_word' id='word_1_487' title='bbox 1356 4668 1823 4724; x_wconf 75' lang='lat' dir='ltr'><strong>circumflectetur</strong></span> <span class='ocrx_word' id='word_1_488' title='bbox 1865 4669 1922 4722; x_wconf 94' lang='grc' dir='ltr'><strong><em>Β</em></strong></span> <span class='ocrx_word' id='word_1_489' title='bbox 1972 4668 2423 4725; x_wconf 80' lang='lat' dir='ltr'><strong>circumflectitur</strong></span> <span class='ocrx_word' id='word_1_490' title='bbox 2468 4669 2544 4723; x_wconf 88' lang='lat' dir='ltr'><strong><em>M</em></strong></span> <span class='ocrx_word' id='word_1_491' title='bbox 2549 4669 2610 4723; x_wconf 98' lang='lat' dir='ltr'><strong><em>F</em></strong></span> <span class='ocrx_word' id='word_1_492' title='bbox 2746 4670 3014 4740; x_wconf 86' lang='lat' dir='ltr'><strong>quicquid</strong></span> <span class='ocrx_word' id='word_1_493' title='bbox 3065 4668 3221 4723; x_wconf 81' lang='lat' dir='ltr'><strong>aliud</strong></span> 
     </span>
     <span class='ocr_line' id='line_1_45' title="bbox 616 4747 3057 4821; baseline 0.001 -17"><span class='ocrx_word' id='word_1_494' title='bbox 616 4750 824 4821; x_wconf 72' lang='lat' dir='ltr'><strong>fligeritz</strong></span> <span class='ocrx_word' id='word_1_495' title='bbox 860 4750 1101 4819; x_wconf 88' lang='lat' dir='ltr'><strong>priorem</strong></span> <span class='ocrx_word' id='word_1_496' title='bbox 1138 4747 1197 4803; x_wconf 90' lang='lat' dir='ltr'><strong>id</strong></span> <span class='ocrx_word' id='word_1_497' title='bbox 1235 4752 1322 4805; x_wconf 80' lang='lat' dir='ltr'><strong>est</strong></span> <span class='ocrx_word' id='word_1_498' title='bbox 1357 4753 1456 4805; x_wconf 74' lang='lat' dir='ltr'><strong>aut.</strong></span> <span class='ocrx_word' id='word_1_499' title='bbox 1491 4750 1690 4804; x_wconf 81' lang='lat' dir='ltr'><strong>ambae</strong></span> <span class='ocrx_word' id='word_1_500' title='bbox 1727 4749 1802 4803; x_wconf 83' lang='lat' dir='ltr'><strong><em>M</em></strong></span> <span class='ocrx_word' id='word_1_501' title='bbox 1938 4756 2006 4805; x_wconf 90' lang='grc'><strong>22</strong></span> <span class='ocrx_word' id='word_1_502' title='bbox 2044 4751 2246 4821; x_wconf 82' lang='lat' dir='ltr'><strong>longae</strong></span> <span class='ocrx_word' id='word_1_503' title='bbox 2284 4781 2351 4790; x_wconf 91' lang='lat'>—</span> <span class='ocrx_word' id='word_1_504' title='bbox 2390 4752 2589 4805; x_wconf 78' lang='lat' dir='ltr'><strong>ambae</strong></span> <span class='ocrx_word' id='word_1_505' title='bbox 2623 4750 2820 4805; x_wconf 83' lang='lat' dir='ltr'><strong>breves</strong></span> <span class='ocrx_word' id='word_1_506' title='bbox 2854 4767 2956 4806; x_wconf 83' lang='lat' dir='ltr'><strong>om.</strong></span> <span class='ocrx_word' id='word_1_507' title='bbox 2994 4750 3057 4806; x_wconf 89' lang='lat' dir='ltr'><strong><em>F</em></strong></span> 
     </span>
     <span class='ocr_line' id='line_1_46' title="bbox 616 4829 3221 4901; baseline 0 -18"><span class='ocrx_word' id='word_1_508' title='bbox 616 4837 683 4884; x_wconf 83' lang='grc'><strong>23</strong></span> <span class='ocrx_word' id='word_1_509' title='bbox 724 4832 847 4901; x_wconf 80' lang='lat' dir='ltr'><strong>fiet]</strong></span> <span class='ocrx_word' id='word_1_510' title='bbox 899 4831 1002 4885; x_wconf 75' lang='lat' dir='ltr'><strong>fiat</strong></span> <span class='ocrx_word' id='word_1_511' title='bbox 1057 4829 1118 4883; x_wconf 89' lang='lat' dir='ltr'><strong><em>F</em></strong></span> <span class='ocrx_word' id='word_1_512' title='bbox 1274 4836 1343 4884; x_wconf 84' lang='lat'><strong>24</strong></span> <span class='ocrx_word' id='word_1_513' title='bbox 1380 4831 1452 4886; x_wconf 77' lang='lat' dir='ltr'><strong>ad</strong></span> <span class='ocrx_word' id='word_1_514' title='bbox 1507 4830 1817 4901; x_wconf 79' lang='lat' dir='ltr'><strong>posteriora</strong></span> <span class='ocrx_word' id='word_1_515' title='bbox 1861 4830 2033 4901; x_wconf 78' lang='lat' dir='ltr'><strong>long-a.</strong></span> <span class='ocrx_word' id='word_1_516' title='bbox 2078 4831 2135 4885; x_wconf 98' lang='grc' dir='ltr'><strong><em>Β</em></strong></span> <span class='ocrx_word' id='word_1_517' title='bbox 2296 4837 2364 4886; x_wconf 81' lang='grc'><strong>25</strong></span> <span class='ocrx_word' id='word_1_518' title='bbox 2400 4831 2872 4901; x_wconf 74' lang='lat' dir='ltr'><strong>pronuntiandum</strong></span> <span class='ocrx_word' id='word_1_519' title='bbox 2907 4830 3052 4885; x_wconf 91' lang='grc' dir='ltr'><strong>ΒΜ</strong></span> <span class='ocrx_word' id='word_1_520' title='bbox 3091 4846 3221 4900; x_wconf 87' lang='lat' dir='ltr'><strong>pro-</strong></span> 
     </span>
     <span class='ocr_line' id='line_1_47' title="bbox 617 4909 2290 4981; baseline 0.002 -19"><span class='ocrx_word' id='word_1_521' title='bbox 617 4911 935 4965; x_wconf 77' lang='lat' dir='ltr'><strong>nunandam</strong></span> <span class='ocrx_word' id='word_1_522' title='bbox 971 4909 1033 4962; x_wconf 88' lang='lat' dir='ltr'><strong><em>F</em></strong></span> <span class='ocrx_word' id='word_1_523' title='bbox 1172 4915 1240 4964; x_wconf 84' lang='grc'><strong>26</strong></span> <span class='ocrx_word' id='word_1_524' title='bbox 1279 4909 1376 4964; x_wconf 89' lang='lat' dir='ltr'><strong>sed</strong></span> <span class='ocrx_word' id='word_1_525' title='bbox 1414 4910 1488 4965; x_wconf 75' lang='lat' dir='ltr'><strong>sit</strong></span> <span class='ocrx_word' id='word_1_526' title='bbox 1522 4912 1750 4966; x_wconf 82' lang='lat' dir='ltr'><strong>accutus</strong></span> <span class='ocrx_word' id='word_1_527' title='bbox 1787 4909 1926 4979; x_wconf 90' lang='lat' dir='ltr'><strong>quid</strong></span> <span class='ocrx_word' id='word_1_528' title='bbox 1961 4911 2198 4981; x_wconf 85' lang='lat' dir='ltr'><strong>simplex</strong></span> <span class='ocrx_word' id='word_1_529' title='bbox 2234 4912 2290 4966; x_wconf 93' lang='grc' dir='ltr'><strong><em>Β</em></strong></span> 
     </span>
    </p>
   </div>
  </div>
 </body>
</html>
