3613 5528
1702 216 1719 261 l

596 430 723 495 148
1673 431 2128 490 CASSIODORII

592 544 636 582 p.
664 533 878 573 assi—ss
906 532 955 572 P.

586 626 927 677 ‘consonans
973 612 1367 697 perscribitur
1403 616 1672 701 quidem,
1721 626 1989 680 ceterum
2026 621 2089 680 in
2128 618 2488 680 enuntiando
2527 619 2743 681 durum
2783 628 2845 680 et
2890 619 3206 680 barbarum

595 732 779 784 sonat.
856 731 915 784 at
960 725 1011 783 si
1057 725 1357 804 posterius
1395 722 1642 786 verbum
1682 724 2007 805 quamlibet
2043 733 2468 787 consonantem
2507 723 2781 786 habuerit
2819 724 2910 786 vel
2947 723 3207 786 vocalem

590 828 721 891 loco
768 831 1019 910 positam
1064 831 1474 912 consonantis,
1529 840 1725 892 servat
1770 850 1831 892 m
1885 830 2117 893 litterae
2165 850 2394 893 sonum.
2469 850 2575 911 par
2621 833 2779 893 enim
2827 841 3003 912 atque
3049 831 3205 892 idem
3266 870 3278 880 ·

591 944 685 998 est
730 938 936 998 vitium
983 939 1062 998 ita
1110 955 1247 998 cum
1293 935 1479 998 vocali
1519 937 1530 1014 Ι
1570 940 1727 999 sicut
1772 956 1908 999 cum
1956 948 2319 1001 consonante
2357 958 2415 1000 m
2462 938 2720 1000 litteram
2766 941 3117 1020 exprimere.

767 1058 876 1122 Est
943 1061 1229 1142 quaedam
1289 1061 1485 1123 littera
1541 1064 1602 1123 in
1657 1064 1690 1124 f
1744 1062 1977 1125 litterae
2033 1067 2292 1146 speciem
2357 1065 2636 1147 figurata,
2702 1084 2853 1144 quae
2918 1065 3206 1144 digamma
3236 1077 3261 1117 ⁵

590 1171 954 1251 nominatur,
1002 1172 1138 1250 quia
1184 1169 1335 1230 duos
1380 1172 1577 1250 apices
1624 1190 1691 1232 ex
1740 1190 1968 1252 gamma
2023 1171 2219 1233 littera
2273 1171 2495 1233 babere
2552 1172 2836 1233 videatur.
2911 1171 2982 1232 ad
3029 1171 3208 1233 buius

590 1276 1038 1339 similitudinem
1087 1280 1215 1339 soni
1263 1280 1458 1339 nostri
1504 1280 1851 1340 coniunctas
1892 1278 2123 1340 vocales
2171 1278 2502 1358 digammon
2542 1279 2836 1360 appellare
2875 1278 3210 1360 voluerunt,

591 1391 659 1443 ut
704 1392 797 1444 est
842 1393 1042 1446 votum
1090 1387 1271 1464 virgo.
1346 1387 1547 1464 itaque
1595 1386 1657 1445 in
1702 1387 1893 1466 prima
1941 1383 2158 1464 syllaba
2206 1385 2495 1463 digamma
2539 1393 2599 1446 et
2644 1384 2905 1447 vocalem
2944 1388 3210 1466 oportuit

590 1492 758 1572 poni,
804 1492 1003 1552 fotum
1051 1494 1243 1574 firgo,
1291 1491 1448 1571 quod
1497 1499 1557 1552 et
1601 1492 1813 1553 Aeoles
1860 1493 2134 1554 fecerunt
2181 1500 2241 1552 et
2287 1494 2514 1572 antiqui
2562 1494 2783 1574 nostri,
2829 1496 2986 1553 sicut
3021 1495 3207 1572 scrip·

592 1605 723 1658 tura
783 1601 843 1658 in
900 1599 1254 1679 quibusdam
1308 1598 1523 1660 libellis
1579 1598 1853 1660 declarat.
1941 1599 2093 1659 hanc
2150 1598 2408 1659 litteram
2456 1598 2775 1660 Terentius
2819 1598 3004 1661 Varro
3062 1598 3203 1660 dum
3237 1611 3288 1651 1⁰

588 1703 713 1765 vult
758 1704 1195 1788 demonstrare,
1242 1709 1319 1767 ita
1366 1705 1714 1788 perscribit,
1760 1720 1920 1767 VAV.
1997 1707 2098 1784 qui
2147 1723 2288 1784 ergo
2333 1709 2395 1766 in
2443 1705 2553 1766 hac
2600 1704 2821 1786 syllaba
2867 1724 3050 1767 sonus
3098 1715 3206 1787 est,

590 1810 743 1872 idem
791 1811 1026 1875 litterae
1074 1817 1206 1875 erit.
1292 1832 1400 1874 nos
1447 1812 1622 1873 bodie
1671 1827 1717 1873 v
1764 1813 2020 1874 litteram
2067 1814 2127 1873 in
2175 1812 2426 1873 duarum
2471 1812 2806 1874 litterarum
2850 1821 3206 1893 potestatem

591 1922 924 1998 coegimus:
973 1939 1106 1981 nam
1145 1919 1319 1981 modo
1365 1937 1476 2000 pro
1515 1918 1803 1998 digamma
1842 1918 2152 2001 scribitur,
2197 1921 2372 1981 modo
2418 1938 2527 1999 pro
2569 1920 2770 1981 vocali.
2843 1920 3059 1981 vocalis
3098 1929 3207 2000 est,

590 2043 727 2086 cum
773 2029 904 2107 ipsa
951 2045 1060 2107 per
1106 2045 1170 2088 se
1219 2033 1341 2087 est:
1387 2026 1500 2086 hoc
1548 2028 1706 2086 enim
1755 2043 1891 2086 cum
1941 2029 2159 2087 ceteris
2206 2046 2443 2106 quoque
2499 2025 2794 2088 vocalibus
2841 2029 3081 2107 patitur.
3155 2029 3206 2087 si

589 2152 726 2194 cum
764 2134 873 2195 alia
913 2133 1099 2194 vocali
1139 2142 1257 2213 est,
1304 2132 1594 2212 digamma
1632 2139 1748 2213 est,
1797 2150 1947 2212 quae
1987 2140 2079 2194 est
2115 2151 2464 2194 consonans.
2532 2143 2654 2195 tres
2693 2134 2922 2195 vocales
2960 2133 3202 2213 quibus·
3236 2142 3289 2183 1⁵
3397 2146 3416 2171 ²

589 2239 724 2300 dam
770 2240 1049 2303 videntur
1086 2259 1218 2301 esse
1266 2239 1379 2302 sub
1426 2260 1542 2302 una
1589 2239 1810 2321 syllaba
1847 2258 1967 2300 vae.
2059 2248 2287 2321 errant,
2335 2243 2386 2301 si
2411 2234 2437 2316 ‘l
2477 2242 2556 2301 ita
2606 2248 2843 2320 putant:
2891 2259 3024 2302 nam
3064 2259 3204 2302 nus—

590 2364 764 2425 quam
804 2347 957 2427 apud
998 2347 1255 2408 Graecos
1293 2366 1486 2428 neque
1525 2347 1678 2428 apud
1717 2346 1959 2407 Latinos
1996 2364 2070 2406 ex
2107 2344 2301 2406 tribus
2347 2344 2646 2408 vocalibus
2693 2346 2909 2426 syllaba
2958 2356 3206 2409 constat.

587 2472 772 2532 quare
819 2454 917 2515 bic
968 2472 1208 2534 quoque
1255 2455 1546 2533 digamma
1592 2455 1709 2515 erit
1756 2460 1818 2513 et
1862 2451 2013 2513 duae
2064 2452 2309 2514 vocales.

770 2577 1055 2639 Similiter
1093 2573 1245 2639 ‘sed'
1293 2578 1450 2640 cadit
1493 2581 1555 2639 in
1603 2579 2037 2657 quaestionem,
2087 2586 2146 2638 et
2191 2577 2321 2638 aliis
2367 2596 2477 2659 per
2515 2586 2564 2659 t,
2609 2578 2738 2639 aliis
2785 2598 2893 2660 per
2930 2580 2969 2641 d
3015 2578 3209 2660 placet

589 2684 786 2744 scribi.
861 2684 1015 2764 apud
1060 2687 1334 2764 antiquos
1383 2686 1541 2746 enim
1588 2685 1711 2744 scio
1751 2701 1871 2760 pro
1918 2683 2021 2744 sed
2079 2684 2287 2745 sedum
2345 2685 2556 2746 fuisse:
2614 2683 2771 2745 unde
2818 2703 2927 2745 nos
2974 2685 3206 2747 duabus
3235 2698 3288 2736 ²⁰

589 2792 803 2853 litteris
849 2794 1185 2854 novissimis
1231 2791 1438 2852 ablatis
1485 2789 1744 2870 reliquas
1797 2790 2030 2851 litteras
2076 2791 2231 2853 salva
2279 2793 2315 2853 d
2372 2794 2433 2853 in
2479 2810 2594 2853 usu
2650 2791 2967 2856 habemus:
3022 2813 3198 2874 quem

588 2898 660 2959 ad
698 2898 939 2960 modum
978 2901 1029 2960 si
1077 2918 1327 2979 quaeras
1374 2893 1490 2958 ‘sat
1532 2915 1648 2977 qua
1689 2896 1888 2959 littera
1927 2897 2108 2959 scribi
2145 2893 2474 2981 oportet‘P’,
2521 2898 2789 2960 dicemus
2833 2918 2942 2980 per
2981 2909 3021 2983 t,
3069 2903 3206 2981 quia

590 3008 888 3085 integrum
936 3008 1067 3068 eius
1113 3009 1191 3067 sit
1237 3000 1446 3068 ‘satis'.

769 3229 800 3277 2
839 3225 901 3278 at
936 3224 985 3279 si
1022 3223 1116 3282 ςΟ
1149 3239 1213 3277 ac
1251 3220 1299 3277 si
1332 3219 1452 3276 AB
1590 3221 1904 3290 quamlibet
1937 3220 1992 3274 B
2028 3220 2323 3291 quodlibet
2359 3220 2475 3276 AG
2595 3226 2626 3275 3
2666 3224 2853 3278 servat
2888 3241 2946 3278 m
2981 3224 3207 3280 litterae

590 3318 786 3357 sonum
825 3321 928 3358 om.
969 3304 1025 3358 A
1195 3308 1231 3357 4
1267 3302 1351 3356 ita
1388 3318 1514 3355 cum
1551 3301 1735 3355 vocali
1772 3300 2107 3371 exprimere,
2144 3300 2292 3355 sicut
2327 3318 2453 3355 cum
2491 3304 2829 3357 consonante
2864 3321 2921 3357 m
2958 3305 3205 3361 litteram

590 3383 936 3453 supprimere
974 3384 1200 3439 coniecit
1239 3382 1603 3437 Schneiderus
1635 3396 1863 3451 yramm.
1905 3380 2000 3435 lat.
2030 3380 2073 3432 I
2097 3397 2159 3449 p.
2190 3383 2301 3434 305
2445 3386 2476 3433 5
2512 3380 2742 3446 fortasse
2776 3383 2942 3452 Apud
2970 3383 3211 3441 Graecos

597 3466 687 3518 est
723 3464 1002 3532 quaedam
1201 3471 1232 3518 6
1271 3462 1427 3533 quia]
1460 3479 1601 3531 quae
1631 3461 1813 3517 ABG
1997 3476 2063 3514 ex
2100 3476 2326 3530 gamma
2361 3461 2528 3516 litera
2561 3461 2770 3517 habere
2804 3463 3031 3518 uidetur
3065 3466 3114 3521 0

594 3549 623 3597 ’1
664 3543 992 3598 coniunctas
1029 3543 1273 3613 vocales]
1312 3545 1513 3598 rectius
1549 3561 1585 3598 v
1622 3543 1978 3597 coniunctam
2014 3539 2198 3594 vocali
2351 3546 2383 3594 9
2423 3558 2591 3610 quam
2631 3543 2690 3596 et
2726 3543 2873 3598 aeoli
2909 3545 2963 3598 A
3000 3553 3115 3613 qua
3152 3549 3210 3601 et

591 3622 705 3677 eoli
744 3623 791 3677 0
831 3640 976 3692 quae
1023 3625 1082 3678 et
1127 3623 1272 3679 aeoli
1308 3623 1408 3682 Bc,-
1455 3624 1604 3694 quod
1658 3625 1717 3677 et
1753 3620 1917 3676 Aeoli
1956 3618 2154 3675 Carrio
2296 3622 2476 3676 nostri
2512 3623 2627 3690 AC
2665 3641 2775 3679 non
2811 3623 2891 3690 Β,
2929 3640 3028 3679 om.
3070 3641 3103 3683 ς

597 3709 663 3756 10
702 3703 995 3758 Terentius
1023 3703 1202 3758 Varro
1239 3719 1273 3761 ς
1311 3706 1580 3761 terentius
1618 3722 1720 3760 usu
1756 3718 1883 3756 raro
1921 3699 2108 3754 ABG.
2163 3699 2432 3757 Varronis
2462 3708 2813 3774 praeceptum
2850 3721 2916 3759 ex
2951 3704 3109 3759 libris
3144 3707 3210 3760 de

591 3783 803 3851 oriyine
858 3785 1081 3860 linquae
1135 3786 1342 3840 latinae
1395 3789 1631 3856 petitum
1677 3800 1782 3838 esse
1828 3781 2053 3836 coniecit
2098 3778 2430 3837 Ritachelius
2474 3788 2676 3852 quaest.
2728 3782 2961 3837 Varron.
3005 3800 3067 3853 p.
3114 3789 3209 3851 27,

591 3864 749 3918 libris
795 3865 861 3919 de
905 3881 1142 3919 sermone
1189 3866 1364 3920 latino
1410 3867 1607 3921 tribuit
1657 3861 2061 3918 Wilmannsius
2097 3859 2164 3913 de
2211 3860 2373 3916 Varr.
2414 3863 2535 3916 libr.
2572 3878 2799 3931 qramm.
2837 3880 2894 3932 p.
2934 3869 3028 3920 92.
3067 3870 3209 3920 176.-

591 3945 662 4011 εἰ.
700 3944 974 4000 Priscian.
1013 3946 1047 4001 l.
1088 3946 1129 3999 Ι
1155 3963 1216 4015 p.
1256 3953 1325 4001 15
1474 3952 1537 4000 11
1578 3940 1876 4014 perscribit
1910 3941 2062 3996 vAv
2100 3941 2456 4008 Ritschelius,
2492 3940 2795 4012 perscribit
2830 3959 2904 3997 ua
2937 3943 3056 3998 AC
3085 3961 3207 4013 per·

592 4025 760 4079 cribit
793 4042 871 4078 ua
904 4025 959 4078 B
1108 4033 1171 4080 12
1210 4027 1261 4081 V
1288 4020 1564 4095 littefflm]
1604 4040 1641 4076 u
1676 4022 1720 4076 l'
1751 4021 1837 4075 ita
1874 4021 1929 4075 A
2071 4027 2142 4076 14
2177 4022 2285 4077 hoc
2321 4027 2351 4076 ὃ
2391 4021 2538 4076 enim
2579 4021 2626 4076 Ο
2770 4027 2833 4076 15
2872 4024 3057 4078 vocali
3094 4026 3205 4097 est]

591 4104 790 4158 uocale
836 4120 973 4159 corr.
1013 4105 1077 4160 -li
1118 4106 1165 4160 0
1342 4111 1408 4160 16
1454 4104 1582 4175 vae]
1633 4118 1829 4157 uerum
1867 4103 1937 4157 A.
1993 4103 2230 4169 sortasse
2277 4117 2420 4171 quae
2468 4102 2764 4171 scripserat
2801 4102 3107 4172 Cornutus,
3143 4114 3207 4161 ut

590 4185 690 4238 hoc
726 4185 963 4254 exemplo
991 4186 1255 4254 probaret
1283 4204 1320 4254 q
1358 4186 1541 4239 littam
1569 4182 1923 4251 praecedente
1950 4200 1987 4235 u
2025 4183 2261 4237 litteram
2287 4200 2402 4236 non
2429 4182 2666 4237 obtinere
2692 4183 2896 4237 vocalis
2932 4186 3106 4240 locum

590 4283 865 4336 nusquam
903 4282 1082 4336 neque
1120 4265 1270 4335 apud
1310 4264 1551 4319 Graecos
1574 4261 1788 4328 ‚carrio
1939 4268 2003 4317 17
2042 4264 2263 4317 constat
2293 4262 2562 4317 Similiter
2590 4277 2762 4331 quare
2795 4263 2993 4331 (quare
3021 4281 3121 4320 om.
3152 4267 3206 4334 ς)

590 4345 629 4398 h
677 4363 898 4415 quoque
935 4345 1222 4416 digamma
1270 4344 1378 4399 erit
1421 4345 1479 4398 et
1522 4342 1668 4397 duae
1716 4340 1940 4395 uocales
1988 4342 2249 4398 similiter
2294 4343 2390 4398 sed
2429 4342 2594 4399 ΑΒς
2642 4346 2692 4395 et
2727 4343 2905 4397 verbis
2949 4346 3210 4400 similiter

592 4442 765 4495 quare
810 4457 880 4467 —-
927 4425 1188 4480 similiter
1231 4426 1294 4479 in
1339 4424 1589 4494 mai-yine
1635 4423 1844 4478 additis
1893 4421 1961 4491 C',
2009 4425 2258 4490 constat,
2308 4439 2480 4491 quare
2532 4420 2793 4476 similiter
2842 4423 2933 4479 hio
2983 4439 3206 4495 quoque

593 4506 881 4578 digamma
917 4506 1024 4561 erit
1062 4508 1121 4561 et
1156 4506 1300 4561 duae
1341 4505 1562 4561 uocales
1599 4501 1876 4558 similiter.
1934 4500 2044 4557 Sed
2083 4502 2280 4556 Carrio
2464 4508 2527 4556 19
2575 4501 2634 4556 in
2679 4504 3009 4572 quaestione
3044 4507 3099 4560 A

594 4592 662 4640 20
699 4587 813 4642 scio
850 4587 1043 4641 sedum
1081 4586 1253 4641 fuisse
1291 4601 1341 4644 ς.
1397 4587 1466 4653 cs.
1507 4584 1720 4640 Chen-ia.
1755 4599 1811 4651 p.
1848 4587 1979 4648 112,
2015 4588 2050 4637 5
2088 4582 2282 4637 sedum
2320 4581 2468 4636 enim
2506 4580 2725 4650 antiqui
2760 4600 2862 4652 pro
2901 4584 2999 4639 sed
3035 4600 3206 4655 pone-

591 4666 732 4721 bant
898 4683 1000 4737 pro
1037 4684 1135 4722 om.
1175 4666 1357 4721 ABG
1520 4671 1587 4718 21
1626 4663 1687 4717 in
1724 4680 1887 4717 usum
1923 4662 1978 4716 B
2148 4669 2217 4717 22
2266 4661 2315 4716 si
2351 4678 2588 4731 quaeras
2626 4662 2715 4715 sat
2751 4664 2993 4731 qualiter
3035 4662 3205 4719 scribi

594 4749 816 4816 oportet
851 4747 1100 4802 dicemus
1135 4748 1235 4805 Βς
1273 4746 1322 4800 si
1359 4746 1661 4815 quaeratur
1696 4761 1722 4796 s
1749 4743 1794 4797 ὣ
1831 4743 2073 4812 qualiter
2099 4741 2266 4799 scribi
2304 4745 2528 4813 oportet
2563 4743 2870 4799 diceremus
2896 4744 2952 4798 A
2988 4743 3036 4798 si
3071 4760 3204 4812 que·

594 4829 685 4880 rat
729 4828 817 4881 sat
863 4827 1075 4895 qualite
1113 4829 1273 4895 (corr.
1312 4826 1555 4896 qualiter
1591 4827 1639 4896 c)
1677 4822 1846 4879 scribi
1883 4826 2106 4894 oportet
2141 4823 2449 4879 diceremus
2492 4823 2558 4893 C,
2607 4823 2654 4878 si
2691 4825 3073 4894 quaereretur,
3112 4826 3200 4877 sat

595 4922 709 4975 qua
743 4904 942 4960 littera
977 4904 1146 4959 scribi
1185 4908 1467 4974 oporteat,
1506 4903 1818 4961 diceremus
1859 4904 2054 4958 Carrio
2197 4902 2355 4975 quia]
2395 4903 2546 4973 quod
2583 4903 2701 4959 AG
