<?xml version="1.0" encoding="UTF-8"?>
<!DOCTYPE html PUBLIC "-//W3C//DTD XHTML 1.0 Transitional//EN"
    "http://www.w3.org/TR/xhtml1/DTD/xhtml1-transitional.dtd">
<html xmlns="http://www.w3.org/1999/xhtml" xml:lang="en" lang="en">
 <head>
  <title>
</title>
<meta http-equiv="Content-Type" content="text/html;charset=utf-8" />
  <meta name='ocr-system' content='tesseract 3.04.00' />
  <meta name='ocr-capabilities' content='ocr_page ocr_carea ocr_par ocr_line ocrx_word'/>
</head>
<body>
  <div class='ocr_page' id='page_1' title='image "./grammaticilatin09keilgoog_0202.png"; bbox 0 0 3613 5528; ppageno 0'>
   <div class='ocr_carea' id='block_1_1' title="bbox 609 390 2151 539">
    <p class='ocr_par' dir='ltr' id='par_1_1' title="bbox 609 390 2151 539">
     <span class='ocr_line' id='line_1_1' title="bbox 617 390 2151 456; baseline -0.005 -2"><span class='ocrx_word' id='word_1_1' title='bbox 617 391 744 456; x_wconf 81' lang='grc'><strong>192</strong></span> <span class='ocrx_word' id='word_1_2' title='bbox 1693 390 2151 448; x_wconf 78' lang='lat' dir='ltr'>CASSIODORII</span> 
     </span>
     <span class='ocr_line' id='line_1_2' title="bbox 609 492 868 539; baseline 0 -7"><span class='ocrx_word' id='word_1_3' title='bbox 609 503 652 539; x_wconf 81' lang='lat' dir='ltr'><strong>p.</strong></span> <span class='ocrx_word' id='word_1_4' title='bbox 683 494 789 533; x_wconf 79' lang='lat'>2³07</span> <span class='ocrx_word' id='word_1_5' title='bbox 818 492 868 532; x_wconf 73' lang='lat' dir='ltr'><strong>r.</strong></span> 
     </span>
    </p>
   </div>
   <div class='ocr_carea' id='block_1_2' title="bbox 603 575 3313 2153">
    <p class='ocr_par' dir='ltr' id='par_1_2' title="bbox 603 575 3313 2153">
     <span class='ocr_line' id='line_1_3' title="bbox 610 575 3225 660; baseline 0.001 -24"><span class='ocrx_word' id='word_1_6' title='bbox 610 576 747 639; x_wconf 91' lang='lat' dir='ltr'><strong>liter</strong></span> <span class='ocrx_word' id='word_1_7' title='bbox 802 575 1219 656; x_wconf 74' lang='lat' dir='ltr'><strong>paenultimam</strong></span> <span class='ocrx_word' id='word_1_8' title='bbox 1286 579 1505 659; x_wconf 87' lang='lat' dir='ltr'><strong>tenuit,</strong></span> <span class='ocrx_word' id='word_1_9' title='bbox 1570 584 1633 639; x_wconf 87' lang='lat' dir='ltr'><strong>et</strong></span> <span class='ocrx_word' id='word_1_10' title='bbox 1696 577 2004 639; x_wconf 88' lang='lat' dir='ltr'><strong>sciendum</strong></span> <span class='ocrx_word' id='word_1_11' title='bbox 2059 577 2245 658; x_wconf 92' lang='lat' dir='ltr'><strong>quod,</strong></span> <span class='ocrx_word' id='word_1_12' title='bbox 2311 581 2434 639; x_wconf 89' lang='lat' dir='ltr'><strong>sive</strong></span> <span class='ocrx_word' id='word_1_13' title='bbox 2494 588 2673 640; x_wconf 87' lang='lat' dir='ltr'><strong>erunt</strong></span> <span class='ocrx_word' id='word_1_14' title='bbox 2732 577 3037 660; x_wconf 79' lang='lat' dir='ltr'><strong>disyllaba,</strong></span> <span class='ocrx_word' id='word_1_15' title='bbox 3103 580 3225 639; x_wconf 90' lang='lat' dir='ltr'><strong>sive</strong></span> 
     </span>
     <span class='ocr_line' id='line_1_4' title="bbox 609 681 3227 766; baseline 0.002 -24"><span class='ocrx_word' id='word_1_16' title='bbox 609 681 769 743; x_wconf 88' lang='lat' dir='ltr'><strong>hunc</strong></span> <span class='ocrx_word' id='word_1_17' title='bbox 824 683 1231 762; x_wconf 79' lang='lat' dir='ltr'><strong>ampliaverint</strong></span> <span class='ocrx_word' id='word_1_18' title='bbox 1286 702 1632 766; x_wconf 87' lang='lat' dir='ltr'><strong>numerum,</strong></span> <span class='ocrx_word' id='word_1_19' title='bbox 1700 687 1822 746; x_wconf 89' lang='lat' dir='ltr'><strong>sive</strong></span> <span class='ocrx_word' id='word_1_20' title='bbox 1881 687 2060 745; x_wconf 91' lang='lat' dir='ltr'><strong>unius</strong></span> <span class='ocrx_word' id='word_1_21' title='bbox 2116 703 2221 746; x_wconf 90' lang='lat' dir='ltr'><strong>seu</strong></span> <span class='ocrx_word' id='word_1_22' title='bbox 2280 687 2463 747; x_wconf 88' lang='lat' dir='ltr'><strong>trium</strong></span> <span class='ocrx_word' id='word_1_23' title='bbox 2519 704 2806 765; x_wconf 84' lang='lat' dir='ltr'><strong>generum</strong></span> <span class='ocrx_word' id='word_1_24' title='bbox 2861 687 3112 766; x_wconf 82' lang='lat' dir='ltr'><strong>fuerint,</strong></span> <span class='ocrx_word' id='word_1_25' title='bbox 3176 687 3227 746; x_wconf 89' lang='lat' dir='ltr'><strong>si</strong></span> 
     </span>
     <span class='ocr_line' id='line_1_5' title="bbox 610 788 3225 872; baseline 0.002 -24"><span class='ocrx_word' id='word_1_26' title='bbox 610 789 930 850; x_wconf 88' lang='lat' dir='ltr'><strong>secundam</strong></span> <span class='ocrx_word' id='word_1_27' title='bbox 969 789 1041 849; x_wconf 88' lang='lat' dir='ltr'><strong>ab</strong></span> <span class='ocrx_word' id='word_1_28' title='bbox 1082 788 1286 852; x_wconf 90' lang='lat' dir='ltr'><strong>ultima</strong></span> <span class='ocrx_word' id='word_1_29' title='bbox 1333 789 1564 871; x_wconf 89' lang='lat' dir='ltr'><strong>longam</strong></span> <span class='ocrx_word' id='word_1_30' title='bbox 1611 789 1895 872; x_wconf 88' lang='lat' dir='ltr'><strong>habeant,</strong></span> <span class='ocrx_word' id='word_1_31' title='bbox 1941 794 2134 852; x_wconf 90' lang='lat' dir='ltr'><strong>omnia</strong></span> <span class='ocrx_word' id='word_1_32' title='bbox 2182 810 2292 872; x_wconf 89' lang='lat' dir='ltr'><strong>per</strong></span> <span class='ocrx_word' id='word_1_33' title='bbox 2328 812 2362 852; x_wconf 88' lang='lat' dir='ltr'><strong>v</strong></span> <span class='ocrx_word' id='word_1_34' title='bbox 2409 792 2672 854; x_wconf 85' lang='lat' dir='ltr'><strong>vocalem</strong></span> <span class='ocrx_word' id='word_1_35' title='bbox 2715 811 2825 872; x_wconf 90' lang='lat' dir='ltr'><strong>pro</strong></span> <span class='ocrx_word' id='word_1_36' title='bbox 2864 799 3225 854; x_wconf 77' lang='lat' dir='ltr'><strong>consonante</strong></span> 
     </span>
     <span class='ocr_line' id='line_1_6' title="bbox 610 895 3224 979; baseline 0.002 -25"><span class='ocrx_word' id='word_1_37' title='bbox 610 895 979 978; x_wconf 75' lang='lat' dir='ltr'><strong>scribentur,</strong></span> <span class='ocrx_word' id='word_1_38' title='bbox 1025 905 1094 958; x_wconf 94' lang='lat' dir='ltr'><strong>ut</strong></span> <span class='ocrx_word' id='word_1_39' title='bbox 1138 899 1302 958; x_wconf 88' lang='lat' dir='ltr'><strong>rivus</strong></span> <span class='ocrx_word' id='word_1_40' title='bbox 1348 897 1536 959; x_wconf 90' lang='lat' dir='ltr'><strong>clivus</strong></span> <span class='ocrx_word' id='word_1_41' title='bbox 1583 898 1768 960; x_wconf 86' lang='lat' dir='ltr'><strong>ssavus</strong></span> <span class='ocrx_word' id='word_1_42' title='bbox 1813 900 2104 978; x_wconf 80' lang='lat' dir='ltr'><strong>positivus</strong></span> <span class='ocrx_word' id='word_1_43' title='bbox 2141 901 2575 979; x_wconf 81' lang='lat' dir='ltr'><strong>comparativus</strong></span> <span class='ocrx_word' id='word_1_44' title='bbox 2612 908 2673 961; x_wconf 91' lang='lat' dir='ltr'><strong>et</strong></span> <span class='ocrx_word' id='word_1_45' title='bbox 2718 899 2871 961; x_wconf 89' lang='lat' dir='ltr'><strong>talia.</strong></span> <span class='ocrx_word' id='word_1_46' title='bbox 2944 901 3224 961; x_wconf 90' lang='lat' dir='ltr'><strong>memine-</strong></span> 
     </span>
     <span class='ocr_line' id='line_1_7' title="bbox 611 991 3313 1086; baseline 0 -25"><span class='ocrx_word' id='word_1_47' title='bbox 611 1004 798 1062; x_wconf 89' lang='lat' dir='ltr'><strong>rimus</strong></span> <span class='ocrx_word' id='word_1_48' title='bbox 845 1011 1042 1065; x_wconf 90' lang='lat' dir='ltr'><strong>tamen</strong></span> <span class='ocrx_word' id='word_1_49' title='bbox 1092 1003 1248 1084; x_wconf 92' lang='lat' dir='ltr'><strong>quod</strong></span> <span class='ocrx_word' id='word_1_50' title='bbox 1299 1003 1603 1066; x_wconf 87' lang='lat' dir='ltr'><strong>mobilium</strong></span> <span class='ocrx_word' id='word_1_51' title='bbox 1647 1007 1954 1067; x_wconf 87' lang='lat' dir='ltr'><strong>nominum</strong></span> <span class='ocrx_word' id='word_1_52' title='bbox 2001 991 2283 1067; x_wconf 81' lang='lat' dir='ltr'><strong>feminina</strong></span> <span class='ocrx_word' id='word_1_53' title='bbox 2331 1016 2662 1086; x_wconf 87' lang='lat' dir='ltr'><strong>neutraque</strong></span> <span class='ocrx_word' id='word_1_54' title='bbox 2709 1025 2928 1086; x_wconf 90' lang='lat' dir='ltr'><strong>genera</strong></span> <span class='ocrx_word' id='word_1_55' title='bbox 2974 1005 3227 1068; x_wconf 88' lang='lat' dir='ltr'><strong>similem</strong></span> <span class='ocrx_word' id='word_1_56' title='bbox 3285 1022 3313 1061; x_wconf 84' lang='lat'><strong>5</strong></span> 
     </span>
     <span class='ocr_line' id='line_1_8' title="bbox 615 1109 3228 1194; baseline 0.001 -24"><span class='ocrx_word' id='word_1_57' title='bbox 615 1109 1076 1172; x_wconf 89' lang='lat' dir='ltr'><strong>masculinorum</strong></span> <span class='ocrx_word' id='word_1_58' title='bbox 1125 1130 1374 1172; x_wconf 90' lang='lat' dir='ltr'><strong>suorum</strong></span> <span class='ocrx_word' id='word_1_59' title='bbox 1420 1114 1778 1192; x_wconf 85' lang='lat' dir='ltr'><strong>scripturam</strong></span> <span class='ocrx_word' id='word_1_60' title='bbox 1825 1114 2190 1194; x_wconf 89' lang='lat' dir='ltr'><strong>suscipiunt,</strong></span> <span class='ocrx_word' id='word_1_61' title='bbox 2235 1122 2303 1174; x_wconf 87' lang='lat' dir='ltr'><strong>ut</strong></span> <span class='ocrx_word' id='word_1_62' title='bbox 2349 1112 2532 1174; x_wconf 86' lang='lat' dir='ltr'><strong>ssavus</strong></span> <span class='ocrx_word' id='word_1_63' title='bbox 2578 1113 2724 1174; x_wconf 89' lang='lat' dir='ltr'><strong>ssava</strong></span> <span class='ocrx_word' id='word_1_64' title='bbox 2771 1113 3013 1194; x_wconf 88' lang='lat' dir='ltr'><strong>ssavum,</strong></span> <span class='ocrx_word' id='word_1_65' title='bbox 3059 1112 3228 1174; x_wconf 90' lang='lat' dir='ltr'><strong>albus</strong></span> 
     </span>
     <span class='ocr_line' id='line_1_9' title="bbox 607 1214 3229 1300; baseline 0.002 -25"><span class='ocrx_word' id='word_1_66' title='bbox 607 1214 737 1277; x_wconf 89' lang='lat' dir='ltr'><strong>alba</strong></span> <span class='ocrx_word' id='word_1_67' title='bbox 779 1215 976 1278; x_wconf 89' lang='lat' dir='ltr'><strong>album</strong></span> <span class='ocrx_word' id='word_1_68' title='bbox 1015 1236 1083 1278; x_wconf 90' lang='lat' dir='ltr'><strong>ac</strong></span> <span class='ocrx_word' id='word_1_69' title='bbox 1122 1218 1273 1281; x_wconf 89' lang='lat' dir='ltr'><strong>talia.</strong></span> <span class='ocrx_word' id='word_1_70' title='bbox 1339 1218 1443 1279; x_wconf 89' lang='lat' dir='ltr'><strong>sed</strong></span> <span class='ocrx_word' id='word_1_71' title='bbox 1483 1221 1618 1299; x_wconf 91' lang='lat' dir='ltr'><strong>quia</strong></span> <span class='ocrx_word' id='word_1_72' title='bbox 1658 1237 1777 1281; x_wconf 92' lang='lat' dir='ltr'><strong>non</strong></span> <span class='ocrx_word' id='word_1_73' title='bbox 1817 1222 2012 1281; x_wconf 89' lang='lat' dir='ltr'><strong>omnia</strong></span> <span class='ocrx_word' id='word_1_74' title='bbox 2049 1222 2110 1280; x_wconf 91' lang='lat' dir='ltr'><strong>in</strong></span> <span class='ocrx_word' id='word_1_75' title='bbox 2152 1219 2266 1281; x_wconf 90' lang='lat' dir='ltr'><strong>bus</strong></span> <span class='ocrx_word' id='word_1_76' title='bbox 2305 1219 2635 1282; x_wconf 81' lang='lat' dir='ltr'><strong>desinentia</strong></span> <span class='ocrx_word' id='word_1_77' title='bbox 2672 1223 2936 1282; x_wconf 83' lang='lat' dir='ltr'><strong>existunt</strong></span> <span class='ocrx_word' id='word_1_78' title='bbox 2975 1219 3229 1300; x_wconf 89' lang='lat' dir='ltr'><strong>mobilia,</strong></span> 
     </span>
     <span class='ocr_line' id='line_1_10' title="bbox 609 1316 3224 1406; baseline 0.002 -25"><span class='ocrx_word' id='word_1_79' title='bbox 609 1324 769 1384; x_wconf 88' lang='lat' dir='ltr'><strong>sicut</strong></span> <span class='ocrx_word' id='word_1_80' title='bbox 815 1325 874 1384; x_wconf 89' lang='lat' dir='ltr'><strong>in</strong></span> <span class='ocrx_word' id='word_1_81' title='bbox 921 1316 1214 1405; x_wconf 86' lang='lat' dir='ltr'><strong>principio</strong></span> <span class='ocrx_word' id='word_1_82' title='bbox 1263 1324 1439 1387; x_wconf 89' lang='lat' dir='ltr'><strong>huius</strong></span> <span class='ocrx_word' id='word_1_83' title='bbox 1487 1325 1724 1406; x_wconf 87' lang='lat' dir='ltr'><strong>regulae</strong></span> <span class='ocrx_word' id='word_1_84' title='bbox 1772 1345 1990 1405; x_wconf 88' lang='lat' dir='ltr'><strong>genera</strong></span> <span class='ocrx_word' id='word_1_85' title='bbox 2038 1326 2368 1388; x_wconf 79' lang='lat' dir='ltr'><strong>dividentes</strong></span> <span class='ocrx_word' id='word_1_86' title='bbox 2407 1346 2515 1387; x_wconf 91' lang='lat' dir='ltr'><strong>nos</strong></span> <span class='ocrx_word' id='word_1_87' title='bbox 2562 1327 2918 1388; x_wconf 87' lang='lat' dir='ltr'><strong>disseruisse</strong></span> <span class='ocrx_word' id='word_1_88' title='bbox 2949 1328 3224 1406; x_wconf 58' lang='lat' dir='ltr'><strong>⁴memini-</strong></span> 
     </span>
     <span class='ocr_line' id='line_1_11' title="bbox 611 1422 3227 1515; baseline 0.001 -26"><span class='ocrx_word' id='word_1_89' title='bbox 611 1447 743 1489; x_wconf 86' lang='lat' dir='ltr'><strong>mus</strong></span> <span class='ocrx_word' id='word_1_90' title='bbox 797 1422 1115 1511; x_wconf 87' lang='lat' dir='ltr'><strong>(quaedam</strong></span> <span class='ocrx_word' id='word_1_91' title='bbox 1169 1434 1329 1492; x_wconf 88' lang='lat' dir='ltr'><strong>enim</strong></span> <span class='ocrx_word' id='word_1_92' title='bbox 1384 1433 1694 1494; x_wconf 89' lang='lat' dir='ltr'><strong>masculini</strong></span> <span class='ocrx_word' id='word_1_93' title='bbox 1748 1436 1988 1513; x_wconf 88' lang='lat' dir='ltr'><strong>generis</strong></span> <span class='ocrx_word' id='word_1_94' title='bbox 2042 1436 2427 1512; x_wconf 77' lang='lat' dir='ltr'><strong>inveniuntur</strong></span> <span class='ocrx_word' id='word_1_95' title='bbox 2483 1433 2879 1515; x_wconf 82' lang='lat' dir='ltr'><strong>solummodo,</strong></span> <span class='ocrx_word' id='word_1_96' title='bbox 2935 1442 3004 1495; x_wconf 91' lang='lat' dir='ltr'><strong>ut</strong></span> <span class='ocrx_word' id='word_1_97' title='bbox 3056 1433 3227 1494; x_wconf 89' lang='lat' dir='ltr'><strong>cibus</strong></span> 
     </span>
     <span class='ocr_line' id='line_1_12' title="bbox 611 1535 3311 1623; baseline 0.002 -28"><span class='ocrx_word' id='word_1_98' title='bbox 611 1535 877 1617; x_wconf 78' lang='lat' dir='ltr'><strong>nimbuS,</strong></span> <span class='ocrx_word' id='word_1_99' title='bbox 923 1537 1208 1617; x_wconf 88' lang='lat' dir='ltr'><strong>quaedam</strong></span> <span class='ocrx_word' id='word_1_100' title='bbox 1248 1540 1557 1601; x_wconf 89' lang='lat' dir='ltr'><strong>masculini</strong></span> <span class='ocrx_word' id='word_1_101' title='bbox 1603 1548 1665 1601; x_wconf 90' lang='lat' dir='ltr'><strong>et</strong></span> <span class='ocrx_word' id='word_1_102' title='bbox 1711 1540 2012 1621; x_wconf 82' lang='lat' dir='ltr'><strong>feminini,</strong></span> <span class='ocrx_word' id='word_1_103' title='bbox 2060 1549 2126 1602; x_wconf 93' lang='lat' dir='ltr'><strong>ut</strong></span> <span class='ocrx_word' id='word_1_104' title='bbox 2170 1560 2382 1603; x_wconf 87' lang='lat' dir='ltr'><strong>cervus</strong></span> <span class='ocrx_word' id='word_1_105' title='bbox 2420 1560 2620 1623; x_wconf 88' lang='lat' dir='ltr'><strong>cerva,</strong></span> <span class='ocrx_word' id='word_1_106' title='bbox 2666 1541 2954 1621; x_wconf 86' lang='lat' dir='ltr'><strong>quaedam</strong></span> <span class='ocrx_word' id='word_1_107' title='bbox 2998 1549 3227 1623; x_wconf 86' lang='lat' dir='ltr'><strong>neutra,</strong></span> <span class='ocrx_word' id='word_1_108' title='bbox 3260 1558 3311 1595; x_wconf 87' lang='lat'><strong>10</strong></span> 
     </span>
     <span class='ocr_line' id='line_1_13' title="bbox 607 1638 3226 1729; baseline 0.002 -27"><span class='ocrx_word' id='word_1_109' title='bbox 607 1649 676 1702; x_wconf 90' lang='lat' dir='ltr'><strong>ut</strong></span> <span class='ocrx_word' id='word_1_110' title='bbox 721 1638 957 1726; x_wconf 87' lang='lat' dir='ltr'><strong>aevum)</strong></span> <span class='ocrx_word' id='word_1_111' title='bbox 1022 1645 1329 1706; x_wconf 89' lang='lat' dir='ltr'><strong>sciendum</strong></span> <span class='ocrx_word' id='word_1_112' title='bbox 1385 1645 1542 1726; x_wconf 92' lang='lat' dir='ltr'><strong>quod</strong></span> <span class='ocrx_word' id='word_1_113' title='bbox 1600 1649 1778 1708; x_wconf 88' lang='lat' dir='ltr'><strong>etiam</strong></span> <span class='ocrx_word' id='word_1_114' title='bbox 1834 1655 2073 1729; x_wconf 88' lang='lat' dir='ltr'><strong>neutra,</strong></span> <span class='ocrx_word' id='word_1_115' title='bbox 2129 1666 2279 1727; x_wconf 89' lang='lat' dir='ltr'><strong>quae</strong></span> <span class='ocrx_word' id='word_1_116' title='bbox 2328 1667 2359 1708; x_wconf 92' lang='lat' dir='ltr'><strong>a</strong></span> <span class='ocrx_word' id='word_1_117' title='bbox 2406 1649 2753 1728; x_wconf 79' lang='lat' dir='ltr'><strong>posteritate</strong></span> <span class='ocrx_word' id='word_1_118' title='bbox 2812 1646 2926 1707; x_wconf 90' lang='lat' dir='ltr'><strong>bus</strong></span> <span class='ocrx_word' id='word_1_119' title='bbox 2973 1645 3226 1726; x_wconf 85' lang='lat' dir='ltr'><strong>syllabae</strong></span> 
     </span>
     <span class='ocr_line' id='line_1_14' title="bbox 609 1752 3226 1835; baseline 0.002 -27"><span class='ocrx_word' id='word_1_120' title='bbox 609 1768 728 1809; x_wconf 91' lang='lat' dir='ltr'><strong>non</strong></span> <span class='ocrx_word' id='word_1_121' title='bbox 769 1752 1040 1832; x_wconf 88' lang='lat' dir='ltr'><strong>veniunt,</strong></span> <span class='ocrx_word' id='word_1_122' title='bbox 1085 1771 1194 1831; x_wconf 90' lang='lat' dir='ltr'><strong>per</strong></span> <span class='ocrx_word' id='word_1_123' title='bbox 1231 1772 1266 1812; x_wconf 90' lang='lat' dir='ltr'><strong>v</strong></span> <span class='ocrx_word' id='word_1_124' title='bbox 1303 1752 1642 1832; x_wconf 85' lang='lat' dir='ltr'><strong>digammon</strong></span> <span class='ocrx_word' id='word_1_125' title='bbox 1680 1752 2057 1835; x_wconf 89' lang='lat' dir='ltr'><strong>scribuntur,</strong></span> <span class='ocrx_word' id='word_1_126' title='bbox 2092 1763 2161 1818; x_wconf 88' lang='lat' dir='ltr'><strong>ut</strong></span> <span class='ocrx_word' id='word_1_127' title='bbox 2196 1773 2371 1815; x_wconf 90' lang='lat' dir='ltr'><strong>ovum</strong></span> <span class='ocrx_word' id='word_1_128' title='bbox 2410 1773 2616 1816; x_wconf 87' lang='lat' dir='ltr'><strong>arvum</strong></span> <span class='ocrx_word' id='word_1_129' title='bbox 2652 1754 2932 1834; x_wconf 82' lang='lat' dir='ltr'><strong>hervum,</strong></span> <span class='ocrx_word' id='word_1_130' title='bbox 2977 1762 3226 1833; x_wconf 88' lang='lat' dir='ltr'><strong>excepto</strong></span> 
     </span>
     <span class='ocr_line' id='line_1_15' title="bbox 608 1851 3228 1944; baseline 0.003 -30"><span class='ocrx_word' id='word_1_131' title='bbox 608 1854 755 1937; x_wconf 92' lang='lat' dir='ltr'><strong>lib0,</strong></span> <span class='ocrx_word' id='word_1_132' title='bbox 812 1855 870 1916; x_wconf 90' lang='lat' dir='ltr'><strong>id</strong></span> <span class='ocrx_word' id='word_1_133' title='bbox 927 1866 1019 1918; x_wconf 89' lang='lat' dir='ltr'><strong>est</strong></span> <span class='ocrx_word' id='word_1_134' title='bbox 1073 1851 1372 1944; x_wconf 76' lang='grc' dir='ltr'><strong><em>ποπάνῳ.</em></strong></span> <span class='ocrx_word' id='word_1_135' title='bbox 1455 1859 1620 1920; x_wconf 90' lang='lat' dir='ltr'><strong>verbi</strong></span> <span class='ocrx_word' id='word_1_136' title='bbox 1677 1861 1836 1921; x_wconf 90' lang='lat' dir='ltr'><strong>enim</strong></span> <span class='ocrx_word' id='word_1_137' title='bbox 1892 1859 2094 1921; x_wconf 89' lang='lat' dir='ltr'><strong>ultima</strong></span> <span class='ocrx_word' id='word_1_138' title='bbox 2151 1860 2368 1940; x_wconf 80' lang='lat' dir='ltr'><strong>syllaba</strong></span> <span class='ocrx_word' id='word_1_139' title='bbox 2424 1879 2532 1940; x_wconf 88' lang='lat' dir='ltr'><strong>per</strong></span> <span class='ocrx_word' id='word_1_140' title='bbox 2578 1860 2616 1920; x_wconf 98' lang='lat' dir='ltr'><strong>b</strong></span> <span class='ocrx_word' id='word_1_141' title='bbox 2672 1868 2897 1922; x_wconf 89' lang='lat' dir='ltr'><strong>mutam</strong></span> <span class='ocrx_word' id='word_1_142' title='bbox 2945 1858 3228 1921; x_wconf 79' lang='lat' dir='ltr'><strong>scribitur</strong></span> 
     </span>
     <span class='ocr_line' id='line_1_16' title="bbox 605 1960 3228 2047; baseline 0.002 -27"><span class='ocrx_word' id='word_1_143' title='bbox 605 1960 716 2021; x_wconf 89' lang='lat' dir='ltr'><strong>hac</strong></span> <span class='ocrx_word' id='word_1_144' title='bbox 772 1961 846 2024; x_wconf 89' lang='lat' dir='ltr'><strong>de</strong></span> <span class='ocrx_word' id='word_1_145' title='bbox 894 1983 1097 2045; x_wconf 88' lang='lat' dir='ltr'><strong>causa,</strong></span> <span class='ocrx_word' id='word_1_146' title='bbox 1154 1965 1313 2044; x_wconf 88' lang='lat' dir='ltr'><strong>quod</strong></span> <span class='ocrx_word' id='word_1_147' title='bbox 1369 1984 1402 2027; x_wconf 92' lang='lat' dir='ltr'><strong>a</strong></span> <span class='ocrx_word' id='word_1_148' title='bbox 1448 1966 1695 2027; x_wconf 88' lang='lat' dir='ltr'><strong>verbere</strong></span> <span class='ocrx_word' id='word_1_149' title='bbox 1751 1966 1974 2028; x_wconf 89' lang='lat' dir='ltr'><strong>dictum</strong></span> <span class='ocrx_word' id='word_1_150' title='bbox 2022 1985 2155 2027; x_wconf 88' lang='lat' dir='ltr'><strong>esse</strong></span> <span class='ocrx_word' id='word_1_151' title='bbox 2214 1976 2447 2029; x_wconf 87' lang='lat' dir='ltr'><strong>veteres</strong></span> <span class='ocrx_word' id='word_1_152' title='bbox 2495 1969 3007 2047; x_wconf 86' lang='lat' dir='ltr'><strong>existimaverunt,</strong></span> <span class='ocrx_word' id='word_1_153' title='bbox 3053 1967 3228 2026; x_wconf 87' lang='lat' dir='ltr'><strong>cuius</strong></span> 
     </span>
     <span class='ocr_line' id='line_1_17' title="bbox 603 2067 3309 2153; baseline 0.003 -25"><span class='ocrx_word' id='word_1_154' title='bbox 603 2071 894 2131; x_wconf 88' lang='lat' dir='ltr'><strong>rationem</strong></span> <span class='ocrx_word' id='word_1_155' title='bbox 942 2073 1004 2132; x_wconf 90' lang='lat' dir='ltr'><strong>in</strong></span> <span class='ocrx_word' id='word_1_156' title='bbox 1051 2079 1186 2132; x_wconf 88' lang='lat' dir='ltr'><strong>ante</strong></span> <span class='ocrx_word' id='word_1_157' title='bbox 1233 2071 1366 2133; x_wconf 90' lang='lat' dir='ltr'><strong>latis</strong></span> <span class='ocrx_word' id='word_1_158' title='bbox 1414 2072 1730 2133; x_wconf 88' lang='lat' dir='ltr'><strong>tradidisse</strong></span> <span class='ocrx_word' id='word_1_159' title='bbox 1776 2075 2208 2153; x_wconf 78' lang='lat' dir='ltr'><strong>cognoscimus,</strong></span> <span class='ocrx_word' id='word_1_160' title='bbox 2890 2067 2899 2074; x_wconf 78' lang='grc'><strong><em>’</em></strong></span> <span class='ocrx_word' id='word_1_161' title='bbox 3256 2090 3309 2128; x_wconf 78' lang='lat'><strong>15</strong></span> 
     </span>
    </p>
   </div>
   <div class='ocr_carea' id='block_1_3' title="bbox 604 2242 3234 2634">
    <p class='ocr_par' dir='ltr' id='par_1_3' title="bbox 604 2242 3234 2634">
     <span class='ocr_line' id='line_1_18' title="bbox 784 2242 3227 2314; baseline -0 -19"><span class='ocrx_word' id='word_1_162' title='bbox 784 2248 816 2295; x_wconf 88' lang='lat'><strong>3</strong></span> <span class='ocrx_word' id='word_1_163' title='bbox 854 2258 957 2311; x_wconf 80' lang='lat' dir='ltr'><strong>pro</strong></span> <span class='ocrx_word' id='word_1_164' title='bbox 994 2244 1230 2298; x_wconf 76' lang='lat' dir='ltr'><strong>sonante</strong></span> <span class='ocrx_word' id='word_1_165' title='bbox 1267 2243 1323 2296; x_wconf 99' lang='grc' dir='ltr'><strong><em>Β</em></strong></span> <span class='ocrx_word' id='word_1_166' title='bbox 1430 2250 1465 2298; x_wconf 84' lang='grc'>4</span> <span class='ocrx_word' id='word_1_167' title='bbox 1500 2243 1677 2314; x_wconf 86' lang='lat' dir='ltr'><strong>rivus]</strong></span> <span class='ocrx_word' id='word_1_168' title='bbox 1714 2244 1898 2298; x_wconf 80' lang='lat' dir='ltr'><strong>trinus</strong></span> <span class='ocrx_word' id='word_1_169' title='bbox 1933 2244 1989 2297; x_wconf 83' lang='lat' dir='ltr'><strong><em>A</em></strong></span> <span class='ocrx_word' id='word_1_170' title='bbox 2097 2243 2515 2313; x_wconf 73' lang='lat' dir='ltr'><strong>comparatione</strong></span> <span class='ocrx_word' id='word_1_171' title='bbox 2551 2247 2611 2301; x_wconf 77' lang='lat' dir='ltr'><strong>et</strong></span> <span class='ocrx_word' id='word_1_172' title='bbox 2644 2245 2785 2299; x_wconf 73' lang='lat' dir='ltr'><strong>talia.</strong></span> <span class='ocrx_word' id='word_1_173' title='bbox 2824 2242 3038 2310; x_wconf 79' lang='lat' dir='ltr'><strong>Carrio,</strong></span> <span class='ocrx_word' id='word_1_174' title='bbox 3076 2256 3227 2295; x_wconf 92' lang='lat' dir='ltr'><strong>com-</strong></span> 
     </span>
     <span class='ocr_line' id='line_1_19' title="bbox 609 2319 3228 2394; baseline 0.001 -21"><span class='ocrx_word' id='word_1_175' title='bbox 609 2319 889 2388; x_wconf 79' lang='lat' dir='ltr'><strong>positione</strong></span> <span class='ocrx_word' id='word_1_176' title='bbox 920 2323 979 2376; x_wconf 80' lang='lat' dir='ltr'><strong>et</strong></span> <span class='ocrx_word' id='word_1_177' title='bbox 1004 2322 1119 2376; x_wconf 84' lang='lat' dir='ltr'><strong>alia.</strong></span> <span class='ocrx_word' id='word_1_178' title='bbox 1145 2321 1330 2382; x_wconf 75' lang='lat' dir='ltr'><strong>ABG</strong></span> <span class='ocrx_word' id='word_1_179' title='bbox 1432 2330 1464 2377; x_wconf 88' lang='grc'><strong>6</strong></span> <span class='ocrx_word' id='word_1_180' title='bbox 1500 2326 1567 2378; x_wconf 81' lang='lat' dir='ltr'><strong>nt</strong></span> <span class='ocrx_word' id='word_1_181' title='bbox 1600 2323 1799 2378; x_wconf 79' lang='lat' dir='ltr'><strong>flauius</strong></span> <span class='ocrx_word' id='word_1_182' title='bbox 1835 2324 2004 2378; x_wconf 78' lang='lat' dir='ltr'><strong>flauia</strong></span> <span class='ocrx_word' id='word_1_183' title='bbox 2037 2323 2268 2378; x_wconf 81' lang='lat' dir='ltr'><strong>flauium</strong></span> <span class='ocrx_word' id='word_1_184' title='bbox 2308 2323 2356 2377; x_wconf 82' lang='grc' dir='ltr'><em>Ο</em></span> <span class='ocrx_word' id='word_1_185' title='bbox 2459 2329 2489 2378; x_wconf 82' lang='grc'><strong>’1</strong></span> <span class='ocrx_word' id='word_1_186' title='bbox 2529 2323 2627 2379; x_wconf 82' lang='lat' dir='ltr'><strong>sed</strong></span> <span class='ocrx_word' id='word_1_187' title='bbox 2655 2324 2790 2394; x_wconf 85' lang='lat' dir='ltr'><strong>quia.</strong></span> <span class='ocrx_word' id='word_1_188' title='bbox 2815 2341 2929 2378; x_wconf 87' lang='lat' dir='ltr'><strong>non</strong></span> <span class='ocrx_word' id='word_1_189' title='bbox 2957 2323 3145 2378; x_wconf 80' lang='lat' dir='ltr'><strong>omnia.</strong></span> <span class='ocrx_word' id='word_1_190' title='bbox 3171 2322 3228 2376; x_wconf 86' lang='lat' dir='ltr'><em>B</em></span> 
     </span>
     <span class='ocr_line' id='line_1_20' title="bbox 608 2399 3234 2472; baseline 0.002 -20"><span class='ocrx_word' id='word_1_191' title='bbox 608 2399 706 2453; x_wconf 80' lang='lat' dir='ltr'><strong>sed</strong></span> <span class='ocrx_word' id='word_1_192' title='bbox 734 2417 877 2468; x_wconf 79' lang='lat' dir='ltr'><strong>quae</strong></span> <span class='ocrx_word' id='word_1_193' title='bbox 908 2401 1097 2456; x_wconf 77' lang='lat' dir='ltr'><strong>omnia</strong></span> <span class='ocrx_word' id='word_1_194' title='bbox 1125 2401 1238 2454; x_wconf 79' lang='lat' dir='ltr'><strong>AO</strong></span> <span class='ocrx_word' id='word_1_195' title='bbox 1356 2407 1418 2456; x_wconf 90' lang='lat'><strong>11</strong></span> <span class='ocrx_word' id='word_1_196' title='bbox 1452 2402 1850 2470; x_wconf 87' lang='lat' dir='ltr'><strong>sciendumque</strong></span> <span class='ocrx_word' id='word_1_197' title='bbox 1879 2403 2049 2458; x_wconf 79' lang='lat' dir='ltr'><strong>etiam</strong></span> <span class='ocrx_word' id='word_1_198' title='bbox 2078 2406 2276 2458; x_wconf 78' lang='lat' dir='ltr'><strong>neutra.</strong></span> <span class='ocrx_word' id='word_1_199' title='bbox 2310 2404 2366 2457; x_wconf 99' lang='grc' dir='ltr'><strong><em>Β</em></strong></span> <span class='ocrx_word' id='word_1_200' title='bbox 2403 2403 2800 2472; x_wconf 86' lang='lat' dir='ltr'><strong>sciendumque</strong></span> <span class='ocrx_word' id='word_1_201' title='bbox 2828 2410 2859 2458; x_wconf 73' lang='grc' dir='ltr'><strong><em>ὃ</em></strong></span> <span class='ocrx_word' id='word_1_202' title='bbox 2888 2407 3088 2459; x_wconf 79' lang='lat' dir='ltr'><strong>neutra.</strong></span> <span class='ocrx_word' id='word_1_203' title='bbox 3116 2405 3234 2458; x_wconf 77' lang='lat' dir='ltr'><strong>AG</strong></span> 
     </span>
     <span class='ocr_line' id='line_1_21' title="bbox 606 2479 3227 2556; baseline 0.002 -24"><span class='ocrx_word' id='word_1_204' title='bbox 606 2479 893 2534; x_wconf 89' lang='lat' dir='ltr'><strong>sciendum</strong></span> <span class='ocrx_word' id='word_1_205' title='bbox 931 2483 1019 2535; x_wconf 75' lang='lat' dir='ltr'><strong>eat</strong></span> <span class='ocrx_word' id='word_1_206' title='bbox 1054 2480 1204 2551; x_wconf 89' lang='lat' dir='ltr'><strong>quod</strong></span> <span class='ocrx_word' id='word_1_207' title='bbox 1241 2483 1441 2536; x_wconf 82' lang='lat' dir='ltr'><strong>neutra.</strong></span> <span class='ocrx_word' id='word_1_208' title='bbox 1479 2481 1677 2537; x_wconf 79' lang='lat' dir='ltr'><strong>Carrio</strong></span> <span class='ocrx_word' id='word_1_209' title='bbox 1800 2483 2017 2556; x_wconf 72' lang='lat' dir='ltr'><strong>syllabe</strong></span> <span class='ocrx_word' id='word_1_210' title='bbox 2055 2500 2193 2538; x_wconf 77' lang='lat' dir='ltr'><strong>corr.</strong></span> <span class='ocrx_word' id='word_1_211' title='bbox 2228 2483 2325 2537; x_wconf 80' lang='lat' dir='ltr'><strong>-ba,</strong></span> <span class='ocrx_word' id='word_1_212' title='bbox 2359 2483 2416 2536; x_wconf 87' lang='lat' dir='ltr'><em>B</em></span> <span class='ocrx_word' id='word_1_213' title='bbox 2545 2490 2609 2538; x_wconf 82' lang='lat'><strong>12</strong></span> <span class='ocrx_word' id='word_1_214' title='bbox 2649 2483 2967 2538; x_wconf 77' lang='lat' dir='ltr'><strong>scribuntur</strong></span> <span class='ocrx_word' id='word_1_215' title='bbox 3000 2482 3057 2536; x_wconf 90' lang='grc' dir='ltr'><strong><em>Β</em></strong></span> <span class='ocrx_word' id='word_1_216' title='bbox 3092 2483 3227 2537; x_wconf 83' lang='lat' dir='ltr'><strong>scri—</strong></span> 
     </span>
     <span class='ocr_line' id='line_1_22' title="bbox 604 2557 2612 2634; baseline 0.002 -22"><span class='ocrx_word' id='word_1_217' title='bbox 604 2559 811 2613; x_wconf 79' lang='lat' dir='ltr'><strong>bentur</strong></span> <span class='ocrx_word' id='word_1_218' title='bbox 848 2557 966 2613; x_wconf 80' lang='lat' dir='ltr'><strong>AG</strong></span> <span class='ocrx_word' id='word_1_219' title='bbox 1107 2565 1171 2613; x_wconf 81' lang='lat'><strong>15</strong></span> <span class='ocrx_word' id='word_1_220' title='bbox 1212 2562 1599 2631; x_wconf 79' lang='lat' dir='ltr'><strong>cognoscimus</strong></span> <span class='ocrx_word' id='word_1_221' title='bbox 1638 2562 1697 2631; x_wconf 84' lang='lat'><strong>0,</strong></span> <span class='ocrx_word' id='word_1_222' title='bbox 1735 2579 1875 2619; x_wconf 74' lang='lat' dir='ltr'><strong>corr.</strong></span> <span class='ocrx_word' id='word_1_223' title='bbox 1915 2580 2005 2617; x_wconf 85' lang='lat' dir='ltr'><strong>-ur</strong></span> <span class='ocrx_word' id='word_1_224' title='bbox 2041 2563 2097 2616; x_wconf 90' lang='grc' dir='ltr'><strong><em>Β</em></strong></span> <span class='ocrx_word' id='word_1_225' title='bbox 2135 2562 2522 2634; x_wconf 77' lang='lat' dir='ltr'><strong>cognoscimur</strong></span> <span class='ocrx_word' id='word_1_226' title='bbox 2557 2564 2612 2616; x_wconf 79' lang='lat' dir='ltr'><strong><em>A</em></strong></span> 
     </span>
    </p>
   </div>
   <div class='ocr_carea' id='block_1_4' title="bbox 1515 2866 2320 2924">
    <p class='ocr_par' dir='ltr' id='par_1_4' title="bbox 1515 2866 2320 2924">
     <span class='ocr_line' id='line_1_23' title="bbox 1515 2866 2320 2924; baseline 0 -2"><span class='ocrx_word' id='word_1_227' title='bbox 1515 2867 1886 2924; x_wconf 78' lang='lat' dir='ltr'><strong>MARTYRH</strong></span> <span class='ocrx_word' id='word_1_228' title='bbox 1922 2868 2019 2922; x_wconf 90' lang='lat' dir='ltr'><strong>DE</strong></span> <span class='ocrx_word' id='word_1_229' title='bbox 2058 2868 2104 2921; x_wconf 93' lang='lat' dir='ltr'>B</span> <span class='ocrx_word' id='word_1_230' title='bbox 2139 2866 2233 2922; x_wconf 87' lang='grc' dir='ltr'><strong>ΕΤ</strong></span> <span class='ocrx_word' id='word_1_231' title='bbox 2269 2868 2320 2922; x_wconf 89' lang='lat' dir='ltr'><strong>V</strong></span> 
     </span>
    </p>
   </div>
   <div class='ocr_carea' id='block_1_5' title="bbox 519 3032 3308 4605">
    <p class='ocr_par' dir='ltr' id='par_1_5' title="bbox 519 3032 3308 4605">
     <span class='ocr_line' id='line_1_24' title="bbox 609 3032 3226 3116; baseline 0.002 -25"><span class='ocrx_word' id='word_1_232' title='bbox 609 3032 956 3095; x_wconf 87' lang='lat' dir='ltr'><strong>naturaliter</strong></span> <span class='ocrx_word' id='word_1_233' title='bbox 993 3035 1413 3115; x_wconf 85' lang='lat' dir='ltr'><strong>paenultimam</strong></span> <span class='ocrx_word' id='word_1_234' title='bbox 1452 3037 1672 3112; x_wconf 87' lang='lat' dir='ltr'><strong>tenuit,</strong></span> <span class='ocrx_word' id='word_1_235' title='bbox 1721 3044 1781 3096; x_wconf 90' lang='lat' dir='ltr'><strong>et</strong></span> <span class='ocrx_word' id='word_1_236' title='bbox 1819 3035 2126 3096; x_wconf 89' lang='lat' dir='ltr'><strong>sciendum</strong></span> <span class='ocrx_word' id='word_1_237' title='bbox 2166 3034 2353 3115; x_wconf 91' lang='lat' dir='ltr'><strong>quod,</strong></span> <span class='ocrx_word' id='word_1_238' title='bbox 2391 3038 2513 3096; x_wconf 87' lang='lat' dir='ltr'><strong>sive</strong></span> <span class='ocrx_word' id='word_1_239' title='bbox 2554 3044 2732 3097; x_wconf 88' lang='lat' dir='ltr'><strong>erunt</strong></span> <span class='ocrx_word' id='word_1_240' title='bbox 2767 3035 3065 3116; x_wconf 80' lang='lat' dir='ltr'><strong>disyllaba,</strong></span> <span class='ocrx_word' id='word_1_241' title='bbox 3102 3037 3226 3096; x_wconf 86' lang='lat' dir='ltr'><strong>sive</strong></span> 
     </span>
     <span class='ocr_line' id='line_1_25' title="bbox 607 3138 3227 3224; baseline 0.001 -26"><span class='ocrx_word' id='word_1_242' title='bbox 607 3138 765 3199; x_wconf 87' lang='lat' dir='ltr'><strong>bunc</strong></span> <span class='ocrx_word' id='word_1_243' title='bbox 822 3141 1229 3221; x_wconf 87' lang='lat' dir='ltr'><strong>ampliaverint</strong></span> <span class='ocrx_word' id='word_1_244' title='bbox 1285 3159 1631 3224; x_wconf 88' lang='lat' dir='ltr'><strong>numerum,</strong></span> <span class='ocrx_word' id='word_1_245' title='bbox 1686 3143 1808 3202; x_wconf 82' lang='lat' dir='ltr'><strong>siv‘e</strong></span> <span class='ocrx_word' id='word_1_246' title='bbox 1866 3144 2047 3203; x_wconf 91' lang='lat' dir='ltr'><strong>unius</strong></span> <span class='ocrx_word' id='word_1_247' title='bbox 2107 3160 2213 3201; x_wconf 91' lang='lat' dir='ltr'><strong>seu</strong></span> <span class='ocrx_word' id='word_1_248' title='bbox 2285 3142 2465 3202; x_wconf 90' lang='lat' dir='ltr'><strong>trium</strong></span> <span class='ocrx_word' id='word_1_249' title='bbox 2520 3161 2806 3222; x_wconf 87' lang='lat' dir='ltr'><strong>generum</strong></span> <span class='ocrx_word' id='word_1_250' title='bbox 2863 3143 3112 3223; x_wconf 82' lang='lat' dir='ltr'><strong>suerint,</strong></span> <span class='ocrx_word' id='word_1_251' title='bbox 3174 3144 3227 3201; x_wconf 84' lang='lat' dir='ltr'><strong>si</strong></span> 
     </span>
     <span class='ocr_line' id='line_1_26' title="bbox 609 3246 3226 3330; baseline 0.001 -27"><span class='ocrx_word' id='word_1_252' title='bbox 609 3246 928 3307; x_wconf 87' lang='lat' dir='ltr'><strong>secundam</strong></span> <span class='ocrx_word' id='word_1_253' title='bbox 987 3248 1060 3308; x_wconf 91' lang='lat' dir='ltr'><strong>ab</strong></span> <span class='ocrx_word' id='word_1_254' title='bbox 1118 3248 1320 3310; x_wconf 89' lang='lat' dir='ltr'><strong>ultima</strong></span> <span class='ocrx_word' id='word_1_255' title='bbox 1387 3248 1619 3328; x_wconf 88' lang='lat' dir='ltr'><strong>longam</strong></span> <span class='ocrx_word' id='word_1_256' title='bbox 1676 3248 1959 3330; x_wconf 84' lang='lat' dir='ltr'><strong>habeant,</strong></span> <span class='ocrx_word' id='word_1_257' title='bbox 2015 3250 2209 3309; x_wconf 90' lang='lat' dir='ltr'><strong>omnia</strong></span> <span class='ocrx_word' id='word_1_258' title='bbox 2274 3265 2383 3326; x_wconf 88' lang='lat' dir='ltr'><strong>per</strong></span> <span class='ocrx_word' id='word_1_259' title='bbox 2438 3266 2473 3306; x_wconf 94' lang='lat' dir='ltr'><strong>v</strong></span> <span class='ocrx_word' id='word_1_260' title='bbox 2534 3248 2794 3309; x_wconf 86' lang='lat' dir='ltr'><strong>vocalem</strong></span> <span class='ocrx_word' id='word_1_261' title='bbox 2853 3266 2961 3327; x_wconf 91' lang='lat' dir='ltr'><strong>pro</strong></span> <span class='ocrx_word' id='word_1_262' title='bbox 3017 3266 3226 3308; x_wconf 90' lang='lat' dir='ltr'><strong>conso-</strong></span> 
     </span>
     <span class='ocr_line' id='line_1_27' title="bbox 609 3354 3226 3434; baseline 0.002 -23"><span class='ocrx_word' id='word_1_263' title='bbox 609 3361 785 3413; x_wconf 87' lang='lat' dir='ltr'><strong>nante</strong></span> <span class='ocrx_word' id='word_1_264' title='bbox 848 3354 1206 3433; x_wconf 88' lang='lat' dir='ltr'><strong>scribentur,</strong></span> <span class='ocrx_word' id='word_1_265' title='bbox 1266 3363 1333 3416; x_wconf 91' lang='lat' dir='ltr'><strong>ut</strong></span> <span class='ocrx_word' id='word_1_266' title='bbox 1393 3357 1553 3415; x_wconf 87' lang='lat' dir='ltr'><strong>rivus</strong></span> <span class='ocrx_word' id='word_1_267' title='bbox 1614 3354 1800 3416; x_wconf 89' lang='lat' dir='ltr'><strong>clivus</strong></span> <span class='ocrx_word' id='word_1_268' title='bbox 1860 3354 2044 3415; x_wconf 88' lang='lat' dir='ltr'><strong>ssavus</strong></span> <span class='ocrx_word' id='word_1_269' title='bbox 2103 3356 2395 3434; x_wconf 90' lang='lat' dir='ltr'><strong>positivus</strong></span> <span class='ocrx_word' id='word_1_270' title='bbox 2456 3357 2891 3434; x_wconf 89' lang='lat' dir='ltr'><strong>comparativus</strong></span> <span class='ocrx_word' id='word_1_271' title='bbox 2951 3364 3013 3417; x_wconf 88' lang='lat' dir='ltr'><strong>et</strong></span> <span class='ocrx_word' id='word_1_272' title='bbox 3073 3354 3226 3417; x_wconf 88' lang='lat' dir='ltr'><strong>talia.</strong></span> 
     </span>
     <span class='ocr_line' id='line_1_28' title="bbox 610 3459 3285 3541; baseline -0 -24"><span class='ocrx_word' id='word_1_273' title='bbox 610 3460 1056 3521; x_wconf 88' lang='lat' dir='ltr'><strong>meminerimus</strong></span> <span class='ocrx_word' id='word_1_274' title='bbox 1111 3470 1308 3523; x_wconf 90' lang='lat' dir='ltr'><strong>tamen</strong></span> <span class='ocrx_word' id='word_1_275' title='bbox 1367 3461 1525 3541; x_wconf 91' lang='lat' dir='ltr'><strong>quod</strong></span> <span class='ocrx_word' id='word_1_276' title='bbox 1581 3459 1887 3521; x_wconf 90' lang='lat' dir='ltr'><strong>mobilium</strong></span> <span class='ocrx_word' id='word_1_277' title='bbox 1936 3462 2239 3521; x_wconf 89' lang='lat' dir='ltr'><strong>nominum</strong></span> <span class='ocrx_word' id='word_1_278' title='bbox 2303 3460 2582 3519; x_wconf 82' lang='lat' dir='ltr'><strong>feminina</strong></span> <span class='ocrx_word' id='word_1_279' title='bbox 2630 3467 2959 3540; x_wconf 88' lang='lat' dir='ltr'><strong>neutraque</strong></span> <span class='ocrx_word' id='word_1_280' title='bbox 3007 3480 3226 3541; x_wconf 88' lang='lat' dir='ltr'><strong>genera</strong></span> <span class='ocrx_word' id='word_1_281' title='bbox 3257 3476 3285 3516; x_wconf 80' lang='lat'><strong>⁶</strong></span> 
     </span>
     <span class='ocr_line' id='line_1_29' title="bbox 612 3564 3226 3649; baseline 0.002 -26"><span class='ocrx_word' id='word_1_282' title='bbox 612 3564 863 3626; x_wconf 90' lang='lat' dir='ltr'><strong>similem</strong></span> <span class='ocrx_word' id='word_1_283' title='bbox 903 3566 1367 3629; x_wconf 80' lang='lat' dir='ltr'><strong>masculinorum</strong></span> <span class='ocrx_word' id='word_1_284' title='bbox 1406 3585 1652 3628; x_wconf 90' lang='lat' dir='ltr'><strong>suorum</strong></span> <span class='ocrx_word' id='word_1_285' title='bbox 1691 3569 2047 3646; x_wconf 87' lang='lat' dir='ltr'><strong>scripturam</strong></span> <span class='ocrx_word' id='word_1_286' title='bbox 2088 3568 2447 3647; x_wconf 88' lang='lat' dir='ltr'><strong>suscipiunt,</strong></span> <span class='ocrx_word' id='word_1_287' title='bbox 2485 3574 2551 3627; x_wconf 87' lang='lat' dir='ltr'><strong>ut</strong></span> <span class='ocrx_word' id='word_1_288' title='bbox 2588 3565 2771 3627; x_wconf 86' lang='lat' dir='ltr'><strong>ssavus</strong></span> <span class='ocrx_word' id='word_1_289' title='bbox 2809 3567 2954 3627; x_wconf 88' lang='lat' dir='ltr'><strong>ssava</strong></span> <span class='ocrx_word' id='word_1_290' title='bbox 2991 3567 3226 3649; x_wconf 88' lang='lat' dir='ltr'><strong>ssavum,</strong></span> 
     </span>
     <span class='ocr_line' id='line_1_30' title="bbox 519 3670 3224 3759; baseline 0.001 -28"><span class='ocrx_word' id='word_1_291' title='bbox 519 3675 525 3683; x_wconf 87' lang='lat'>&#39;</span> <span class='ocrx_word' id='word_1_292' title='bbox 609 3670 777 3733; x_wconf 89' lang='lat' dir='ltr'><strong>albus</strong></span> <span class='ocrx_word' id='word_1_293' title='bbox 823 3671 951 3734; x_wconf 88' lang='lat' dir='ltr'><strong>alba</strong></span> <span class='ocrx_word' id='word_1_294' title='bbox 998 3673 1197 3735; x_wconf 91' lang='lat' dir='ltr'><strong>album</strong></span> <span class='ocrx_word' id='word_1_295' title='bbox 1243 3692 1310 3735; x_wconf 90' lang='lat' dir='ltr'><strong>ac</strong></span> <span class='ocrx_word' id='word_1_296' title='bbox 1355 3673 1510 3759; x_wconf 79' lang='lat' dir='ltr'><strong>talia.</strong></span> <span class='ocrx_word' id='word_1_297' title='bbox 1584 3673 1688 3735; x_wconf 89' lang='lat' dir='ltr'><strong>sed</strong></span> <span class='ocrx_word' id='word_1_298' title='bbox 1737 3676 1875 3754; x_wconf 91' lang='lat' dir='ltr'><strong>quia</strong></span> <span class='ocrx_word' id='word_1_299' title='bbox 1924 3692 2041 3734; x_wconf 91' lang='lat' dir='ltr'><strong>non</strong></span> <span class='ocrx_word' id='word_1_300' title='bbox 2081 3675 2275 3734; x_wconf 89' lang='lat' dir='ltr'><strong>omnia</strong></span> <span class='ocrx_word' id='word_1_301' title='bbox 2321 3674 2383 3733; x_wconf 91' lang='lat' dir='ltr'><strong>in</strong></span> <span class='ocrx_word' id='word_1_302' title='bbox 2423 3671 2535 3734; x_wconf 90' lang='lat' dir='ltr'><strong>bus</strong></span> <span class='ocrx_word' id='word_1_303' title='bbox 2581 3672 2911 3735; x_wconf 86' lang='lat' dir='ltr'><strong>desinentia</strong></span> <span class='ocrx_word' id='word_1_304' title='bbox 2958 3676 3224 3735; x_wconf 87' lang='lat' dir='ltr'><strong>existunt</strong></span> 
     </span>
     <span class='ocr_line' id='line_1_31' title="bbox 608 3777 3224 3861; baseline 0.002 -24"><span class='ocrx_word' id='word_1_305' title='bbox 608 3777 870 3860; x_wconf 89' lang='lat' dir='ltr'><strong>mobilia,</strong></span> <span class='ocrx_word' id='word_1_306' title='bbox 938 3782 1094 3842; x_wconf 88' lang='lat' dir='ltr'><strong>sicut</strong></span> <span class='ocrx_word' id='word_1_307' title='bbox 1139 3783 1220 3859; x_wconf 34' lang='lat' dir='ltr'><strong>‚in</strong></span> <span class='ocrx_word' id='word_1_308' title='bbox 1283 3782 1575 3861; x_wconf 86' lang='lat' dir='ltr'><strong>principio</strong></span> <span class='ocrx_word' id='word_1_309' title='bbox 1644 3780 1824 3841; x_wconf 90' lang='lat' dir='ltr'><strong>huius</strong></span> <span class='ocrx_word' id='word_1_310' title='bbox 1885 3779 2121 3860; x_wconf 83' lang='lat' dir='ltr'><strong>regulae</strong></span> <span class='ocrx_word' id='word_1_311' title='bbox 2198 3798 2415 3860; x_wconf 88' lang='lat' dir='ltr'><strong>genera</strong></span> <span class='ocrx_word' id='word_1_312' title='bbox 2479 3778 2809 3842; x_wconf 88' lang='lat' dir='ltr'><strong>dividentes</strong></span> <span class='ocrx_word' id='word_1_313' title='bbox 2868 3780 3224 3842; x_wconf 89' lang='lat' dir='ltr'><strong>disseruisse</strong></span> 
     </span>
     <span class='ocr_line' id='line_1_32' title="bbox 608 3880 3225 3969; baseline 0.002 -25"><span class='ocrx_word' id='word_1_314' title='bbox 608 3888 985 3948; x_wconf 89' lang='lat' dir='ltr'><strong>meminimus</strong></span> <span class='ocrx_word' id='word_1_315' title='bbox 1042 3880 1358 3969; x_wconf 90' lang='lat' dir='ltr'><strong>(quaedam</strong></span> <span class='ocrx_word' id='word_1_316' title='bbox 1417 3886 1574 3946; x_wconf 91' lang='lat' dir='ltr'><strong>enim</strong></span> <span class='ocrx_word' id='word_1_317' title='bbox 1623 3884 1934 3946; x_wconf 87' lang='lat' dir='ltr'><strong>masculini</strong></span> <span class='ocrx_word' id='word_1_318' title='bbox 1989 3888 2228 3964; x_wconf 87' lang='lat' dir='ltr'><strong>generis</strong></span> <span class='ocrx_word' id='word_1_319' title='bbox 2273 3887 2658 3963; x_wconf 83' lang='lat' dir='ltr'><strong>inveniuntur</strong></span> <span class='ocrx_word' id='word_1_320' title='bbox 2704 3886 3100 3968; x_wconf 90' lang='lat' dir='ltr'><strong>solummodo,</strong></span> <span class='ocrx_word' id='word_1_321' title='bbox 3156 3896 3225 3948; x_wconf 93' lang='lat' dir='ltr'><strong>ut</strong></span> 
     </span>
     <span class='ocr_line' id='line_1_33' title="bbox 608 3990 3307 4076; baseline 0.001 -25"><span class='ocrx_word' id='word_1_322' title='bbox 608 3990 777 4052; x_wconf 89' lang='lat' dir='ltr'><strong>cibus</strong></span> <span class='ocrx_word' id='word_1_323' title='bbox 824 3992 1090 4076; x_wconf 90' lang='lat' dir='ltr'><strong>nimbus,</strong></span> <span class='ocrx_word' id='word_1_324' title='bbox 1138 3992 1425 4074; x_wconf 89' lang='lat' dir='ltr'><strong>quaedam</strong></span> <span class='ocrx_word' id='word_1_325' title='bbox 1472 3991 1782 4052; x_wconf 88' lang='lat' dir='ltr'><strong>masculini</strong></span> <span class='ocrx_word' id='word_1_326' title='bbox 1830 3999 1891 4053; x_wconf 87' lang='lat' dir='ltr'><strong>et</strong></span> <span class='ocrx_word' id='word_1_327' title='bbox 1947 3992 2247 4074; x_wconf 81' lang='lat' dir='ltr'><strong>feminini,</strong></span> <span class='ocrx_word' id='word_1_328' title='bbox 2299 4001 2368 4054; x_wconf 88' lang='lat' dir='ltr'><strong>ut</strong></span> <span class='ocrx_word' id='word_1_329' title='bbox 2423 4010 2634 4054; x_wconf 89' lang='lat' dir='ltr'><strong>cervus</strong></span> <span class='ocrx_word' id='word_1_330' title='bbox 2668 4012 2880 4074; x_wconf 76' lang='lat' dir='ltr'><strong>cerva,</strong></span> <span class='ocrx_word' id='word_1_331' title='bbox 2936 3992 3221 4073; x_wconf 89' lang='lat' dir='ltr'><strong>quaedam</strong></span> <span class='ocrx_word' id='word_1_332' title='bbox 3255 4008 3307 4048; x_wconf 83' lang='grc' dir='ltr'><strong>ιο</strong></span> 
     </span>
     <span class='ocr_line' id='line_1_34' title="bbox 609 4097 3223 4185; baseline 0.001 -26"><span class='ocrx_word' id='word_1_333' title='bbox 609 4107 848 4182; x_wconf 86' lang='lat' dir='ltr'><strong>neutra,</strong></span> <span class='ocrx_word' id='word_1_334' title='bbox 903 4109 969 4161; x_wconf 93' lang='lat' dir='ltr'><strong>ut</strong></span> <span class='ocrx_word' id='word_1_335' title='bbox 1024 4097 1289 4184; x_wconf 85' lang='lat' dir='ltr'><strong>aevum),</strong></span> <span class='ocrx_word' id='word_1_336' title='bbox 1347 4098 1658 4161; x_wconf 89' lang='lat' dir='ltr'><strong>sciendum</strong></span> <span class='ocrx_word' id='word_1_337' title='bbox 1714 4097 1873 4178; x_wconf 88' lang='lat' dir='ltr'><strong>quod</strong></span> <span class='ocrx_word' id='word_1_338' title='bbox 1932 4100 2106 4159; x_wconf 89' lang='lat' dir='ltr'><strong>etiam</strong></span> <span class='ocrx_word' id='word_1_339' title='bbox 2163 4107 2374 4160; x_wconf 89' lang='lat' dir='ltr'><strong>neutra</strong></span> <span class='ocrx_word' id='word_1_340' title='bbox 2432 4117 2582 4179; x_wconf 88' lang='lat' dir='ltr'><strong>quae</strong></span> <span class='ocrx_word' id='word_1_341' title='bbox 2630 4117 2662 4159; x_wconf 95' lang='lat' dir='ltr'><strong>a</strong></span> <span class='ocrx_word' id='word_1_342' title='bbox 2718 4102 3062 4185; x_wconf 88' lang='lat' dir='ltr'><strong>posteritate</strong></span> <span class='ocrx_word' id='word_1_343' title='bbox 3108 4099 3223 4161; x_wconf 91' lang='lat' dir='ltr'><strong>bus</strong></span> 
     </span>
     <span class='ocr_line' id='line_1_35' title="bbox 607 4201 3224 4288; baseline 0.001 -23"><span class='ocrx_word' id='word_1_344' title='bbox 607 4206 857 4286; x_wconf 66' lang='lat' dir='ltr'><strong>syllabae</strong></span> <span class='ocrx_word' id='word_1_345' title='bbox 905 4226 1024 4268; x_wconf 89' lang='lat' dir='ltr'><strong>nou</strong></span> <span class='ocrx_word' id='word_1_346' title='bbox 1071 4209 1317 4268; x_wconf 85' lang='lat' dir='ltr'><strong>veniunt</strong></span> <span class='ocrx_word' id='word_1_347' title='bbox 1361 4225 1469 4286; x_wconf 89' lang='lat' dir='ltr'><strong>per</strong></span> <span class='ocrx_word' id='word_1_348' title='bbox 1517 4225 1549 4264; x_wconf 92' lang='lat' dir='ltr'><strong>v</strong></span> <span class='ocrx_word' id='word_1_349' title='bbox 1596 4206 1932 4286; x_wconf 88' lang='lat' dir='ltr'><strong>digammon</strong></span> <span class='ocrx_word' id='word_1_350' title='bbox 1980 4201 2355 4286; x_wconf 88' lang='lat' dir='ltr'><strong>scribuntur,</strong></span> <span class='ocrx_word' id='word_1_351' title='bbox 2409 4212 2478 4267; x_wconf 86' lang='lat' dir='ltr'><strong>ut</strong></span> <span class='ocrx_word' id='word_1_352' title='bbox 2521 4224 2698 4267; x_wconf 91' lang='lat' dir='ltr'><strong>ovum</strong></span> <span class='ocrx_word' id='word_1_353' title='bbox 2743 4224 2951 4267; x_wconf 87' lang='lat' dir='ltr'><strong>arvum</strong></span> <span class='ocrx_word' id='word_1_354' title='bbox 2996 4225 3224 4288; x_wconf 88' lang='lat' dir='ltr'><strong>ervum,</strong></span> 
     </span>
     <span class='ocr_line' id='line_1_36' title="bbox 606 4305 3224 4399; baseline -0 -25"><span class='ocrx_word' id='word_1_355' title='bbox 606 4322 852 4394; x_wconf 86' lang='lat' dir='ltr'><strong>excepto</strong></span> <span class='ocrx_word' id='word_1_356' title='bbox 908 4313 1028 4375; x_wconf 87' lang='lat' dir='ltr'><strong>libo</strong></span> <span class='ocrx_word' id='word_1_357' title='bbox 1076 4305 1374 4399; x_wconf 73' lang='grc' dir='ltr'><strong><em>ποπάνῳ.</em></strong></span> <span class='ocrx_word' id='word_1_358' title='bbox 1450 4311 1615 4374; x_wconf 90' lang='lat' dir='ltr'><strong>verbi</strong></span> <span class='ocrx_word' id='word_1_359' title='bbox 1670 4314 1831 4373; x_wconf 90' lang='lat' dir='ltr'><strong>enim</strong></span> <span class='ocrx_word' id='word_1_360' title='bbox 1887 4312 2092 4372; x_wconf 87' lang='lat' dir='ltr'><strong>ultima</strong></span> <span class='ocrx_word' id='word_1_361' title='bbox 2148 4311 2365 4392; x_wconf 80' lang='lat' dir='ltr'><strong>syllaba</strong></span> <span class='ocrx_word' id='word_1_362' title='bbox 2420 4331 2527 4393; x_wconf 89' lang='lat' dir='ltr'><strong>per</strong></span> <span class='ocrx_word' id='word_1_363' title='bbox 2574 4313 2612 4373; x_wconf 98' lang='lat' dir='ltr'><strong>b</strong></span> <span class='ocrx_word' id='word_1_364' title='bbox 2671 4321 2893 4374; x_wconf 91' lang='lat' dir='ltr'><strong>mutam</strong></span> <span class='ocrx_word' id='word_1_365' title='bbox 2938 4313 3224 4375; x_wconf 88' lang='lat' dir='ltr'><strong>scribitur</strong></span> 
     </span>
     <span class='ocr_line' id='line_1_37' title="bbox 606 4417 3224 4502; baseline 0 -22"><span class='ocrx_word' id='word_1_366' title='bbox 606 4418 715 4480; x_wconf 90' lang='lat' dir='ltr'><strong>hac</strong></span> <span class='ocrx_word' id='word_1_367' title='bbox 775 4419 847 4481; x_wconf 90' lang='lat' dir='ltr'><strong>de</strong></span> <span class='ocrx_word' id='word_1_368' title='bbox 895 4438 1098 4502; x_wconf 88' lang='lat' dir='ltr'><strong>causa,</strong></span> <span class='ocrx_word' id='word_1_369' title='bbox 1155 4419 1313 4500; x_wconf 92' lang='lat' dir='ltr'><strong>quod</strong></span> <span class='ocrx_word' id='word_1_370' title='bbox 1371 4438 1402 4480; x_wconf 91' lang='lat' dir='ltr'><strong>a</strong></span> <span class='ocrx_word' id='word_1_371' title='bbox 1449 4417 1697 4480; x_wconf 90' lang='lat' dir='ltr'><strong>verbere</strong></span> <span class='ocrx_word' id='word_1_372' title='bbox 1744 4418 1971 4479; x_wconf 90' lang='lat' dir='ltr'><strong>dictum</strong></span> <span class='ocrx_word' id='word_1_373' title='bbox 2019 4434 2150 4478; x_wconf 89' lang='lat' dir='ltr'><strong>esse</strong></span> <span class='ocrx_word' id='word_1_374' title='bbox 2201 4426 2434 4480; x_wconf 86' lang='lat' dir='ltr'><strong>veteres</strong></span> <span class='ocrx_word' id='word_1_375' title='bbox 2482 4422 2996 4502; x_wconf 86' lang='lat' dir='ltr'><strong>existimaverunt,</strong></span> <span class='ocrx_word' id='word_1_376' title='bbox 3052 4423 3224 4497; x_wconf 61' lang='lat' dir='ltr'><strong>cq&#39;ns</strong></span> 
     </span>
     <span class='ocr_line' id='line_1_38' title="bbox 608 4506 3308 4605; baseline 0.001 -20"><span class='ocrx_word' id='word_1_377' title='bbox 608 4527 897 4586; x_wconf 89' lang='lat' dir='ltr'><strong>rationem</strong></span> <span class='ocrx_word' id='word_1_378' title='bbox 945 4528 1004 4587; x_wconf 90' lang='lat' dir='ltr'><strong>in</strong></span> <span class='ocrx_word' id='word_1_379' title='bbox 1053 4533 1188 4587; x_wconf 88' lang='lat' dir='ltr'><strong>ante</strong></span> <span class='ocrx_word' id='word_1_380' title='bbox 1238 4525 1369 4587; x_wconf 88' lang='lat' dir='ltr'><strong>latis</strong></span> <span class='ocrx_word' id='word_1_381' title='bbox 1417 4524 1731 4587; x_wconf 86' lang='lat' dir='ltr'><strong>tradidisse</strong></span> <span class='ocrx_word' id='word_1_382' title='bbox 1779 4526 2212 4605; x_wconf 73' lang='lat' dir='ltr'><strong>cognoscimus</strong></span> <span class='ocrx_word' id='word_1_383' title='bbox 3214 4506 3308 4581; x_wconf 83' lang='lat'><strong>¹15</strong></span> 
     </span>
    </p>
   </div>
   <div class='ocr_carea' id='block_1_6' title="bbox 671 4647 986 4661">
    <p class='ocr_par' dir='ltr' id='par_1_6' title="bbox 671 4647 986 4661">
     <span class='ocr_line' id='line_1_39' title="bbox 671 4647 986 4661; baseline 0 867"><span class='ocrx_word' id='word_1_384' title='bbox 671 4647 986 4661; x_wconf 95' lang='lat' dir='ltr'><strong> </strong></span> 
     </span>
    </p>
   </div>
   <div class='ocr_carea' id='block_1_7' title="bbox 608 4657 3233 4914">
    <p class='ocr_par' dir='ltr' id='par_1_7' title="bbox 608 4657 3233 4914">
     <span class='ocr_line' id='line_1_40' title="bbox 752 4657 3225 4768; baseline 0 -17"><span class='ocrx_word' id='word_1_385' title='bbox 752 4703 780 4751; x_wconf 92' lang='lat'>1</span> <span class='ocrx_word' id='word_1_386' title='bbox 819 4657 1136 4767; x_wconf 67' lang='lat' dir='ltr'><strong>penultima.</strong></span> <span class='ocrx_word' id='word_1_387' title='bbox 1165 4698 1223 4753; x_wconf 92' lang='lat' dir='ltr'><strong><em>P</em></strong></span> <span class='ocrx_word' id='word_1_388' title='bbox 1325 4704 1359 4752; x_wconf 83' lang='lat'><strong>3</strong></span> <span class='ocrx_word' id='word_1_389' title='bbox 1397 4695 1612 4768; x_wconf 76' lang='lat' dir='ltr'><strong>omnis]</strong></span> <span class='ocrx_word' id='word_1_390' title='bbox 1641 4693 1872 4751; x_wconf 79' lang='lat' dir='ltr'><strong>nomina.</strong></span> <span class='ocrx_word' id='word_1_391' title='bbox 1895 4696 2025 4751; x_wconf 89' lang='lat' dir='ltr'><strong>NP</strong></span> <span class='ocrx_word' id='word_1_392' title='bbox 2126 4704 2159 4753; x_wconf 86' lang='lat'>4</span> <span class='ocrx_word' id='word_1_393' title='bbox 2195 4700 2261 4752; x_wconf 81' lang='lat' dir='ltr'><strong>ut</strong></span> <span class='ocrx_word' id='word_1_394' title='bbox 2285 4697 2466 4754; x_wconf 77' lang='lat' dir='ltr'><strong>trivus</strong></span> <span class='ocrx_word' id='word_1_395' title='bbox 2494 4698 2550 4751; x_wconf 90' lang='lat' dir='ltr'><em>P</em></span> <span class='ocrx_word' id='word_1_396' title='bbox 2649 4700 2709 4754; x_wconf 79' lang='lat' dir='ltr'><strong>et</strong></span> <span class='ocrx_word' id='word_1_397' title='bbox 2741 4698 2855 4754; x_wconf 73' lang='lat' dir='ltr'><strong>alia.</strong></span> <span class='ocrx_word' id='word_1_398' title='bbox 2887 4697 2958 4752; x_wconf 90' lang='lat' dir='ltr'><strong><em>N</em></strong></span> <span class='ocrx_word' id='word_1_399' title='bbox 3057 4702 3089 4752; x_wconf 80' lang='lat'><strong>&#39;¹1</strong></span> <span class='ocrx_word' id='word_1_400' title='bbox 3126 4697 3225 4753; x_wconf 80' lang='lat' dir='ltr'><strong>sed</strong></span> 
     </span>
     <span class='ocr_line' id='line_1_41' title="bbox 608 4774 3227 4857; baseline 0.001 -28"><span class='ocrx_word' id='word_1_401' title='bbox 608 4778 684 4843; x_wconf 73' lang='lat' dir='ltr'><strong>qfi</strong></span> <span class='ocrx_word' id='word_1_402' title='bbox 718 4779 760 4829; x_wconf 77' lang='lat' dir='ltr'><strong>&#39;fi</strong></span> <span class='ocrx_word' id='word_1_403' title='bbox 794 4777 984 4832; x_wconf 79' lang='lat' dir='ltr'><strong>omnia</strong></span> <span class='ocrx_word' id='word_1_404' title='bbox 1019 4777 1076 4831; x_wconf 90' lang='lat' dir='ltr'><strong><em>P</em></strong></span> <span class='ocrx_word' id='word_1_405' title='bbox 1105 4777 1203 4832; x_wconf 88' lang='lat' dir='ltr'><strong>sed</strong></span> <span class='ocrx_word' id='word_1_406' title='bbox 1239 4776 1374 4848; x_wconf 80' lang='lat' dir='ltr'><strong>quia.</strong></span> <span class='ocrx_word' id='word_1_407' title='bbox 1412 4775 1640 4832; x_wconf 78' lang='lat' dir='ltr'><strong>nomina</strong></span> <span class='ocrx_word' id='word_1_408' title='bbox 1674 4774 1743 4829; x_wconf 87' lang='lat' dir='ltr'><strong><em>N</em></strong></span> <span class='ocrx_word' id='word_1_409' title='bbox 1897 4783 1961 4831; x_wconf 82' lang='lat'><strong>12</strong></span> <span class='ocrx_word' id='word_1_410' title='bbox 2001 4794 2193 4833; x_wconf 88' lang='lat' dir='ltr'><strong>ervum</strong></span> <span class='ocrx_word' id='word_1_411' title='bbox 2230 4795 2426 4833; x_wconf 78' lang='lat' dir='ltr'><strong>arvum</strong></span> <span class='ocrx_word' id='word_1_412' title='bbox 2461 4778 2530 4832; x_wconf 88' lang='lat' dir='ltr'><strong><em>N</em></strong></span> <span class='ocrx_word' id='word_1_413' title='bbox 2584 4850 2589 4857; x_wconf 20' lang='lat'>¹</span> <span class='ocrx_word' id='word_1_414' title='bbox 2666 4784 2731 4832; x_wconf 86' lang='lat'><strong>13</strong></span> <span class='ocrx_word' id='word_1_415' title='bbox 2773 4778 2891 4832; x_wconf 90' lang='lat' dir='ltr'><strong>libo</strong></span> <span class='ocrx_word' id='word_1_416' title='bbox 2927 4795 3151 4832; x_wconf 72' lang='grc' dir='ltr'><strong><em>ποκανο</em></strong></span> <span class='ocrx_word' id='word_1_417' title='bbox 3190 4793 3227 4831; x_wconf 84' lang='lat' dir='ltr'><strong>a.</strong></span> 
     </span>
     <span class='ocr_line' id='line_1_42' title="bbox 608 4854 3233 4914; baseline 0.002 -5"><span class='ocrx_word' id='word_1_418' title='bbox 608 4854 765 4909; x_wconf 85' lang='lat' dir='ltr'><strong>verbi</strong></span> <span class='ocrx_word' id='word_1_419' title='bbox 801 4855 868 4911; x_wconf 88' lang='lat' dir='ltr'><em>N</em></span> <span class='ocrx_word' id='word_1_420' title='bbox 899 4856 1042 4912; x_wconf 85' lang='lat' dir='ltr'><strong>libro</strong></span> <span class='ocrx_word' id='word_1_421' title='bbox 1079 4876 1354 4912; x_wconf 78' lang='grc' dir='ltr'><strong><em>πωπανου</em></strong></span> <span class='ocrx_word' id='word_1_422' title='bbox 1391 4856 1554 4911; x_wconf 84' lang='lat' dir='ltr'><strong>verbi</strong></span> <span class='ocrx_word' id='word_1_423' title='bbox 1589 4855 1646 4909; x_wconf 91' lang='lat' dir='ltr'><strong><em>P</em></strong></span> <span class='ocrx_word' id='word_1_424' title='bbox 1765 4862 1836 4912; x_wconf 82' lang='lat'><strong>14</strong></span> <span class='ocrx_word' id='word_1_425' title='bbox 1871 4874 1908 4912; x_wconf 78' lang='lat' dir='ltr'><strong>a</strong></span> <span class='ocrx_word' id='word_1_426' title='bbox 1942 4859 2172 4913; x_wconf 85' lang='lat' dir='ltr'><strong>verbere</strong></span> <span class='ocrx_word' id='word_1_427' title='bbox 2211 4858 2423 4914; x_wconf 74' lang='lat' dir='ltr'><strong>dict-nm</strong></span> <span class='ocrx_word' id='word_1_428' title='bbox 2464 4858 2520 4911; x_wconf 90' lang='lat' dir='ltr'><em>P</em></span> <span class='ocrx_word' id='word_1_429' title='bbox 2549 4874 2585 4912; x_wconf 79' lang='lat' dir='ltr'><strong>a</strong></span> <span class='ocrx_word' id='word_1_430' title='bbox 2621 4858 2791 4913; x_wconf 88' lang='lat' dir='ltr'><strong>verbo</strong></span> <span class='ocrx_word' id='word_1_431' title='bbox 2826 4857 3127 4913; x_wconf 79' lang='lat' dir='ltr'><strong>deductum</strong></span> <span class='ocrx_word' id='word_1_432' title='bbox 3163 4856 3233 4913; x_wconf 83' lang='lat' dir='ltr'><em>N</em></span> 
     </span>
    </p>
   </div>
  </div>
 </body>
</html>
