<?xml version="1.0" encoding="UTF-8"?>
<!DOCTYPE html PUBLIC "-//W3C//DTD XHTML 1.0 Transitional//EN"
    "http://www.w3.org/TR/xhtml1/DTD/xhtml1-transitional.dtd">
<html xmlns="http://www.w3.org/1999/xhtml" xml:lang="en" lang="en">
 <head>
  <title>
</title>
<meta http-equiv="Content-Type" content="text/html;charset=utf-8" />
  <meta name='ocr-system' content='tesseract 3.04.00' />
  <meta name='ocr-capabilities' content='ocr_page ocr_carea ocr_par ocr_line ocrx_word'/>
</head>
<body>
  <div class='ocr_page' id='page_1' title='image "./grammaticilatin09keilgoog_0163.png"; bbox 0 0 3613 5528; ppageno 0'>
   <div class='ocr_carea' id='block_1_1' title="bbox 1398 402 3058 470">
    <p class='ocr_par' dir='ltr' id='par_1_1' title="bbox 1398 402 3058 470">
     <span class='ocr_line' id='line_1_1' title="bbox 1398 402 3058 470; baseline 0.007 -12"><span class='ocrx_word' id='word_1_1' title='bbox 1398 403 1496 459; x_wconf 84' lang='lat' dir='ltr'><strong>DE</strong></span> <span class='ocrx_word' id='word_1_2' title='bbox 1535 402 2119 462; x_wconf 82' lang='lat' dir='ltr'><strong>ORTHOGRAPHlA</strong></span> <span class='ocrx_word' id='word_1_3' title='bbox 2932 406 3058 470; x_wconf 85' lang='lat'><strong>153</strong></span> 
     </span>
    </p>
   </div>
   <div class='ocr_carea' id='block_1_2' title="bbox 368 504 3060 2469">
    <p class='ocr_par' dir='ltr' id='par_1_2' title="bbox 449 504 1187 559">
     <span class='ocr_line' id='line_1_2' title="bbox 449 504 1187 559; baseline 0.003 -16"><span class='ocrx_word' id='word_1_4' title='bbox 449 515 490 553; x_wconf 78' lang='lat' dir='ltr'><strong>p.</strong></span> <span class='ocrx_word' id='word_1_5' title='bbox 520 505 624 549; x_wconf 77' lang='grc'><strong>2286</strong></span> <span class='ocrx_word' id='word_1_6' title='bbox 654 504 701 545; x_wconf 82' lang='grc' dir='ltr'><strong>Ρ.</strong></span> <span class='ocrx_word' id='word_1_7' title='bbox 1178 550 1187 559; x_wconf 51' lang='grc'><strong>,</strong></span> 
     </span>
    </p>

    <p class='ocr_par' dir='ltr' id='par_1_3' title="bbox 448 588 3056 671">
     <span class='ocr_line' id='line_1_3' title="bbox 448 588 3056 671; baseline 0.002 -23"><span class='ocrx_word' id='word_1_8' title='bbox 448 590 510 648; x_wconf 91' lang='lat' dir='ltr'><strong>in</strong></span> <span class='ocrx_word' id='word_1_9' title='bbox 563 588 715 650; x_wconf 89' lang='lat' dir='ltr'><strong>libro</strong></span> <span class='ocrx_word' id='word_1_10' title='bbox 773 592 875 670; x_wconf 91' lang='lat' dir='ltr'><strong>qui</strong></span> <span class='ocrx_word' id='word_1_11' title='bbox 930 596 1022 651; x_wconf 88' lang='lat' dir='ltr'><strong>est</strong></span> <span class='ocrx_word' id='word_1_12' title='bbox 1075 589 1148 650; x_wconf 91' lang='lat' dir='ltr'><strong>de</strong></span> <span class='ocrx_word' id='word_1_13' title='bbox 1213 593 1590 669; x_wconf 81' lang='lat' dir='ltr'><strong>grammatica</strong></span> <span class='ocrx_word' id='word_1_14' title='bbox 1646 589 1855 671; x_wconf 87' lang='lat' dir='ltr'><strong>Varro,</strong></span> <span class='ocrx_word' id='word_1_15' title='bbox 1915 608 2051 652; x_wconf 91' lang='lat' dir='ltr'><strong>cum</strong></span> <span class='ocrx_word' id='word_1_16' title='bbox 2107 590 2179 652; x_wconf 92' lang='lat' dir='ltr'><strong>de</strong></span> <span class='ocrx_word' id='word_1_17' title='bbox 2236 591 2454 653; x_wconf 90' lang='lat' dir='ltr'><strong>litteris</strong></span> <span class='ocrx_word' id='word_1_18' title='bbox 2509 591 2863 671; x_wconf 85' lang='lat' dir='ltr'><strong>dissereret,</strong></span> <span class='ocrx_word' id='word_1_19' title='bbox 2921 590 3056 669; x_wconf 92' lang='lat' dir='ltr'><strong>[ita]</strong></span> 
     </span>
    </p>

    <p class='ocr_par' dir='ltr' id='par_1_4' title="bbox 449 691 3056 780">
     <span class='ocr_line' id='line_1_4' title="bbox 449 691 3056 780; baseline 0.001 -24"><span class='ocrx_word' id='word_1_20' title='bbox 449 695 487 756; x_wconf 91' lang='lat' dir='ltr'><strong>h</strong></span> <span class='ocrx_word' id='word_1_21' title='bbox 533 697 688 757; x_wconf 87' lang='lat' dir='ltr'><strong>inter</strong></span> <span class='ocrx_word' id='word_1_22' title='bbox 733 697 962 759; x_wconf 79' lang='lat' dir='ltr'><strong>litteras</strong></span> <span class='ocrx_word' id='word_1_23' title='bbox 1009 715 1128 758; x_wconf 90' lang='lat' dir='ltr'><strong>non</strong></span> <span class='ocrx_word' id='word_1_24' title='bbox 1167 715 1298 758; x_wconf 88' lang='lat' dir='ltr'><strong>esse</strong></span> <span class='ocrx_word' id='word_1_25' title='bbox 1338 691 1676 779; x_wconf 65' lang='lat' dir='ltr'><strong>disputagit,</strong></span> <span class='ocrx_word' id='word_1_26' title='bbox 1714 698 1873 776; x_wconf 87' lang='lat' dir='ltr'><strong>quod</strong></span> <span class='ocrx_word' id='word_1_27' title='bbox 1919 697 2106 760; x_wconf 75' lang='lat' dir='ltr'><strong>multo</strong></span> <span class='ocrx_word' id='word_1_28' title='bbox 2146 700 2345 759; x_wconf 88' lang='lat' dir='ltr'><strong>minus</strong></span> <span class='ocrx_word' id='word_1_29' title='bbox 2391 700 2637 780; x_wconf 90' lang='lat' dir='ltr'><strong>mirum,</strong></span> <span class='ocrx_word' id='word_1_30' title='bbox 2684 700 2859 777; x_wconf 85' lang='lat' dir='ltr'><strong>quam</strong></span> <span class='ocrx_word' id='word_1_31' title='bbox 2898 699 3056 777; x_wconf 86' lang='lat' dir='ltr'><strong>quod</strong></span> 
     </span>
    </p>

    <p class='ocr_par' dir='ltr' id='par_1_5' title="bbox 447 804 3059 887">
     <span class='ocr_line' id='line_1_5' title="bbox 447 804 3059 887; baseline 0.001 -23"><span class='ocrx_word' id='word_1_32' title='bbox 447 823 481 864; x_wconf 88' lang='lat' dir='ltr'>x</span> <span class='ocrx_word' id='word_1_33' title='bbox 530 822 767 885; x_wconf 86' lang='lat' dir='ltr'><strong>quoque</strong></span> <span class='ocrx_word' id='word_1_34' title='bbox 815 804 1072 866; x_wconf 82' lang='lat' dir='ltr'><strong>litteram</strong></span> <span class='ocrx_word' id='word_1_35' title='bbox 1119 822 1252 865; x_wconf 89' lang='lat' dir='ltr'><strong>esse</strong></span> <span class='ocrx_word' id='word_1_36' title='bbox 1301 812 1490 885; x_wconf 84' lang='lat' dir='ltr'><strong>negat.</strong></span> <span class='ocrx_word' id='word_1_37' title='bbox 1565 807 1625 866; x_wconf 89' lang='lat' dir='ltr'><strong>in</strong></span> <span class='ocrx_word' id='word_1_38' title='bbox 1673 823 1791 885; x_wconf 89' lang='lat' dir='ltr'><strong>quo</strong></span> <span class='ocrx_word' id='word_1_39' title='bbox 1839 804 1980 885; x_wconf 90' lang='lat' dir='ltr'><strong>quid</strong></span> <span class='ocrx_word' id='word_1_40' title='bbox 2029 804 2307 887; x_wconf 86' lang='lat' dir='ltr'><strong>voluerit,</strong></span> <span class='ocrx_word' id='word_1_41' title='bbox 2366 805 2626 866; x_wconf 90' lang='lat' dir='ltr'><strong>nondum</strong></span> <span class='ocrx_word' id='word_1_42' title='bbox 2674 804 3059 887; x_wconf 78' lang='lat' dir='ltr'><strong>deprehendi,</strong></span> 
     </span>
    </p>

    <p class='ocr_par' dir='ltr' id='par_1_6' title="bbox 368 886 3060 1101">
     <span class='ocr_line' id='line_1_6' title="bbox 446 886 3056 993; baseline 0.001 -23"><span class='ocrx_word' id='word_1_43' title='bbox 446 911 633 989; x_wconf 89' lang='lat' dir='ltr'><strong>ipsius</strong></span> <span class='ocrx_word' id='word_1_44' title='bbox 663 909 840 971; x_wconf 85' lang='lat' dir='ltr'><strong>verba</strong></span> <span class='ocrx_word' id='word_1_45' title='bbox 870 886 1184 973; x_wconf 73' lang='lat' dir='ltr'><strong>subiciam:</strong></span> <span class='ocrx_word' id='word_1_46' title='bbox 1223 906 1588 972; x_wconf 79' lang='lat' dir='ltr'><strong>‘litterarum</strong></span> <span class='ocrx_word' id='word_1_47' title='bbox 1616 913 1833 992; x_wconf 85' lang='lat' dir='ltr'><strong>partim</strong></span> <span class='ocrx_word' id='word_1_48' title='bbox 1864 919 2004 973; x_wconf 88' lang='lat' dir='ltr'><strong>sunt</strong></span> <span class='ocrx_word' id='word_1_49' title='bbox 2031 918 2093 972; x_wconf 94' lang='lat' dir='ltr'><strong>et</strong></span> <span class='ocrx_word' id='word_1_50' title='bbox 2120 911 2430 993; x_wconf 84' lang='lat' dir='ltr'><strong>dicuntur,</strong></span> <span class='ocrx_word' id='word_1_51' title='bbox 2468 919 2535 973; x_wconf 90' lang='lat' dir='ltr'><strong>ut</strong></span> <span class='ocrx_word' id='word_1_52' title='bbox 2570 926 2617 972; x_wconf 76' lang='lat' dir='ltr'><strong><em>A</em></strong></span> <span class='ocrx_word' id='word_1_53' title='bbox 2646 918 2707 972; x_wconf 89' lang='lat' dir='ltr'><strong>et</strong></span> <span class='ocrx_word' id='word_1_54' title='bbox 2733 926 2803 993; x_wconf 79' lang='lat'><strong>133</strong></span> <span class='ocrx_word' id='word_1_55' title='bbox 2841 914 3056 992; x_wconf 85' lang='lat' dir='ltr'><strong>partim</strong></span> 
     </span>
     <span class='ocr_line' id='line_1_7' title="bbox 368 1016 3060 1101; baseline 0.001 -25"><span class='ocrx_word' id='word_1_56' title='bbox 368 1035 394 1075; x_wconf 74' lang='grc' dir='ltr'><strong>ο</strong></span> <span class='ocrx_word' id='word_1_57' title='bbox 446 1016 726 1078; x_wconf 86' lang='lat' dir='ltr'><strong>dicuntur</strong></span> <span class='ocrx_word' id='word_1_58' title='bbox 781 1036 975 1098; x_wconf 87' lang='lat' dir='ltr'><strong>neque</strong></span> <span class='ocrx_word' id='word_1_59' title='bbox 1033 1025 1200 1101; x_wconf 87' lang='lat' dir='ltr'><strong>sunt,</strong></span> <span class='ocrx_word' id='word_1_60' title='bbox 1255 1026 1325 1079; x_wconf 88' lang='lat' dir='ltr'><strong>ut</strong></span> <span class='ocrx_word' id='word_1_61' title='bbox 1378 1033 1427 1080; x_wconf 85' lang='grc' dir='ltr'><strong>Η</strong></span> <span class='ocrx_word' id='word_1_62' title='bbox 1474 1027 1537 1080; x_wconf 88' lang='lat' dir='ltr'><strong>et</strong></span> <span class='ocrx_word' id='word_1_63' title='bbox 1580 1034 1655 1101; x_wconf 84' lang='lat' dir='ltr'><strong>x;</strong></span> <span class='ocrx_word' id='word_1_64' title='bbox 1711 1021 1999 1099; x_wconf 80' lang='lat' dir='ltr'><strong>quaedam</strong></span> <span class='ocrx_word' id='word_1_65' title='bbox 2057 1037 2249 1099; x_wconf 90' lang='lat' dir='ltr'><strong>neque</strong></span> <span class='ocrx_word' id='word_1_66' title='bbox 2306 1027 2446 1081; x_wconf 89' lang='lat' dir='ltr'><strong>sunt</strong></span> <span class='ocrx_word' id='word_1_67' title='bbox 2506 1036 2700 1098; x_wconf 88' lang='lat' dir='ltr'><strong>neque</strong></span> <span class='ocrx_word' id='word_1_68' title='bbox 2760 1018 3060 1101; x_wconf 89' lang='lat' dir='ltr'><strong>dicuntur,</strong></span> 
     </span>
    </p>

    <p class='ocr_par' dir='ltr' id='par_1_7' title="bbox 447 1119 845 1185">
     <span class='ocr_line' id='line_1_8' title="bbox 447 1119 845 1185; baseline 0 -1"><span class='ocrx_word' id='word_1_69' title='bbox 447 1130 513 1184; x_wconf 83' lang='lat' dir='ltr'><strong>ut</strong></span> <span class='ocrx_word' id='word_1_70' title='bbox 556 1129 606 1182; x_wconf 88' lang='grc' dir='ltr'>Φ</span> <span class='ocrx_word' id='word_1_71' title='bbox 654 1131 715 1185; x_wconf 84' lang='lat' dir='ltr'><strong>et</strong></span> <span class='ocrx_word' id='word_1_72' title='bbox 755 1119 845 1184; x_wconf 82' lang='grc' dir='ltr'><strong>Ψ.’</strong></span> 
     </span>
    </p>

    <p class='ocr_par' dir='ltr' id='par_1_8' title="bbox 445 1229 3057 1529">
     <span class='ocr_line' id='line_1_9' title="bbox 621 1229 3055 1315; baseline 0.002 -26"><span class='ocrx_word' id='word_1_73' title='bbox 621 1229 954 1292; x_wconf 87' lang='lat' dir='ltr'><strong>Vehemens</strong></span> <span class='ocrx_word' id='word_1_74' title='bbox 1008 1240 1069 1294; x_wconf 90' lang='lat' dir='ltr'><strong>et</strong></span> <span class='ocrx_word' id='word_1_75' title='bbox 1122 1251 1364 1294; x_wconf 83' lang='lat' dir='ltr'><strong>vemens</strong></span> <span class='ocrx_word' id='word_1_76' title='bbox 1409 1233 1564 1313; x_wconf 90' lang='lat' dir='ltr'><strong>apud</strong></span> <span class='ocrx_word' id='word_1_77' title='bbox 1611 1235 1888 1314; x_wconf 88' lang='lat' dir='ltr'><strong>antiquos</strong></span> <span class='ocrx_word' id='word_1_78' title='bbox 1933 1241 1996 1296; x_wconf 85' lang='lat' dir='ltr'><strong>et</strong></span> <span class='ocrx_word' id='word_1_79' title='bbox 2048 1233 2202 1315; x_wconf 88' lang='lat' dir='ltr'><strong>apud</strong></span> <span class='ocrx_word' id='word_1_80' title='bbox 2252 1233 2599 1295; x_wconf 78' lang='lat' dir='ltr'><strong>Ciceronem</strong></span> <span class='ocrx_word' id='word_1_81' title='bbox 2655 1233 2813 1313; x_wconf 82' lang='lat' dir='ltr'><strong>lego,</strong></span> <span class='ocrx_word' id='word_1_82' title='bbox 2868 1252 3055 1314; x_wconf 90' lang='lat' dir='ltr'><strong>aeque</strong></span> 
     </span>
     <span class='ocr_line' id='line_1_10' title="bbox 445 1336 3057 1420; baseline 0.002 -23"><span class='ocrx_word' id='word_1_83' title='bbox 445 1336 750 1416; x_wconf 84' lang='lat' dir='ltr'><strong>prehendo</strong></span> <span class='ocrx_word' id='word_1_84' title='bbox 788 1347 848 1400; x_wconf 87' lang='lat' dir='ltr'><strong>et</strong></span> <span class='ocrx_word' id='word_1_85' title='bbox 884 1338 1139 1420; x_wconf 83' lang='lat' dir='ltr'><strong>prendo,</strong></span> <span class='ocrx_word' id='word_1_86' title='bbox 1185 1339 1429 1401; x_wconf 85' lang='lat' dir='ltr'><strong>hercule</strong></span> <span class='ocrx_word' id='word_1_87' title='bbox 1468 1347 1530 1400; x_wconf 88' lang='lat' dir='ltr'><strong>et</strong></span> <span class='ocrx_word' id='word_1_88' title='bbox 1563 1339 1793 1420; x_wconf 85' lang='lat' dir='ltr'><strong>hercle,</strong></span> <span class='ocrx_word' id='word_1_89' title='bbox 1841 1339 1986 1400; x_wconf 91' lang='lat' dir='ltr'><strong>nihil</strong></span> <span class='ocrx_word' id='word_1_90' title='bbox 2026 1347 2086 1400; x_wconf 87' lang='lat' dir='ltr'><strong>et</strong></span> <span class='ocrx_word' id='word_1_91' title='bbox 2125 1339 2222 1400; x_wconf 89' lang='lat' dir='ltr'><strong>nil.</strong></span> <span class='ocrx_word' id='word_1_92' title='bbox 2291 1340 2434 1400; x_wconf 89' lang='lat' dir='ltr'><strong>haec</strong></span> <span class='ocrx_word' id='word_1_93' title='bbox 2472 1338 2775 1401; x_wconf 88' lang='lat' dir='ltr'><strong>observari</strong></span> <span class='ocrx_word' id='word_1_94' title='bbox 2812 1348 3057 1402; x_wconf 87' lang='lat' dir='ltr'><strong>eatenus</strong></span> 
     </span>
     <span class='ocr_line' id='line_1_11' title="bbox 445 1447 3056 1529; baseline 0.002 -25"><span class='ocrx_word' id='word_1_95' title='bbox 445 1453 753 1527; x_wconf 86' lang='lat' dir='ltr'><strong>poterunt,</strong></span> <span class='ocrx_word' id='word_1_96' title='bbox 801 1447 1233 1508; x_wconf 89' lang='lat' dir='ltr'><strong>consuetudine</strong></span> <span class='ocrx_word' id='word_1_97' title='bbox 1283 1449 1482 1528; x_wconf 82' lang='lat' dir='ltr'><strong>potius</strong></span> <span class='ocrx_word' id='word_1_98' title='bbox 1529 1466 1704 1527; x_wconf 87' lang='lat' dir='ltr'><strong>quam</strong></span> <span class='ocrx_word' id='word_1_99' title='bbox 1755 1450 2014 1529; x_wconf 80' lang='lat' dir='ltr'><strong>ratione,</strong></span> <span class='ocrx_word' id='word_1_100' title='bbox 2059 1450 2118 1508; x_wconf 92' lang='lat' dir='ltr'><strong>in</strong></span> <span class='ocrx_word' id='word_1_101' title='bbox 2168 1448 2260 1509; x_wconf 89' lang='lat' dir='ltr'><strong>his</strong></span> <span class='ocrx_word' id='word_1_102' title='bbox 2305 1449 2624 1528; x_wconf 85' lang='lat' dir='ltr'><strong>praecipue</strong></span> <span class='ocrx_word' id='word_1_103' title='bbox 2663 1447 2859 1508; x_wconf 87' lang='lat' dir='ltr'><strong>verbis</strong></span> <span class='ocrx_word' id='word_1_104' title='bbox 2905 1466 3056 1527; x_wconf 89' lang='lat' dir='ltr'><strong>quae</strong></span> 
     </span>
    </p>

    <p class='ocr_par' dir='ltr' id='par_1_9' title="bbox 370 1544 2212 1631">
     <span class='ocr_line' id='line_1_12' title="bbox 370 1544 2212 1631; baseline 0.007 -24"><span class='ocrx_word' id='word_1_105' title='bbox 370 1569 420 1607; x_wconf 84' lang='grc' dir='ltr'><strong>ιο</strong></span> <span class='ocrx_word' id='word_1_106' title='bbox 446 1550 903 1631; x_wconf 82' lang='lat' dir='ltr'><strong>adspirationem</strong></span> <span class='ocrx_word' id='word_1_107' title='bbox 950 1552 1169 1615; x_wconf 88' lang='lat' dir='ltr'><strong>hahere</strong></span> <span class='ocrx_word' id='word_1_108' title='bbox 1220 1554 1458 1616; x_wconf 88' lang='lat' dir='ltr'><strong>dehent.</strong></span> <span class='ocrx_word' id='word_1_109' title='bbox 2203 1544 2212 1551; x_wconf 48' lang='lat'>⁵</span> 
     </span>
    </p>

    <p class='ocr_par' dir='ltr' id='par_1_10' title="bbox 444 1657 3056 2064">
     <span class='ocr_line' id='line_1_13' title="bbox 619 1657 3056 1744; baseline 0.002 -26"><span class='ocrx_word' id='word_1_110' title='bbox 619 1657 667 1717; x_wconf 89' lang='lat' dir='ltr'>Y</span> <span class='ocrx_word' id='word_1_111' title='bbox 720 1659 917 1721; x_wconf 92' lang='lat' dir='ltr'><strong>littera</strong></span> <span class='ocrx_word' id='word_1_112' title='bbox 973 1663 1202 1741; x_wconf 80' lang='lat' dir='ltr'><strong>antiqui</strong></span> <span class='ocrx_word' id='word_1_113' title='bbox 1257 1680 1375 1723; x_wconf 90' lang='lat' dir='ltr'><strong>non</strong></span> <span class='ocrx_word' id='word_1_114' title='bbox 1433 1681 1670 1744; x_wconf 83' lang='lat' dir='ltr'><strong>semper</strong></span> <span class='ocrx_word' id='word_1_115' title='bbox 1728 1664 1824 1723; x_wconf 88' lang='lat' dir='ltr'><strong>usi</strong></span> <span class='ocrx_word' id='word_1_116' title='bbox 1880 1670 2047 1743; x_wconf 86' lang='lat' dir='ltr'><strong>sunt,</strong></span> <span class='ocrx_word' id='word_1_117' title='bbox 2102 1662 2206 1723; x_wconf 90' lang='lat' dir='ltr'><strong>sed</strong></span> <span class='ocrx_word' id='word_1_118' title='bbox 2263 1661 2575 1743; x_wconf 90' lang='lat' dir='ltr'><strong>aliquando</strong></span> <span class='ocrx_word' id='word_1_119' title='bbox 2630 1661 2760 1723; x_wconf 90' lang='lat' dir='ltr'><strong>loco</strong></span> <span class='ocrx_word' id='word_1_120' title='bbox 2811 1661 2969 1724; x_wconf 91' lang='lat' dir='ltr'><strong>illius</strong></span> <span class='ocrx_word' id='word_1_121' title='bbox 3016 1681 3056 1724; x_wconf 93' lang='lat' dir='ltr'><strong>u</strong></span> 
     </span>
     <span class='ocr_line' id='line_1_14' title="bbox 444 1764 3055 1850; baseline 0.002 -25"><span class='ocrx_word' id='word_1_122' title='bbox 444 1764 768 1844; x_wconf 84' lang='lat' dir='ltr'><strong>ponebant:</strong></span> <span class='ocrx_word' id='word_1_123' title='bbox 825 1768 1023 1847; x_wconf 86' lang='lat' dir='ltr'><strong>itaque</strong></span> <span class='ocrx_word' id='word_1_124' title='bbox 1080 1770 1142 1828; x_wconf 91' lang='lat' dir='ltr'><strong>in</strong></span> <span class='ocrx_word' id='word_1_125' title='bbox 1197 1766 1433 1830; x_wconf 88' lang='lat' dir='ltr'><strong>illorum</strong></span> <span class='ocrx_word' id='word_1_126' title='bbox 1492 1768 1731 1850; x_wconf 90' lang='lat' dir='ltr'><strong>quidem</strong></span> <span class='ocrx_word' id='word_1_127' title='bbox 1785 1766 1955 1829; x_wconf 83' lang='lat' dir='ltr'><strong>libris</strong></span> <span class='ocrx_word' id='word_1_128' title='bbox 2009 1766 2159 1829; x_wconf 89' lang='lat' dir='ltr'><strong>hanc</strong></span> <span class='ocrx_word' id='word_1_129' title='bbox 2219 1772 2574 1849; x_wconf 88' lang='lat' dir='ltr'><strong>scripturam</strong></span> <span class='ocrx_word' id='word_1_130' title='bbox 2629 1768 3055 1830; x_wconf 85' lang='lat' dir='ltr'><strong>observandam</strong></span> 
     </span>
     <span class='ocr_line' id='line_1_15' title="bbox 445 1872 3055 1958; baseline 0.002 -26"><span class='ocrx_word' id='word_1_131' title='bbox 445 1890 687 1953; x_wconf 89' lang='lat' dir='ltr'><strong>censeo,</strong></span> <span class='ocrx_word' id='word_1_132' title='bbox 744 1872 979 1935; x_wconf 88' lang='lat' dir='ltr'><strong>Suriam</strong></span> <span class='ocrx_word' id='word_1_133' title='bbox 1039 1874 1369 1937; x_wconf 88' lang='lat' dir='ltr'><strong>Suracusas</strong></span> <span class='ocrx_word' id='word_1_134' title='bbox 1428 1874 1697 1937; x_wconf 88' lang='lat' dir='ltr'><strong>sumbola</strong></span> <span class='ocrx_word' id='word_1_135' title='bbox 1753 1874 2178 1957; x_wconf 73' lang='lat' dir='ltr'><strong>sucophantaS‚</strong></span> <span class='ocrx_word' id='word_1_136' title='bbox 2247 1883 2306 1936; x_wconf 89' lang='lat' dir='ltr'><strong>at</strong></span> <span class='ocrx_word' id='word_1_137' title='bbox 2359 1879 2418 1937; x_wconf 93' lang='lat' dir='ltr'><strong>in</strong></span> <span class='ocrx_word' id='word_1_138' title='bbox 2476 1876 2695 1936; x_wconf 88' lang='lat' dir='ltr'><strong>nostris</strong></span> <span class='ocrx_word' id='word_1_139' title='bbox 2752 1880 3055 1958; x_wconf 89' lang='lat' dir='ltr'><strong>corrumpi</strong></span> 
     </span>
     <span class='ocr_line' id='line_1_16' title="bbox 446 1978 3055 2064; baseline 0.003 -26"><span class='ocrx_word' id='word_1_140' title='bbox 446 1996 563 2038; x_wconf 91' lang='lat' dir='ltr'><strong>non</strong></span> <span class='ocrx_word' id='word_1_141' title='bbox 621 1978 814 2041; x_wconf 88' lang='lat' dir='ltr'><strong>debet.</strong></span> <span class='ocrx_word' id='word_1_142' title='bbox 919 1980 1063 2042; x_wconf 91' lang='lat' dir='ltr'><strong>illud</strong></span> <span class='ocrx_word' id='word_1_143' title='bbox 1126 1985 1483 2045; x_wconf 90' lang='lat' dir='ltr'><strong>etiam.nou</strong></span> <span class='ocrx_word' id='word_1_144' title='bbox 1543 1981 1742 2064; x_wconf 82' lang='lat' dir='ltr'><strong>video,</strong></span> <span class='ocrx_word' id='word_1_145' title='bbox 1801 2000 1984 2060; x_wconf 88' lang='lat' dir='ltr'><strong>quare</strong></span> <span class='ocrx_word' id='word_1_146' title='bbox 2044 1982 2185 2044; x_wconf 90' lang='lat' dir='ltr'><strong>huic</strong></span> <span class='ocrx_word' id='word_1_147' title='bbox 2244 1982 2475 2043; x_wconf 86' lang='lat' dir='ltr'><strong>litterae</strong></span> <span class='ocrx_word' id='word_1_148' title='bbox 2535 1980 2575 2041; x_wconf 89' lang='lat' dir='ltr'><strong>h</strong></span> <span class='ocrx_word' id='word_1_149' title='bbox 2639 1980 3055 2062; x_wconf 86' lang='lat' dir='ltr'><strong>adspirationis</strong></span> 
     </span>
    </p>

    <p class='ocr_par' dir='ltr' id='par_1_11' title="bbox 370 2086 3053 2469">
     <span class='ocr_line' id='line_1_17' title="bbox 370 2086 3051 2175; baseline 0.002 -30"><span class='ocrx_word' id='word_1_150' title='bbox 370 2106 420 2146; x_wconf 84' lang='lat'><strong>15</strong></span> <span class='ocrx_word' id='word_1_151' title='bbox 446 2088 628 2165; x_wconf 82' lang='lat' dir='ltr'><strong>gratia</strong></span> <span class='ocrx_word' id='word_1_152' title='bbox 684 2086 1040 2149; x_wconf 88' lang='lat' dir='ltr'><strong>admoveam.</strong></span> <span class='ocrx_word' id='word_1_153' title='bbox 1115 2091 1269 2175; x_wconf 65' lang='lat' dir='ltr'><strong>ipsa,</strong></span> <span class='ocrx_word' id='word_1_154' title='bbox 1303 2092 1461 2150; x_wconf 90' lang='lat' dir='ltr'><strong>euim</strong></span> <span class='ocrx_word' id='word_1_155' title='bbox 1515 2108 1626 2169; x_wconf 86' lang='lat' dir='ltr'><strong>per</strong></span> <span class='ocrx_word' id='word_1_156' title='bbox 1682 2107 1745 2150; x_wconf 90' lang='lat' dir='ltr'><strong>se</strong></span> <span class='ocrx_word' id='word_1_157' title='bbox 1792 2089 1897 2150; x_wconf 91' lang='lat' dir='ltr'><strong>ads</strong></span> <span class='ocrx_word' id='word_1_158' title='bbox 1941 2091 2147 2151; x_wconf 89' lang='lat' dir='ltr'><strong>irativa</strong></span> <span class='ocrx_word' id='word_1_159' title='bbox 2193 2098 2286 2151; x_wconf 89' lang='lat' dir='ltr'><strong>est</strong></span> <span class='ocrx_word' id='word_1_160' title='bbox 2340 2098 2400 2150; x_wconf 89' lang='lat' dir='ltr'><strong>et</strong></span> <span class='ocrx_word' id='word_1_161' title='bbox 2462 2107 2837 2169; x_wconf 87' lang='lat' dir='ltr'><strong>quocumque</strong></span> <span class='ocrx_word' id='word_1_162' title='bbox 2888 2109 3051 2152; x_wconf 82' lang='lat' dir='ltr'><strong>voca-</strong></span> 
     </span>
     <span class='ocr_line' id='line_1_18' title="bbox 445 2109 3052 2305; baseline 0.002 -53"><span class='ocrx_word' id='word_1_163' title='bbox 445 2191 583 2253; x_wconf 85' lang='lat' dir='ltr'><strong>bulo</strong></span> <span class='ocrx_word' id='word_1_164' title='bbox 618 2194 879 2273; x_wconf 87' lang='lat' dir='ltr'><strong>primum</strong></span> <span class='ocrx_word' id='word_1_165' title='bbox 917 2192 1113 2257; x_wconf 88' lang='lat' dir='ltr'><strong>locuni</strong></span> <span class='ocrx_word' id='word_1_166' title='bbox 1154 2195 1453 2277; x_wconf 86' lang='lat' dir='ltr'><strong>habuerit,</strong></span> <span class='ocrx_word' id='word_1_167' title='bbox 1491 2109 2216 2305; x_wconf 54' lang='lat' dir='ltr'><strong>adspirdcinthus</strong></span> <span class='ocrx_word' id='word_1_168' title='bbox 2253 2195 2416 2257; x_wconf 89' lang='lat' dir='ltr'><strong>Yllus</strong></span> <span class='ocrx_word' id='word_1_169' title='bbox 2455 2194 2750 2279; x_wconf 87' lang='lat' dir='ltr'><strong>Ymettus;</strong></span> <span class='ocrx_word' id='word_1_170' title='bbox 2793 2204 2854 2257; x_wconf 86' lang='lat' dir='ltr'><strong>et</strong></span> <span class='ocrx_word' id='word_1_171' title='bbox 2891 2204 3052 2258; x_wconf 85' lang='lat' dir='ltr'><strong>tanto</strong></span> 
     </span>
     <span class='ocr_line' id='line_1_19' title="bbox 446 2298 3053 2383; baseline 0.002 -24"><span class='ocrx_word' id='word_1_172' title='bbox 446 2301 628 2379; x_wconf 81' lang='lat' dir='ltr'><strong>magis</strong></span> <span class='ocrx_word' id='word_1_173' title='bbox 674 2298 991 2381; x_wconf 85' lang='lat' dir='ltr'><strong>adspiratio</strong></span> <span class='ocrx_word' id='word_1_174' title='bbox 1039 2302 1303 2364; x_wconf 91' lang='lat' dir='ltr'><strong>addenda</strong></span> <span class='ocrx_word' id='word_1_175' title='bbox 1353 2322 1470 2364; x_wconf 91' lang='lat' dir='ltr'><strong>non</strong></span> <span class='ocrx_word' id='word_1_176' title='bbox 1519 2310 1639 2383; x_wconf 89' lang='lat' dir='ltr'><strong>est,</strong></span> <span class='ocrx_word' id='word_1_177' title='bbox 1685 2311 1908 2382; x_wconf 86' lang='lat' dir='ltr'><strong>quanto</strong></span> <span class='ocrx_word' id='word_1_178' title='bbox 1955 2302 2111 2383; x_wconf 88' lang='lat' dir='ltr'><strong>apud</strong></span> <span class='ocrx_word' id='word_1_179' title='bbox 2149 2301 2389 2363; x_wconf 87' lang='lat' dir='ltr'><strong>Latinos</strong></span> <span class='ocrx_word' id='word_1_180' title='bbox 2436 2301 2717 2363; x_wconf 82' lang='lat' dir='ltr'><strong>vocabula</strong></span> <span class='ocrx_word' id='word_1_181' title='bbox 2756 2321 2874 2364; x_wconf 90' lang='lat' dir='ltr'><strong>non</strong></span> <span class='ocrx_word' id='word_1_182' title='bbox 2913 2312 3053 2365; x_wconf 90' lang='lat' dir='ltr'><strong>sunt</strong></span> 
     </span>
     <span class='ocr_line' id='line_1_20' title="bbox 448 2405 1048 2469; baseline 0.008 -5"><span class='ocrx_word' id='word_1_183' title='bbox 448 2405 554 2466; x_wconf 90' lang='lat' dir='ltr'><strong>hac</strong></span> <span class='ocrx_word' id='word_1_184' title='bbox 598 2406 795 2469; x_wconf 89' lang='lat' dir='ltr'><strong>littera</strong></span> <span class='ocrx_word' id='word_1_185' title='bbox 831 2417 1048 2469; x_wconf 88' lang='lat' dir='ltr'><strong>notata.</strong></span> 
     </span>
    </p>
   </div>
   <div class='ocr_carea' id='block_1_3' title="bbox 1692 2148 2146 2256">
    <p class='ocr_par' dir='ltr' id='par_1_12' title="bbox 1692 2148 2146 2256">
     <span class='ocr_line' id='line_1_21' title="bbox 1692 2148 2146 2256; baseline 0 -104"><span class='ocrx_word' id='word_1_186' title='bbox 1692 2148 2146 2256; x_wconf 95' lang='lat' dir='ltr'><strong>   </strong></span> 
     </span>
    </p>
   </div>
   <div class='ocr_carea' id='block_1_4' title="bbox 1428 2480 1471 2510">
    <p class='ocr_par' dir='ltr' id='par_1_13' title="bbox 1428 2480 1471 2510">
     <span class='ocr_line' id='line_1_22' title="bbox 1428 2480 1471 2510; baseline 0 -7"><span class='ocrx_word' id='word_1_187' title='bbox 1428 2480 1471 2510; x_wconf 68' lang='lat'><strong>2--</strong></span> 
     </span>
    </p>
   </div>
   <div class='ocr_carea' id='block_1_5' title="bbox 445 2530 745 2538">
    <p class='ocr_par' dir='ltr' id='par_1_14' title="bbox 445 2530 745 2538">
     <span class='ocr_line' id='line_1_23' title="bbox 445 2530 745 2538; baseline 0 2990"><span class='ocrx_word' id='word_1_188' title='bbox 445 2530 745 2538; x_wconf 95' lang='lat' dir='ltr'><strong> </strong></span> 
     </span>
    </p>
   </div>
   <div class='ocr_carea' id='block_1_6' title="bbox 620 2579 2734 2651">
    <p class='ocr_par' dir='ltr' id='par_1_15' title="bbox 620 2579 2734 2651">
     <span class='ocr_line' id='line_1_24' title="bbox 620 2579 2734 2651; baseline 0.001 -17"><span class='ocrx_word' id='word_1_189' title='bbox 620 2585 649 2633; x_wconf 84' lang='lat' dir='ltr'><strong>‘l</strong></span> <span class='ocrx_word' id='word_1_190' title='bbox 688 2579 1002 2635; x_wconf 82' lang='lat' dir='ltr'><strong>Vehemens</strong></span> <span class='ocrx_word' id='word_1_191' title='bbox 1038 2580 1319 2651; x_wconf 76' lang='lat' dir='ltr'><strong>Papirian</strong></span> <span class='ocrx_word' id='word_1_192' title='bbox 1353 2586 1479 2647; x_wconf 86' lang='lat'><strong>159,</strong></span> <span class='ocrx_word' id='word_1_193' title='bbox 1516 2588 1590 2636; x_wconf 85' lang='grc'>18</span> <span class='ocrx_word' id='word_1_194' title='bbox 1736 2587 1798 2636; x_wconf 97' lang='grc'><strong>11</strong></span> <span class='ocrx_word' id='word_1_195' title='bbox 1839 2582 1894 2636; x_wconf 91' lang='lat' dir='ltr'><strong>Y</strong></span> <span class='ocrx_word' id='word_1_196' title='bbox 1928 2582 2122 2638; x_wconf 86' lang='lat' dir='ltr'><strong>littera</strong></span> <span class='ocrx_word' id='word_1_197' title='bbox 2161 2582 2456 2651; x_wconf 64' lang='lat' dir='ltr'><strong>Papiriam</strong></span> <span class='ocrx_word' id='word_1_198' title='bbox 2497 2586 2625 2650; x_wconf 86' lang='lat'><strong>160,</strong></span> <span class='ocrx_word' id='word_1_199' title='bbox 2661 2588 2734 2637; x_wconf 85' lang='lat'><strong>16</strong></span> 
     </span>
    </p>
   </div>
   <div class='ocr_carea' id='block_1_7' title="bbox 446 2689 863 2699">
    <p class='ocr_par' dir='ltr' id='par_1_16' title="bbox 446 2689 863 2699">
     <span class='ocr_line' id='line_1_25' title="bbox 446 2689 863 2699; baseline 0 2829"><span class='ocrx_word' id='word_1_200' title='bbox 446 2689 863 2699; x_wconf 95' lang='lat' dir='ltr'><strong> </strong></span> 
     </span>
    </p>
   </div>
   <div class='ocr_carea' id='block_1_8' title="bbox 414 2738 3054 4735">
    <p class='ocr_par' dir='ltr' id='par_1_17' title="bbox 443 2738 3054 3215">
     <span class='ocr_line' id='line_1_26' title="bbox 622 2738 3051 2816; baseline 0.002 -21"><span class='ocrx_word' id='word_1_201' title='bbox 622 2746 648 2795; x_wconf 91' lang='lat'>1</span> <span class='ocrx_word' id='word_1_202' title='bbox 687 2738 747 2796; x_wconf 92' lang='lat' dir='ltr'><strong>in</strong></span> <span class='ocrx_word' id='word_1_203' title='bbox 782 2740 928 2797; x_wconf 89' lang='lat' dir='ltr'><strong>libro</strong></span> <span class='ocrx_word' id='word_1_204' title='bbox 966 2757 1130 2813; x_wconf 87' lang='lat' dir='ltr'><strong>quem</strong></span> <span class='ocrx_word' id='word_1_205' title='bbox 1170 2742 1238 2798; x_wconf 90' lang='lat' dir='ltr'><strong>de</strong></span> <span class='ocrx_word' id='word_1_206' title='bbox 1275 2741 1645 2814; x_wconf 73' lang='lat' dir='ltr'><strong>grammatica</strong></span> <span class='ocrx_word' id='word_1_207' title='bbox 1680 2743 1858 2798; x_wconf 85' lang='lat' dir='ltr'><strong>Varro</strong></span> <span class='ocrx_word' id='word_1_208' title='bbox 1896 2741 2119 2814; x_wconf 78' lang='lat' dir='ltr'><strong>scripsit</strong></span> <span class='ocrx_word' id='word_1_209' title='bbox 2155 2742 2353 2799; x_wconf 79' lang='lat' dir='ltr'><strong>Carrio</strong></span> <span class='ocrx_word' id='word_1_210' title='bbox 2507 2742 2604 2812; x_wconf 87' lang='lat' dir='ltr'><strong>qui</strong></span> <span class='ocrx_word' id='word_1_211' title='bbox 2642 2745 2728 2800; x_wconf 88' lang='lat' dir='ltr'><strong>est</strong></span> <span class='ocrx_word' id='word_1_212' title='bbox 2764 2744 2833 2800; x_wconf 90' lang='lat' dir='ltr'><strong>de</strong></span> <span class='ocrx_word' id='word_1_213' title='bbox 2869 2762 3051 2816; x_wconf 80' lang='lat' dir='ltr'><strong>gram·</strong></span> 
     </span>
     <span class='ocr_line' id='line_1_27' title="bbox 447 2820 3052 2897; baseline 0.003 -24"><span class='ocrx_word' id='word_1_214' title='bbox 447 2820 648 2876; x_wconf 84' lang='lat' dir='ltr'><strong>matica</strong></span> <span class='ocrx_word' id='word_1_215' title='bbox 683 2822 802 2876; x_wconf 88' lang='lat' dir='ltr'><strong>AB</strong></span> <span class='ocrx_word' id='word_1_216' title='bbox 848 2829 958 2892; x_wconf 75' lang='lat' dir='ltr'><strong>qne</strong></span> <span class='ocrx_word' id='word_1_217' title='bbox 1004 2823 1075 2878; x_wconf 89' lang='lat' dir='ltr'><strong>de</strong></span> <span class='ocrx_word' id='word_1_218' title='bbox 1111 2821 1479 2893; x_wconf 81' lang='lat' dir='ltr'><strong>grammatica</strong></span> <span class='ocrx_word' id='word_1_219' title='bbox 1518 2821 1565 2876; x_wconf 81' lang='lat'><em>0</em></span> <span class='ocrx_word' id='word_1_220' title='bbox 1604 2822 1703 2892; x_wconf 87' lang='lat' dir='ltr'><strong>qui</strong></span> <span class='ocrx_word' id='word_1_221' title='bbox 1739 2825 1827 2878; x_wconf 83' lang='lat' dir='ltr'><strong>est</strong></span> <span class='ocrx_word' id='word_1_222' title='bbox 1876 2822 1929 2877; x_wconf 84' lang='lat' dir='ltr'><strong>’n</strong></span> <span class='ocrx_word' id='word_1_223' title='bbox 1966 2824 2336 2894; x_wconf 83' lang='lat' dir='ltr'><strong>grammatica</strong></span> <span class='ocrx_word' id='word_1_224' title='bbox 2371 2822 2504 2877; x_wconf 84' lang='lat' dir='ltr'><strong>Par.</strong></span> <span class='ocrx_word' id='word_1_225' title='bbox 2544 2838 2577 2880; x_wconf 86' lang='grc' dir='ltr'><strong><em>ς</em></strong></span> <span class='ocrx_word' id='word_1_226' title='bbox 2719 2823 2804 2878; x_wconf 85' lang='lat' dir='ltr'><strong>ita</strong></span> <span class='ocrx_word' id='word_1_227' title='bbox 2837 2825 2901 2897; x_wconf 90' lang='lat' dir='ltr'><strong>h]</strong></span> <span class='ocrx_word' id='word_1_228' title='bbox 2949 2826 3052 2881; x_wconf 84' lang='lat' dir='ltr'><strong>HA</strong></span> 
     </span>
     <span class='ocr_line' id='line_1_28' title="bbox 456 2841 3051 2975; baseline 0.003 -21"><span class='ocrx_word' id='word_1_229' title='bbox 456 2900 853 2957; x_wconf 68' lang='lat' dir='ltr'><strong>Wilmannsius</strong></span> <span class='ocrx_word' id='word_1_230' title='bbox 890 2904 956 2958; x_wconf 85' lang='lat' dir='ltr'><strong>de</strong></span> <span class='ocrx_word' id='word_1_231' title='bbox 993 2903 1154 2959; x_wconf 77' lang='lat' dir='ltr'><strong>Varr.</strong></span> <span class='ocrx_word' id='word_1_232' title='bbox 1185 2905 1306 2961; x_wconf 83' lang='lat' dir='ltr'><strong>libr.</strong></span> <span class='ocrx_word' id='word_1_233' title='bbox 1342 2920 1569 2973; x_wconf 63' lang='lat' dir='ltr'><strong>gramm.</strong></span> <span class='ocrx_word' id='word_1_234' title='bbox 1600 2921 1660 2973; x_wconf 78' lang='lat' dir='ltr'><strong>p.</strong></span> <span class='ocrx_word' id='word_1_235' title='bbox 1690 2841 2004 2972; x_wconf 40' lang='lat' dir='ltr'><strong>211dtem</strong></span> <span class='ocrx_word' id='word_1_236' title='bbox 2041 2904 2079 2957; x_wconf 92' lang='lat' dir='ltr'><strong>h</strong></span> <span class='ocrx_word' id='word_1_237' title='bbox 2114 2903 2445 2958; x_wconf 78' lang='lat' dir='ltr'><strong>Bitschelius</strong></span> <span class='ocrx_word' id='word_1_238' title='bbox 2480 2908 2683 2972; x_wconf 77' lang='lat' dir='ltr'><strong>quaest.</strong></span> <span class='ocrx_word' id='word_1_239' title='bbox 2724 2903 2884 2959; x_wconf 82' lang='lat' dir='ltr'><strong>Varr.</strong></span> <span class='ocrx_word' id='word_1_240' title='bbox 2905 2922 2967 2973; x_wconf 79' lang='lat' dir='ltr'><strong>p.</strong></span> <span class='ocrx_word' id='word_1_241' title='bbox 2999 2911 3051 2975; x_wconf 85' lang='lat'><strong>7,</strong></span> 
     </span>
     <span class='ocr_line' id='line_1_29' title="bbox 443 2979 3049 3055; baseline 0.002 -20"><span class='ocrx_word' id='word_1_242' title='bbox 443 2979 591 3036; x_wconf 89' lang='lat' dir='ltr'><strong>idem</strong></span> <span class='ocrx_word' id='word_1_243' title='bbox 625 2982 664 3037; x_wconf 91' lang='lat' dir='ltr'><strong>h</strong></span> <span class='ocrx_word' id='word_1_244' title='bbox 702 2982 770 3038; x_wconf 89' lang='lat' dir='ltr'><strong>L.</strong></span> <span class='ocrx_word' id='word_1_245' title='bbox 801 2983 1109 3039; x_wconf 76' lang='lat' dir='ltr'><strong>Muellerus</strong></span> <span class='ocrx_word' id='word_1_246' title='bbox 1142 3001 1277 3039; x_wconf 77' lang='lat' dir='ltr'><strong>mus.</strong></span> <span class='ocrx_word' id='word_1_247' title='bbox 1306 2984 1480 3041; x_wconf 79' lang='lat' dir='ltr'><strong>Rhen.</strong></span> <span class='ocrx_word' id='word_1_248' title='bbox 1513 3002 1562 3039; x_wconf 85' lang='lat' dir='ltr'><strong>v.</strong></span> <span class='ocrx_word' id='word_1_249' title='bbox 1598 2985 1724 3038; x_wconf 86' lang='lat' dir='ltr'><strong>XX</strong></span> <span class='ocrx_word' id='word_1_250' title='bbox 1757 2987 1834 3050; x_wconf 82' lang='lat' dir='ltr'><strong>(a.</strong></span> <span class='ocrx_word' id='word_1_251' title='bbox 1865 2989 2039 3050; x_wconf 79' lang='lat'><em>1365)</em></span> <span class='ocrx_word' id='word_1_252' title='bbox 2065 3001 2127 3053; x_wconf 80' lang='lat' dir='ltr'><strong>p.</strong></span> <span class='ocrx_word' id='word_1_253' title='bbox 2155 2988 2272 3039; x_wconf 75' lang='lat'><strong>264</strong></span> <span class='ocrx_word' id='word_1_254' title='bbox 2415 2988 2447 3037; x_wconf 81' lang='lat'>2</span> <span class='ocrx_word' id='word_1_255' title='bbox 2488 2982 2800 3052; x_wconf 87' lang='lat' dir='ltr'><strong>disputauit</strong></span> <span class='ocrx_word' id='word_1_256' title='bbox 2837 2983 3049 3055; x_wconf 80' lang='lat' dir='ltr'><strong>Carrio,</strong></span> 
     </span>
     <span class='ocr_line' id='line_1_30' title="bbox 446 3060 3054 3134; baseline 0.002 -19"><span class='ocrx_word' id='word_1_257' title='bbox 446 3060 731 3131; x_wconf 84' lang='lat' dir='ltr'><strong>disputant</strong></span> <span class='ocrx_word' id='word_1_258' title='bbox 770 3062 818 3118; x_wconf 80' lang='lat'><em>0</em></span> <span class='ocrx_word' id='word_1_259' title='bbox 848 3062 1100 3134; x_wconf 83' lang='lat' dir='ltr'><strong>disputat</strong></span> <span class='ocrx_word' id='word_1_260' title='bbox 1136 3064 1301 3123; x_wconf 77' lang='grc' dir='ltr'><strong>ΑΒς</strong></span> <span class='ocrx_word' id='word_1_261' title='bbox 1408 3080 1552 3134; x_wconf 87' lang='lat' dir='ltr'><strong>quae</strong></span> <span class='ocrx_word' id='word_1_262' title='bbox 1588 3063 1769 3118; x_wconf 83' lang='lat' dir='ltr'><strong>multo</strong></span> <span class='ocrx_word' id='word_1_263' title='bbox 1804 3063 1862 3116; x_wconf 99' lang='grc' dir='ltr'><strong><em>Β</em></strong></span> <span class='ocrx_word' id='word_1_264' title='bbox 1979 3079 2148 3133; x_wconf 83' lang='lat' dir='ltr'><strong>qnam</strong></span> <span class='ocrx_word' id='word_1_265' title='bbox 2186 3064 2338 3132; x_wconf 87' lang='lat' dir='ltr'><strong>quod</strong></span> <span class='ocrx_word' id='word_1_266' title='bbox 2373 3082 2409 3117; x_wconf 87' lang='lat' dir='ltr'>x</span> <span class='ocrx_word' id='word_1_267' title='bbox 2445 3062 2578 3119; x_wconf 86' lang='lat' dir='ltr'><strong>Par.</strong></span> <span class='ocrx_word' id='word_1_268' title='bbox 2618 3078 2676 3130; x_wconf 84' lang='grc' dir='ltr'><strong>ς,</strong></span> <span class='ocrx_word' id='word_1_269' title='bbox 2714 3080 2883 3132; x_wconf 87' lang='lat' dir='ltr'><strong>quam</strong></span> <span class='ocrx_word' id='word_1_270' title='bbox 2919 3064 3054 3133; x_wconf 80' lang='lat' dir='ltr'><strong>quia</strong></span> 
     </span>
     <span class='ocr_line' id='line_1_31' title="bbox 444 3141 3053 3215; baseline 0.003 -21"><span class='ocrx_word' id='word_1_271' title='bbox 444 3157 480 3194; x_wconf 86' lang='lat' dir='ltr'>x</span> <span class='ocrx_word' id='word_1_272' title='bbox 514 3143 567 3195; x_wconf 94' lang='lat' dir='ltr'><strong><em>A</em></strong></span> <span class='ocrx_word' id='word_1_273' title='bbox 602 3159 770 3212; x_wconf 84' lang='lat' dir='ltr'><strong>quam</strong></span> <span class='ocrx_word' id='word_1_274' title='bbox 808 3161 915 3212; x_wconf 87' lang='lat' dir='ltr'><strong>que</strong></span> <span class='ocrx_word' id='word_1_275' title='bbox 952 3162 987 3198; x_wconf 83' lang='lat' dir='ltr'>x</span> <span class='ocrx_word' id='word_1_276' title='bbox 1021 3144 1078 3197; x_wconf 98' lang='grc' dir='ltr'><strong><em>Β</em></strong></span> <span class='ocrx_word' id='word_1_277' title='bbox 1115 3160 1351 3215; x_wconf 82' lang='lat' dir='ltr'><strong>quamq3</strong></span> <span class='ocrx_word' id='word_1_278' title='bbox 1388 3162 1424 3198; x_wconf 80' lang='lat' dir='ltr'>x</span> <span class='ocrx_word' id='word_1_279' title='bbox 1463 3142 1528 3212; x_wconf 83' lang='lat'><strong>0,</strong></span> <span class='ocrx_word' id='word_1_280' title='bbox 1579 3161 1749 3212; x_wconf 88' lang='lat' dir='ltr'><strong>quam</strong></span> <span class='ocrx_word' id='word_1_281' title='bbox 1787 3142 1937 3213; x_wconf 88' lang='lat' dir='ltr'><strong>quod</strong></span> <span class='ocrx_word' id='word_1_282' title='bbox 1974 3142 2024 3196; x_wconf 89' lang='lat' dir='ltr'>K</span> <span class='ocrx_word' id='word_1_283' title='bbox 2060 3148 2110 3198; x_wconf 85' lang='lat' dir='ltr'><strong>et</strong></span> <span class='ocrx_word' id='word_1_284' title='bbox 2145 3144 2339 3197; x_wconf 80' lang='lat' dir='ltr'><strong>deinde</strong></span> <span class='ocrx_word' id='word_1_285' title='bbox 2375 3143 2440 3197; x_wconf 83' lang='lat' dir='ltr'><strong>ut</strong></span> <span class='ocrx_word' id='word_1_286' title='bbox 2473 3141 2527 3195; x_wconf 90' lang='lat' dir='ltr'>H</span> <span class='ocrx_word' id='word_1_287' title='bbox 2563 3143 2622 3197; x_wconf 88' lang='lat' dir='ltr'><strong>et</strong></span> <span class='ocrx_word' id='word_1_288' title='bbox 2657 3141 2707 3195; x_wconf 89' lang='lat' dir='ltr'>K</span> <span class='ocrx_word' id='word_1_289' title='bbox 2747 3144 3053 3201; x_wconf 71' lang='lat' dir='ltr'><strong>Muellerus</strong></span> 
     </span>
    </p>

    <p class='ocr_par' dir='ltr' id='par_1_18' title="bbox 414 3221 3052 4498">
     <span class='ocr_line' id='line_1_32' title="bbox 547 3221 3051 3295; baseline 0.002 -20"><span class='ocrx_word' id='word_1_290' title='bbox 547 3227 578 3275; x_wconf 81' lang='lat'><strong>3</strong></span> <span class='ocrx_word' id='word_1_291' title='bbox 616 3221 752 3289; x_wconf 87' lang='lat' dir='ltr'><strong>quid</strong></span> <span class='ocrx_word' id='word_1_292' title='bbox 787 3222 1033 3278; x_wconf 83' lang='lat' dir='ltr'><strong>voluerit</strong></span> <span class='ocrx_word' id='word_1_293' title='bbox 1071 3223 1399 3292; x_wconf 77' lang='lat' dir='ltr'><strong>Muellerus,</strong></span> <span class='ocrx_word' id='word_1_294' title='bbox 1437 3221 1572 3291; x_wconf 87' lang='lat' dir='ltr'><strong>quid</strong></span> <span class='ocrx_word' id='word_1_295' title='bbox 1609 3221 1818 3277; x_wconf 86' lang='lat' dir='ltr'><strong>uiderit</strong></span> <span class='ocrx_word' id='word_1_296' title='bbox 1852 3221 2033 3276; x_wconf 83' lang='lat' dir='ltr'><strong>ABG</strong></span> <span class='ocrx_word' id='word_1_297' title='bbox 2050 3222 2189 3277; x_wconf 82' lang='lat' dir='ltr'><strong>Par.</strong></span> <span class='ocrx_word' id='word_1_298' title='bbox 2210 3237 2243 3280; x_wconf 89' lang='grc' dir='ltr'><strong><em>ς</em></strong></span> <span class='ocrx_word' id='word_1_299' title='bbox 2422 3229 2457 3276; x_wconf 83' lang='lat'>4</span> <span class='ocrx_word' id='word_1_300' title='bbox 2491 3221 2806 3277; x_wconf 86' lang='lat' dir='ltr'><strong>litterarum</strong></span> <span class='ocrx_word' id='word_1_301' title='bbox 2843 3225 3051 3295; x_wconf 88' lang='lat' dir='ltr'><strong>partim</strong></span> 
     </span>
     <span class='ocr_line' id='line_1_33' title="bbox 447 3301 3051 3373; baseline 0.002 -18"><span class='ocrx_word' id='word_1_302' title='bbox 447 3304 573 3356; x_wconf 82' lang='lat' dir='ltr'><strong>sunt</strong></span> <span class='ocrx_word' id='word_1_303' title='bbox 607 3303 664 3357; x_wconf 87' lang='lat' dir='ltr'><strong>et</strong></span> <span class='ocrx_word' id='word_1_304' title='bbox 699 3301 960 3357; x_wconf 83' lang='lat' dir='ltr'><strong>dicuntur</strong></span> <span class='ocrx_word' id='word_1_305' title='bbox 996 3304 1061 3357; x_wconf 86' lang='lat' dir='ltr'><strong>ut</strong></span> <span class='ocrx_word' id='word_1_306' title='bbox 1097 3304 1145 3357; x_wconf 87' lang='lat' dir='ltr'>A</span> <span class='ocrx_word' id='word_1_307' title='bbox 1174 3305 1234 3358; x_wconf 86' lang='lat' dir='ltr'><strong>et</strong></span> <span class='ocrx_word' id='word_1_308' title='bbox 1261 3302 1306 3356; x_wconf 93' lang='lat' dir='ltr'>B</span> <span class='ocrx_word' id='word_1_309' title='bbox 1344 3305 1404 3358; x_wconf 87' lang='lat' dir='ltr'><strong>et</strong></span> <span class='ocrx_word' id='word_1_310' title='bbox 1440 3303 1477 3357; x_wconf 91' lang='lat' dir='ltr'><strong>h</strong></span> <span class='ocrx_word' id='word_1_311' title='bbox 1506 3303 1565 3358; x_wconf 81' lang='lat' dir='ltr'><strong>et</strong></span> <span class='ocrx_word' id='word_1_312' title='bbox 1591 3321 1627 3357; x_wconf 82' lang='lat' dir='ltr'>x</span> <span class='ocrx_word' id='word_1_313' title='bbox 1663 3303 1871 3373; x_wconf 85' lang='lat' dir='ltr'><strong>partim</strong></span> <span class='ocrx_word' id='word_1_314' title='bbox 1912 3303 2043 3357; x_wconf 86' lang='lat' dir='ltr'><strong>sunt</strong></span> <span class='ocrx_word' id='word_1_315' title='bbox 2079 3319 2223 3372; x_wconf 81' lang='lat' dir='ltr'><strong>quae</strong></span> <span class='ocrx_word' id='word_1_316' title='bbox 2261 3319 2440 3372; x_wconf 88' lang='lat' dir='ltr'><strong>neque</strong></span> <span class='ocrx_word' id='word_1_317' title='bbox 2478 3301 2737 3357; x_wconf 86' lang='lat' dir='ltr'><strong>dicuntur</strong></span> <span class='ocrx_word' id='word_1_318' title='bbox 2772 3305 3051 3373; x_wconf 76' lang='lat' dir='ltr'><strong>quaedam</strong></span> 
     </span>
     <span class='ocr_line' id='line_1_34' title="bbox 443 3380 3050 3455; baseline 0.003 -20"><span class='ocrx_word' id='word_1_319' title='bbox 443 3397 620 3450; x_wconf 86' lang='lat' dir='ltr'><strong>neque</strong></span> <span class='ocrx_word' id='word_1_320' title='bbox 669 3384 800 3436; x_wconf 85' lang='lat' dir='ltr'><strong>sunt</strong></span> <span class='ocrx_word' id='word_1_321' title='bbox 843 3399 1026 3452; x_wconf 88' lang='lat' dir='ltr'><strong>neque</strong></span> <span class='ocrx_word' id='word_1_322' title='bbox 1071 3382 1332 3438; x_wconf 84' lang='lat' dir='ltr'><strong>dicuntur</strong></span> <span class='ocrx_word' id='word_1_323' title='bbox 1368 3385 1433 3437; x_wconf 85' lang='lat' dir='ltr'><strong>ut</strong></span> <span class='ocrx_word' id='word_1_324' title='bbox 1476 3382 1576 3453; x_wconf 87' lang='lat' dir='ltr'><strong>phi</strong></span> <span class='ocrx_word' id='word_1_325' title='bbox 1620 3399 1657 3451; x_wconf 81' lang='lat' dir='ltr'><strong>y</strong></span> <span class='ocrx_word' id='word_1_326' title='bbox 1694 3384 1780 3448; x_wconf 84' lang='lat' dir='ltr'><strong>(ut</strong></span> <span class='ocrx_word' id='word_1_327' title='bbox 1818 3384 1865 3435; x_wconf 85' lang='grc' dir='ltr'>Φ</span> <span class='ocrx_word' id='word_1_328' title='bbox 1907 3385 1968 3436; x_wconf 82' lang='grc' dir='ltr'>Ψ</span> <span class='ocrx_word' id='word_1_329' title='bbox 2000 3384 2142 3453; x_wconf 79' lang='lat' dir='ltr'><strong>edd.)</strong></span> <span class='ocrx_word' id='word_1_330' title='bbox 2178 3383 2280 3442; x_wconf 89' lang='grc' dir='ltr'><strong>Βς</strong></span> <span class='ocrx_word' id='word_1_331' title='bbox 2299 3383 2451 3448; x_wconf 62' lang='lat' dir='ltr'><strong>Par„</strong></span> <span class='ocrx_word' id='word_1_332' title='bbox 2488 3380 2803 3438; x_wconf 84' lang='lat' dir='ltr'><strong>litterarum</strong></span> <span class='ocrx_word' id='word_1_333' title='bbox 2840 3386 3050 3455; x_wconf 86' lang='lat' dir='ltr'><strong>partim</strong></span> 
     </span>
     <span class='ocr_line' id='line_1_35' title="bbox 444 3461 3052 3533; baseline 0.002 -16"><span class='ocrx_word' id='word_1_334' title='bbox 444 3464 572 3517; x_wconf 82' lang='lat' dir='ltr'><strong>sunt</strong></span> <span class='ocrx_word' id='word_1_335' title='bbox 607 3464 666 3516; x_wconf 83' lang='lat' dir='ltr'><strong>et</strong></span> <span class='ocrx_word' id='word_1_336' title='bbox 699 3461 961 3517; x_wconf 85' lang='lat' dir='ltr'><strong>dicuntur</strong></span> <span class='ocrx_word' id='word_1_337' title='bbox 995 3466 1061 3519; x_wconf 87' lang='lat' dir='ltr'><strong>ut</strong></span> <span class='ocrx_word' id='word_1_338' title='bbox 1086 3479 1122 3517; x_wconf 87' lang='lat' dir='ltr'><strong>a</strong></span> <span class='ocrx_word' id='word_1_339' title='bbox 1149 3465 1208 3518; x_wconf 88' lang='lat' dir='ltr'><strong>et</strong></span> <span class='ocrx_word' id='word_1_340' title='bbox 1232 3463 1270 3517; x_wconf 92' lang='lat' dir='ltr'>b</span> <span class='ocrx_word' id='word_1_341' title='bbox 1297 3462 1334 3516; x_wconf 92' lang='lat' dir='ltr'><strong>h</strong></span> <span class='ocrx_word' id='word_1_342' title='bbox 1365 3465 1423 3516; x_wconf 90' lang='lat' dir='ltr'><strong>et</strong></span> <span class='ocrx_word' id='word_1_343' title='bbox 1448 3480 1483 3516; x_wconf 85' lang='lat' dir='ltr'>x</span> <span class='ocrx_word' id='word_1_344' title='bbox 1512 3464 1598 3531; x_wconf 87' lang='lat' dir='ltr'><strong>(ut</strong></span> <span class='ocrx_word' id='word_1_345' title='bbox 1623 3477 1659 3515; x_wconf 83' lang='lat' dir='ltr'><strong>a</strong></span> <span class='ocrx_word' id='word_1_346' title='bbox 1685 3461 1723 3515; x_wconf 92' lang='lat' dir='ltr'>b</span> <span class='ocrx_word' id='word_1_347' title='bbox 1752 3464 1811 3516; x_wconf 85' lang='lat' dir='ltr'><strong>et</strong></span> <span class='ocrx_word' id='word_1_348' title='bbox 1835 3461 1873 3514; x_wconf 92' lang='lat' dir='ltr'><strong>h</strong></span> <span class='ocrx_word' id='word_1_349' title='bbox 1903 3463 1961 3517; x_wconf 90' lang='lat' dir='ltr'><strong>et</strong></span> <span class='ocrx_word' id='word_1_350' title='bbox 1986 3480 2021 3516; x_wconf 83' lang='lat' dir='ltr'>x</span> <span class='ocrx_word' id='word_1_351' title='bbox 2053 3462 2124 3533; x_wconf 80' lang='lat' dir='ltr'><strong>G)</strong></span> <span class='ocrx_word' id='word_1_352' title='bbox 2161 3464 2367 3533; x_wconf 78' lang='lat' dir='ltr'><strong>partim</strong></span> <span class='ocrx_word' id='word_1_353' title='bbox 2405 3463 2537 3515; x_wconf 84' lang='lat' dir='ltr'><strong>sunt</strong></span> <span class='ocrx_word' id='word_1_354' title='bbox 2569 3477 2752 3530; x_wconf 88' lang='lat' dir='ltr'><strong>neque</strong></span> <span class='ocrx_word' id='word_1_355' title='bbox 2790 3463 3052 3521; x_wconf 86' lang='lat' dir='ltr'><strong>dicuntur</strong></span> 
     </span>
     <span class='ocr_line' id='line_1_36' title="bbox 442 3540 3051 3613; baseline 0.002 -18"><span class='ocrx_word' id='word_1_356' title='bbox 442 3542 506 3595; x_wconf 85' lang='lat' dir='ltr'><strong>nt</strong></span> <span class='ocrx_word' id='word_1_357' title='bbox 536 3540 639 3611; x_wconf 89' lang='lat' dir='ltr'><strong>phi</strong></span> <span class='ocrx_word' id='word_1_358' title='bbox 681 3544 743 3595; x_wconf 82' lang='grc' dir='ltr'>Ψ</span> <span class='ocrx_word' id='word_1_359' title='bbox 772 3541 908 3608; x_wconf 82' lang='lat' dir='ltr'><strong>AC,</strong></span> <span class='ocrx_word' id='word_1_360' title='bbox 947 3542 1264 3597; x_wconf 84' lang='lat' dir='ltr'><strong>litterarum</strong></span> <span class='ocrx_word' id='word_1_361' title='bbox 1300 3541 1508 3613; x_wconf 85' lang='lat' dir='ltr'><strong>partim</strong></span> <span class='ocrx_word' id='word_1_362' title='bbox 1546 3542 1678 3597; x_wconf 88' lang='lat' dir='ltr'><strong>sunt</strong></span> <span class='ocrx_word' id='word_1_363' title='bbox 1713 3543 1773 3596; x_wconf 87' lang='lat' dir='ltr'><strong>et</strong></span> <span class='ocrx_word' id='word_1_364' title='bbox 1811 3540 2103 3612; x_wconf 84' lang='lat' dir='ltr'><strong>dicuntur,</strong></span> <span class='ocrx_word' id='word_1_365' title='bbox 2140 3545 2206 3597; x_wconf 87' lang='lat' dir='ltr'><strong>ut</strong></span> <span class='ocrx_word' id='word_1_366' title='bbox 2242 3543 2289 3596; x_wconf 81' lang='lat' dir='ltr'>A</span> <span class='ocrx_word' id='word_1_367' title='bbox 2327 3544 2386 3597; x_wconf 88' lang='lat' dir='ltr'><strong>et</strong></span> <span class='ocrx_word' id='word_1_368' title='bbox 2422 3541 2496 3608; x_wconf 89' lang='lat' dir='ltr'><strong>B,</strong></span> <span class='ocrx_word' id='word_1_369' title='bbox 2544 3544 2751 3610; x_wconf 85' lang='lat' dir='ltr'><strong>partim</strong></span> <span class='ocrx_word' id='word_1_370' title='bbox 2790 3543 3051 3601; x_wconf 85' lang='lat' dir='ltr'><strong>dicuntur</strong></span> 
     </span>
     <span class='ocr_line' id='line_1_37' title="bbox 444 3620 3049 3695; baseline 0.003 -22"><span class='ocrx_word' id='word_1_371' title='bbox 444 3621 501 3674; x_wconf 87' lang='lat' dir='ltr'><strong>et</strong></span> <span class='ocrx_word' id='word_1_372' title='bbox 534 3635 641 3674; x_wconf 90' lang='lat' dir='ltr'><strong>non</strong></span> <span class='ocrx_word' id='word_1_373' title='bbox 681 3623 835 3690; x_wconf 86' lang='lat' dir='ltr'><strong>sunt,</strong></span> <span class='ocrx_word' id='word_1_374' title='bbox 874 3624 939 3676; x_wconf 87' lang='lat' dir='ltr'><strong>ut</strong></span> <span class='ocrx_word' id='word_1_375' title='bbox 974 3622 1026 3676; x_wconf 91' lang='lat' dir='ltr'>H</span> <span class='ocrx_word' id='word_1_376' title='bbox 1064 3624 1123 3678; x_wconf 83' lang='lat' dir='ltr'><strong>et</strong></span> <span class='ocrx_word' id='word_1_377' title='bbox 1158 3623 1233 3692; x_wconf 87' lang='lat' dir='ltr'><strong>X,</strong></span> <span class='ocrx_word' id='word_1_378' title='bbox 1280 3622 1487 3692; x_wconf 86' lang='lat' dir='ltr'><strong>partim</strong></span> <span class='ocrx_word' id='word_1_379' title='bbox 1527 3626 1659 3678; x_wconf 87' lang='lat' dir='ltr'><strong>sunt</strong></span> <span class='ocrx_word' id='word_1_380' title='bbox 1706 3640 1888 3692; x_wconf 89' lang='lat' dir='ltr'><strong>neque</strong></span> <span class='ocrx_word' id='word_1_381' title='bbox 1925 3622 2213 3692; x_wconf 84' lang='lat' dir='ltr'><strong>dicuntur,</strong></span> <span class='ocrx_word' id='word_1_382' title='bbox 2258 3624 2323 3679; x_wconf 84' lang='lat' dir='ltr'><strong>ut</strong></span> <span class='ocrx_word' id='word_1_383' title='bbox 2360 3625 2407 3676; x_wconf 85' lang='grc' dir='ltr'>Φ</span> <span class='ocrx_word' id='word_1_384' title='bbox 2435 3624 2496 3675; x_wconf 79' lang='grc' dir='ltr'>Ψ</span> <span class='ocrx_word' id='word_1_385' title='bbox 2529 3620 2740 3679; x_wconf 76' lang='lat' dir='ltr'><strong>Carrio,</strong></span> <span class='ocrx_word' id='word_1_386' title='bbox 2796 3625 2861 3680; x_wconf 82' lang='lat' dir='ltr'><strong>de</strong></span> <span class='ocrx_word' id='word_1_387' title='bbox 2894 3642 3049 3695; x_wconf 68' lang='lat' dir='ltr'><strong>qrae-</strong></span> 
     </span>
     <span class='ocr_line' id='line_1_38' title="bbox 445 3702 3051 3775; baseline 0.002 -18"><span class='ocrx_word' id='word_1_388' title='bbox 445 3703 520 3757; x_wconf 79' lang='lat' dir='ltr'><strong>cis</strong></span> <span class='ocrx_word' id='word_1_389' title='bbox 545 3706 595 3756; x_wconf 79' lang='lat' dir='ltr'><strong>et</strong></span> <span class='ocrx_word' id='word_1_390' title='bbox 630 3702 824 3757; x_wconf 77' lang='lat' dir='ltr'><strong>latinis</strong></span> <span class='ocrx_word' id='word_1_391' title='bbox 860 3703 1056 3757; x_wconf 75' lang='lat' dir='ltr'><strong>litteris</strong></span> <span class='ocrx_word' id='word_1_392' title='bbox 1090 3703 1188 3758; x_wconf 78' lang='lat' dir='ltr'><strong>hoc</strong></span> <span class='ocrx_word' id='word_1_393' title='bbox 1214 3704 1460 3758; x_wconf 73' lang='lat' dir='ltr'><strong>docuisse</strong></span> <span class='ocrx_word' id='word_1_394' title='bbox 1485 3705 1703 3760; x_wconf 77' lang='lat' dir='ltr'><strong>videtur</strong></span> <span class='ocrx_word' id='word_1_395' title='bbox 1741 3705 1923 3760; x_wconf 81' lang='lat' dir='ltr'><strong>Varro</strong></span> <span class='ocrx_word' id='word_1_396' title='bbox 1937 3747 1950 3771; x_wconf 93' lang='lat'><strong>,</strong></span> <span class='ocrx_word' id='word_1_397' title='bbox 1986 3720 2212 3775; x_wconf 74' lang='lat' dir='ltr'><strong>yraecas</strong></span> <span class='ocrx_word' id='word_1_398' title='bbox 2239 3705 2450 3758; x_wconf 82' lang='lat' dir='ltr'><strong>litteras</strong></span> <span class='ocrx_word' id='word_1_399' title='bbox 2467 3703 2682 3771; x_wconf 79' lang='lat' dir='ltr'><strong>partim</strong></span> <span class='ocrx_word' id='word_1_400' title='bbox 2709 3706 2915 3759; x_wconf 83' lang='lat' dir='ltr'><strong>easdem</strong></span> <span class='ocrx_word' id='word_1_401' title='bbox 2943 3723 3051 3762; x_wconf 83' lang='lat' dir='ltr'><strong>esse</strong></span> 
     </span>
     <span class='ocr_line' id='line_1_39' title="bbox 442 3781 3051 3874; baseline 0.003 -39"><span class='ocrx_word' id='word_1_402' title='bbox 442 3782 591 3850; x_wconf 77' lang='lat' dir='ltr'><strong>apud</strong></span> <span class='ocrx_word' id='word_1_403' title='bbox 626 3781 885 3850; x_wconf 77' lang='lat' dir='ltr'><strong>Latinos,</strong></span> <span class='ocrx_word' id='word_1_404' title='bbox 923 3783 1137 3850; x_wconf 79' lang='lat' dir='ltr'><strong>partim</strong></span> <span class='ocrx_word' id='word_1_405' title='bbox 1181 3789 1421 3853; x_wconf 80' lang='lat' dir='ltr'><strong>receptas</strong></span> <span class='ocrx_word' id='word_1_406' title='bbox 1465 3785 1707 3853; x_wconf 75' lang='lat' dir='ltr'><strong>quidem,</strong></span> <span class='ocrx_word' id='word_1_407' title='bbox 1749 3785 1845 3839; x_wconf 84' lang='lat' dir='ltr'><strong>sed</strong></span> <span class='ocrx_word' id='word_1_408' title='bbox 1889 3786 2106 3839; x_wconf 81' lang='lat' dir='ltr'><strong>diversa</strong></span> <span class='ocrx_word' id='word_1_409' title='bbox 2147 3788 2437 3853; x_wconf 71' lang='lat' dir='ltr'><strong>potestate,</strong></span> <span class='ocrx_word' id='word_1_410' title='bbox 2476 3783 2690 3851; x_wconf 78' lang='lat' dir='ltr'><strong>partim</strong></span> <span class='ocrx_word' id='word_1_411' title='bbox 2739 3802 2914 3874; x_wconf 56' lang='lat' dir='ltr'><strong>neqtff</strong></span> <span class='ocrx_word' id='word_1_412' title='bbox 2943 3803 3051 3842; x_wconf 84' lang='lat' dir='ltr'><strong>esse</strong></span> 
     </span>
     <span class='ocr_line' id='line_1_40' title="bbox 441 3862 3051 3935; baseline 0.002 -18"><span class='ocrx_word' id='word_1_413' title='bbox 441 3879 605 3933; x_wconf 73' lang='lat' dir='ltr'><strong>neque</strong></span> <span class='ocrx_word' id='word_1_414' title='bbox 640 3864 781 3928; x_wconf 73' lang='lat' dir='ltr'><strong>dici,</strong></span> <span class='ocrx_word' id='word_1_415' title='bbox 816 3862 868 3918; x_wconf 75' lang='lat' dir='ltr'><strong>h.</strong></span> <span class='ocrx_word' id='word_1_416' title='bbox 905 3878 948 3916; x_wconf 84' lang='lat' dir='ltr'><strong>e.</strong></span> <span class='ocrx_word' id='word_1_417' title='bbox 986 3878 1155 3931; x_wconf 75' lang='lat' dir='ltr'><strong>neque</strong></span> <span class='ocrx_word' id='word_1_418' title='bbox 1188 3863 1423 3929; x_wconf 80' lang='lat' dir='ltr'><strong>sormam</strong></span> <span class='ocrx_word' id='word_1_419' title='bbox 1459 3865 1702 3920; x_wconf 77' lang='lat' dir='ltr'><strong>inveniri</strong></span> <span class='ocrx_word' id='word_1_420' title='bbox 1736 3882 1907 3935; x_wconf 78' lang='lat' dir='ltr'><strong>neque</strong></span> <span class='ocrx_word' id='word_1_421' title='bbox 1941 3881 2134 3919; x_wconf 75' lang='lat' dir='ltr'><strong>sonum</strong></span> <span class='ocrx_word' id='word_1_422' title='bbox 2170 3866 2341 3918; x_wconf 71' lang='lat' dir='ltr'><strong>unius</strong></span> <span class='ocrx_word' id='word_1_423' title='bbox 2376 3864 2589 3917; x_wconf 78' lang='lat' dir='ltr'><strong>litterae</strong></span> <span class='ocrx_word' id='word_1_424' title='bbox 2617 3869 2751 3918; x_wconf 80' lang='lat' dir='ltr'><strong>nota</strong></span> <span class='ocrx_word' id='word_1_425' title='bbox 2786 3868 3051 3935; x_wconf 73' lang='lat' dir='ltr'><strong>exprimi:</strong></span> 
     </span>
     <span class='ocr_line' id='line_1_41' title="bbox 441 3941 3048 4011; baseline 0.003 -16"><span class='ocrx_word' id='word_1_426' title='bbox 441 3943 508 4008; x_wconf 76' lang='lat' dir='ltr'><strong>cf.</strong></span> <span class='ocrx_word' id='word_1_427' title='bbox 527 3941 725 4011; x_wconf 78' lang='lat' dir='ltr'><strong>Papir.</strong></span> <span class='ocrx_word' id='word_1_428' title='bbox 742 3958 852 3997; x_wconf 77' lang='lat' dir='ltr'><strong>exc.</strong></span> <span class='ocrx_word' id='word_1_429' title='bbox 862 3959 921 4011; x_wconf 82' lang='lat' dir='ltr'><strong>p.</strong></span> <span class='ocrx_word' id='word_1_430' title='bbox 939 3947 1067 4008; x_wconf 86' lang='lat'><strong>160,</strong></span> <span class='ocrx_word' id='word_1_431' title='bbox 1080 3948 1114 3996; x_wconf 85' lang='lat'><em>7</em></span> <span class='ocrx_word' id='word_1_432' title='bbox 1199 3950 1228 3998; x_wconf 84' lang='grc'>’1</span> <span class='ocrx_word' id='word_1_433' title='bbox 1249 3944 1550 3999; x_wconf 79' lang='lat' dir='ltr'><strong>vehemens</strong></span> <span class='ocrx_word' id='word_1_434' title='bbox 1570 3945 1628 3999; x_wconf 87' lang='lat' dir='ltr'><strong>et</strong></span> <span class='ocrx_word' id='word_1_435' title='bbox 1646 3961 1875 4000; x_wconf 75' lang='lat' dir='ltr'><strong>vemens</strong></span> <span class='ocrx_word' id='word_1_436' title='bbox 1894 3946 1992 4003; x_wconf 61' lang='lat' dir='ltr'><strong>§A</strong></span> <span class='ocrx_word' id='word_1_437' title='bbox 2014 3943 2310 3999; x_wconf 88' lang='lat' dir='ltr'><strong>uehemens</strong></span> <span class='ocrx_word' id='word_1_438' title='bbox 2330 3946 2389 3999; x_wconf 89' lang='lat' dir='ltr'><strong>et</strong></span> <span class='ocrx_word' id='word_1_439' title='bbox 2406 3946 2706 4004; x_wconf 85' lang='lat' dir='ltr'><strong>uehemens</strong></span> <span class='ocrx_word' id='word_1_440' title='bbox 2729 3946 2777 4002; x_wconf 82' lang='grc' dir='ltr'><em>Ο</em></span> <span class='ocrx_word' id='word_1_441' title='bbox 2788 3962 3048 4002; x_wconf 85' lang='lat' dir='ltr'><strong>neemens</strong></span> 
     </span>
     <span class='ocr_line' id='line_1_42' title="bbox 444 4021 3043 4096; baseline 0.002 -21"><span class='ocrx_word' id='word_1_442' title='bbox 444 4022 597 4086; x_wconf 80' lang='lat' dir='ltr'><strong>(corr.</strong></span> <span class='ocrx_word' id='word_1_443' title='bbox 612 4024 864 4091; x_wconf 85' lang='lat' dir='ltr'><strong>nemens)</strong></span> <span class='ocrx_word' id='word_1_444' title='bbox 892 4022 951 4076; x_wconf 87' lang='lat' dir='ltr'><strong>et</strong></span> <span class='ocrx_word' id='word_1_445' title='bbox 977 4021 1278 4078; x_wconf 87' lang='lat' dir='ltr'><strong>uehemens</strong></span> <span class='ocrx_word' id='word_1_446' title='bbox 1306 4025 1361 4078; x_wconf 91' lang='grc' dir='ltr'><strong><em>Β</em></strong></span> <span class='ocrx_word' id='word_1_447' title='bbox 1469 4031 1501 4080; x_wconf 86' lang='grc'>8</span> <span class='ocrx_word' id='word_1_448' title='bbox 1530 4024 1933 4080; x_wconf 71' lang='lat' dir='ltr'><strong>meherculeet</strong></span> <span class='ocrx_word' id='word_1_449' title='bbox 1959 4024 2162 4079; x_wconf 76' lang='lat' dir='ltr'><strong>met-cle</strong></span> <span class='ocrx_word' id='word_1_450' title='bbox 2190 4024 2416 4080; x_wconf 80' lang='lat' dir='ltr'><strong>coniecit</strong></span> <span class='ocrx_word' id='word_1_451' title='bbox 2434 4026 2796 4084; x_wconf 68' lang='lat' dir='ltr'><strong>Schneider-us</strong></span> <span class='ocrx_word' id='word_1_452' title='bbox 2818 4043 3043 4096; x_wconf 76' lang='lat' dir='ltr'><strong>yramm.</strong></span> 
     </span>
     <span class='ocr_line' id='line_1_43' title="bbox 414 4095 3041 4178; baseline 0.003 -24"><span class='ocrx_word' id='word_1_453' title='bbox 414 4100 533 4155; x_wconf 65' lang='lat' dir='ltr'><strong>lat.</strong></span> <span class='ocrx_word' id='word_1_454' title='bbox 555 4102 597 4154; x_wconf 88' lang='grc' dir='ltr'><strong><em>Ι</em></strong></span> <span class='ocrx_word' id='word_1_455' title='bbox 607 4118 663 4170; x_wconf 83' lang='lat' dir='ltr'><strong>p.</strong></span> <span class='ocrx_word' id='word_1_456' title='bbox 685 4095 800 4157; x_wconf 64' lang='lat'><strong>188</strong></span> <span class='ocrx_word' id='word_1_457' title='bbox 896 4101 1071 4157; x_wconf 86' lang='lat' dir='ltr'><strong>nichil</strong></span> <span class='ocrx_word' id='word_1_458' title='bbox 1099 4106 1157 4158; x_wconf 89' lang='lat' dir='ltr'><strong>et</strong></span> <span class='ocrx_word' id='word_1_459' title='bbox 1174 4102 1256 4158; x_wconf 87' lang='lat' dir='ltr'><strong>nil</strong></span> <span class='ocrx_word' id='word_1_460' title='bbox 1273 4104 1328 4158; x_wconf 90' lang='grc' dir='ltr'><strong><em>Β</em></strong></span> <span class='ocrx_word' id='word_1_461' title='bbox 1355 4104 1532 4160; x_wconf 85' lang='lat' dir='ltr'><strong>nichil</strong></span> <span class='ocrx_word' id='word_1_462' title='bbox 1548 4102 1629 4159; x_wconf 91' lang='lat' dir='ltr'><strong>nil</strong></span> <span class='ocrx_word' id='word_1_463' title='bbox 1648 4105 1703 4159; x_wconf 97' lang='lat' dir='ltr'><strong><em>A</em></strong></span> <span class='ocrx_word' id='word_1_464' title='bbox 1730 4104 1874 4159; x_wconf 88' lang='lat' dir='ltr'><strong>nihil</strong></span> <span class='ocrx_word' id='word_1_465' title='bbox 1892 4104 1973 4159; x_wconf 90' lang='lat' dir='ltr'><strong>nil</strong></span> <span class='ocrx_word' id='word_1_466' title='bbox 1995 4103 2042 4157; x_wconf 84' lang='lat' dir='ltr'><em>C</em></span> <span class='ocrx_word' id='word_1_467' title='bbox 2135 4104 2421 4161; x_wconf 85' lang='lat' dir='ltr'><strong>obseruari</strong></span> <span class='ocrx_word' id='word_1_468' title='bbox 2447 4108 2678 4164; x_wconf 83' lang='lat' dir='ltr'><strong>eatenus</strong></span> <span class='ocrx_word' id='word_1_469' title='bbox 2706 4109 2970 4178; x_wconf 86' lang='lat' dir='ltr'><strong>poterunt</strong></span> <span class='ocrx_word' id='word_1_470' title='bbox 2987 4109 3041 4162; x_wconf 93' lang='lat' dir='ltr'><strong><em>A</em></strong></span> 
     </span>
     <span class='ocr_line' id='line_1_44' title="bbox 442 4180 3043 4258; baseline 0.003 -24"><span class='ocrx_word' id='word_1_471' title='bbox 442 4180 728 4236; x_wconf 81' lang='lat' dir='ltr'><strong>obseruare</strong></span> <span class='ocrx_word' id='word_1_472' title='bbox 748 4182 980 4237; x_wconf 84' lang='lat' dir='ltr'><strong>eatenus</strong></span> <span class='ocrx_word' id='word_1_473' title='bbox 997 4184 1264 4251; x_wconf 86' lang='lat' dir='ltr'><strong>poterunt</strong></span> <span class='ocrx_word' id='word_1_474' title='bbox 1280 4183 1433 4243; x_wconf 73' lang='lat' dir='ltr'><strong><em>Boc,-</em></strong></span> <span class='ocrx_word' id='word_1_475' title='bbox 1461 4185 1761 4240; x_wconf 86' lang='lat' dir='ltr'><strong>obseruare</strong></span> <span class='ocrx_word' id='word_1_476' title='bbox 1781 4188 2011 4240; x_wconf 79' lang='lat' dir='ltr'><strong>eatenus</strong></span> <span class='ocrx_word' id='word_1_477' title='bbox 2030 4185 2242 4254; x_wconf 86' lang='lat' dir='ltr'><strong>poteris</strong></span> <span class='ocrx_word' id='word_1_478' title='bbox 2259 4184 2482 4242; x_wconf 59' lang='lat' dir='ltr'><strong>Carrio:</strong></span> <span class='ocrx_word' id='word_1_479' title='bbox 2511 4189 2609 4244; x_wconf 82' lang='lat' dir='ltr'><strong>sed</strong></span> <span class='ocrx_word' id='word_1_480' title='bbox 2637 4190 2697 4243; x_wconf 87' lang='lat' dir='ltr'><strong>in</strong></span> <span class='ocrx_word' id='word_1_481' title='bbox 2723 4189 2812 4242; x_wconf 89' lang='lat' dir='ltr'><strong>his</strong></span> <span class='ocrx_word' id='word_1_482' title='bbox 2830 4188 3043 4258; x_wconf 86' lang='lat' dir='ltr'><strong>praeci-</strong></span> 
     </span>
     <span class='ocr_line' id='line_1_45' title="bbox 440 4260 3045 4338; baseline 0.004 -24"><span class='ocrx_word' id='word_1_483' title='bbox 440 4277 546 4329; x_wconf 83' lang='lat' dir='ltr'><strong>pue</strong></span> <span class='ocrx_word' id='word_1_484' title='bbox 581 4260 790 4328; x_wconf 76' lang='lat' dir='ltr'><strong>verbis,</strong></span> <span class='ocrx_word' id='word_1_485' title='bbox 830 4278 973 4330; x_wconf 88' lang='lat' dir='ltr'><strong>quae</strong></span> <span class='ocrx_word' id='word_1_486' title='bbox 1011 4262 1447 4333; x_wconf 72' lang='lat' dir='ltr'><strong>adspirationem</strong></span> <span class='ocrx_word' id='word_1_487' title='bbox 1483 4265 1690 4321; x_wconf 81' lang='lat' dir='ltr'><strong>habere</strong></span> <span class='ocrx_word' id='word_1_488' title='bbox 1728 4264 1960 4334; x_wconf 88' lang='lat' dir='ltr'><strong>debent,</strong></span> <span class='ocrx_word' id='word_1_489' title='bbox 2005 4264 2145 4319; x_wconf 88' lang='lat' dir='ltr'><strong>haec</strong></span> <span class='ocrx_word' id='word_1_490' title='bbox 2181 4264 2464 4320; x_wconf 84' lang='lat' dir='ltr'><strong>observari</strong></span> <span class='ocrx_word' id='word_1_491' title='bbox 2501 4270 2730 4324; x_wconf 86' lang='lat' dir='ltr'><strong>eatenus</strong></span> <span class='ocrx_word' id='word_1_492' title='bbox 2766 4271 3045 4338; x_wconf 85' lang='lat' dir='ltr'><strong>poterunt,</strong></span> 
     </span>
     <span class='ocr_line' id='line_1_46' title="bbox 441 4340 3043 4420; baseline 0.004 -27"><span class='ocrx_word' id='word_1_493' title='bbox 441 4341 710 4407; x_wconf 83' lang='lat' dir='ltr'><strong>quatenus</strong></span> <span class='ocrx_word' id='word_1_494' title='bbox 737 4340 1080 4396; x_wconf 82' lang='lat' dir='ltr'><strong>consuetudo</strong></span> <span class='ocrx_word' id='word_1_495' title='bbox 1108 4344 1426 4413; x_wconf 86' lang='lat' dir='ltr'><strong>permiserit</strong></span> <span class='ocrx_word' id='word_1_496' title='bbox 1451 4350 1703 4415; x_wconf 75' lang='lat' dir='ltr'><strong>excerpta</strong></span> <span class='ocrx_word' id='word_1_497' title='bbox 1723 4344 2029 4415; x_wconf 65' lang='lat' dir='ltr'><strong>Papiriam</strong></span> <span class='ocrx_word' id='word_1_498' title='bbox 2139 4349 2204 4398; x_wconf 90' lang='grc'><strong>10</strong></span> <span class='ocrx_word' id='word_1_499' title='bbox 2224 4345 2687 4420; x_wconf 87' lang='lat' dir='ltr'><strong>adspirationem]</strong></span> <span class='ocrx_word' id='word_1_500' title='bbox 2716 4346 3043 4418; x_wconf 86' lang='lat' dir='ltr'><strong>adscriptio·</strong></span> 
     </span>
     <span class='ocr_line' id='line_1_47' title="bbox 442 4418 3051 4498; baseline 0.003 -26"><span class='ocrx_word' id='word_1_501' title='bbox 442 4436 564 4473; x_wconf 91' lang='lat' dir='ltr'><strong>nem</strong></span> <span class='ocrx_word' id='word_1_502' title='bbox 594 4418 642 4474; x_wconf 83' lang='lat'><em>0</em></span> <span class='ocrx_word' id='word_1_503' title='bbox 663 4420 1087 4490; x_wconf 59' lang='lat' dir='ltr'><strong>ascriptionem</strong></span> <span class='ocrx_word' id='word_1_504' title='bbox 1113 4423 1169 4476; x_wconf 91' lang='lat' dir='ltr'><strong><em>A</em></strong></span> <span class='ocrx_word' id='word_1_505' title='bbox 1281 4430 1343 4478; x_wconf 87' lang='lat'><strong>11</strong></span> <span class='ocrx_word' id='word_1_506' title='bbox 1373 4423 1425 4478; x_wconf 89' lang='lat' dir='ltr'><strong>V</strong></span> <span class='ocrx_word' id='word_1_507' title='bbox 1451 4424 1647 4480; x_wconf 73' lang='lat' dir='ltr'><strong>littera</strong></span> <span class='ocrx_word' id='word_1_508' title='bbox 1674 4425 1729 4479; x_wconf 91' lang='lat' dir='ltr'><strong><em>A</em></strong></span> <span class='ocrx_word' id='word_1_509' title='bbox 1836 4443 1874 4494; x_wconf 80' lang='lat' dir='ltr'>y</span> <span class='ocrx_word' id='word_1_510' title='bbox 1902 4424 2189 4493; x_wconf 82' lang='lat' dir='ltr'><strong>ponebant</strong></span> <span class='ocrx_word' id='word_1_511' title='bbox 2213 4425 2268 4478; x_wconf 91' lang='lat' dir='ltr'><strong><em>A</em></strong></span> <span class='ocrx_word' id='word_1_512' title='bbox 2383 4432 2446 4480; x_wconf 80' lang='lat'><strong>12</strong></span> <span class='ocrx_word' id='word_1_513' title='bbox 2470 4426 2719 4498; x_wconf 88' lang='lat' dir='ltr'><strong>quidem]</strong></span> <span class='ocrx_word' id='word_1_514' title='bbox 2748 4443 2971 4495; x_wconf 86' lang='lat' dir='ltr'><strong>quoque</strong></span> <span class='ocrx_word' id='word_1_515' title='bbox 3002 4426 3051 4481; x_wconf 81' lang='lat'><em>0</em></span> 
     </span>
    </p>

    <p class='ocr_par' dir='ltr' id='par_1_19' title="bbox 445 4498 3043 4735">
     <span class='ocr_line' id='line_1_48' title="bbox 513 4498 3043 4574; baseline 0.004 -23"><span class='ocrx_word' id='word_1_516' title='bbox 513 4503 576 4551; x_wconf 87' lang='lat'><strong>13</strong></span> <span class='ocrx_word' id='word_1_517' title='bbox 613 4498 822 4568; x_wconf 77' lang='lat' dir='ltr'><strong>syriam</strong></span> <span class='ocrx_word' id='word_1_518' title='bbox 860 4516 1145 4568; x_wconf 80' lang='lat' dir='ltr'><strong>syracusas</strong></span> <span class='ocrx_word' id='word_1_519' title='bbox 1182 4504 1436 4572; x_wconf 80' lang='lat' dir='ltr'><strong>symbola</strong></span> <span class='ocrx_word' id='word_1_520' title='bbox 1472 4504 1786 4574; x_wconf 80' lang='lat' dir='ltr'><strong>sycofantas</strong></span> <span class='ocrx_word' id='word_1_521' title='bbox 1821 4502 2005 4559; x_wconf 81' lang='lat' dir='ltr'><strong>ABG</strong></span> <span class='ocrx_word' id='word_1_522' title='bbox 2126 4503 2209 4574; x_wconf 84' lang='lat' dir='ltr'><strong>at]</strong></span> <span class='ocrx_word' id='word_1_523' title='bbox 2251 4506 2351 4558; x_wconf 81' lang='lat' dir='ltr'><strong>aut</strong></span> <span class='ocrx_word' id='word_1_524' title='bbox 2386 4506 2440 4559; x_wconf 93' lang='lat' dir='ltr'><strong><em>A</em></strong></span> <span class='ocrx_word' id='word_1_525' title='bbox 2590 4512 2654 4561; x_wconf 78' lang='lat'><strong>14</strong></span> <span class='ocrx_word' id='word_1_526' title='bbox 2691 4505 2833 4560; x_wconf 86' lang='lat' dir='ltr'><strong>illud</strong></span> <span class='ocrx_word' id='word_1_527' title='bbox 2871 4506 3043 4561; x_wconf 86' lang='lat' dir='ltr'><strong>etiam</strong></span> 
     </span>
     <span class='ocr_line' id='line_1_49' title="bbox 445 4577 2900 4646; baseline 0.003 -15"><span class='ocrx_word' id='word_1_528' title='bbox 445 4577 658 4646; x_wconf 78' lang='lat' dir='ltr'><strong>Carrio,</strong></span> <span class='ocrx_word' id='word_1_529' title='bbox 703 4577 846 4633; x_wconf 83' lang='lat' dir='ltr'><strong>inud</strong></span> <span class='ocrx_word' id='word_1_530' title='bbox 893 4578 1039 4634; x_wconf 89' lang='lat' dir='ltr'><strong>enim</strong></span> <span class='ocrx_word' id='word_1_531' title='bbox 1087 4581 1142 4635; x_wconf 90' lang='grc' dir='ltr'><strong><em>Β</em></strong></span> <span class='ocrx_word' id='word_1_532' title='bbox 1188 4582 1329 4638; x_wconf 87' lang='lat' dir='ltr'><strong>illud</strong></span> <span class='ocrx_word' id='word_1_533' title='bbox 1376 4590 1407 4639; x_wconf 74' lang='grc' dir='ltr'><strong><em>ὃ</em></strong></span> <span class='ocrx_word' id='word_1_534' title='bbox 1457 4584 1505 4640; x_wconf 84' lang='lat'><em>0</em></span> <span class='ocrx_word' id='word_1_535' title='bbox 1544 4584 1685 4639; x_wconf 86' lang='lat' dir='ltr'><strong>illud</strong></span> <span class='ocrx_word' id='word_1_536' title='bbox 1722 4585 1776 4638; x_wconf 91' lang='lat' dir='ltr'><strong><em>A</em></strong></span> <span class='ocrx_word' id='word_1_537' title='bbox 1960 4587 2026 4638; x_wconf 78' lang='lat'><strong>15</strong></span> <span class='ocrx_word' id='word_1_538' title='bbox 2065 4589 2100 4637; x_wconf 72' lang='lat' dir='ltr'><strong>a.</strong></span> <span class='ocrx_word' id='word_1_539' title='bbox 2135 4599 2395 4639; x_wconf 87' lang='lat' dir='ltr'><strong>moneam</strong></span> <span class='ocrx_word' id='word_1_540' title='bbox 2435 4582 2484 4637; x_wconf 80' lang='lat'><em>0</em></span> <span class='ocrx_word' id='word_1_541' title='bbox 2516 4600 2808 4639; x_wconf 82' lang='lat' dir='ltr'><strong>amoneam</strong></span> <span class='ocrx_word' id='word_1_542' title='bbox 2845 4584 2900 4638; x_wconf 90' lang='grc' dir='ltr'><strong><em>Β</em></strong></span> 
     </span>
     <span class='ocr_line' id='line_1_50' title="bbox 446 4656 3043 4735; baseline 0.004 -25"><span class='ocrx_word' id='word_1_543' title='bbox 446 4661 509 4712; x_wconf 80' lang='grc'><strong>16</strong></span> <span class='ocrx_word' id='word_1_544' title='bbox 554 4656 850 4727; x_wconf 74' lang='lat' dir='ltr'><strong>yacinthus</strong></span> <span class='ocrx_word' id='word_1_545' title='bbox 899 4658 1049 4727; x_wconf 77' lang='lat' dir='ltr'><strong>yllus</strong></span> <span class='ocrx_word' id='word_1_546' title='bbox 1096 4664 1318 4730; x_wconf 82' lang='lat' dir='ltr'><strong>ymetus</strong></span> <span class='ocrx_word' id='word_1_547' title='bbox 1371 4662 1420 4718; x_wconf 81' lang='lat'><em>0</em></span> <span class='ocrx_word' id='word_1_548' title='bbox 1461 4682 1498 4734; x_wconf 78' lang='lat' dir='ltr'>y</span> <span class='ocrx_word' id='word_1_549' title='bbox 1551 4663 1842 4719; x_wconf 80' lang='lat' dir='ltr'><strong>accinthns</strong></span> <span class='ocrx_word' id='word_1_550' title='bbox 1894 4665 2053 4735; x_wconf 80' lang='lat' dir='ltr'><strong>(corr.</strong></span> <span class='ocrx_word' id='word_1_551' title='bbox 2105 4681 2142 4733; x_wconf 78' lang='lat' dir='ltr'>y</span> <span class='ocrx_word' id='word_1_552' title='bbox 2193 4663 2471 4734; x_wconf 87' lang='lat' dir='ltr'><strong>acinthus)</strong></span> <span class='ocrx_word' id='word_1_553' title='bbox 2525 4664 2674 4733; x_wconf 78' lang='lat' dir='ltr'><strong>yllus</strong></span> <span class='ocrx_word' id='word_1_554' title='bbox 2720 4668 2940 4735; x_wconf 78' lang='lat' dir='ltr'><strong>ymetus</strong></span> <span class='ocrx_word' id='word_1_555' title='bbox 2987 4665 3043 4720; x_wconf 93' lang='grc' dir='ltr'><strong><em>Β</em></strong></span> 
     </span>
    </p>
   </div>
   <div class='ocr_carea' id='block_1_9' title="bbox 308 4737 3044 4926">
    <p class='ocr_par' dir='ltr' id='par_1_20' title="bbox 308 4737 3044 4926">
     <span class='ocr_line' id='line_1_51' title="bbox 308 4737 3044 4926; baseline 0.004 -82"><span class='ocrx_word' id='word_1_556' title='bbox 308 4802 325 4819; x_wconf 88' lang='grc'><em>·</em></span> <span class='ocrx_word' id='word_1_557' title='bbox 440 4737 725 4925; x_wconf 42' lang='lat' dir='ltr'><strong>{iapgnctlias</strong></span> <span class='ocrx_word' id='word_1_558' title='bbox 760 4790 1044 4926; x_wconf 46' lang='lat' dir='ltr'><strong>{asomum</strong></span> <span class='ocrx_word' id='word_1_559' title='bbox 1071 4795 1344 4865; x_wconf 76' lang='lat' dir='ltr'><strong>ymettus)</strong></span> <span class='ocrx_word' id='word_1_560' title='bbox 1380 4796 1435 4849; x_wconf 90' lang='lat' dir='ltr'><strong><em>A</em></strong></span> <span class='ocrx_word' id='word_1_561' title='bbox 1572 4802 1638 4876; x_wconf 72' lang='grc'><strong>17</strong></span> <span class='ocrx_word' id='word_1_562' title='bbox 1680 4796 1914 4868; x_wconf 85' lang='lat' dir='ltr'><strong>quanto]</strong></span> <span class='ocrx_word' id='word_1_563' title='bbox 1952 4794 2173 4866; x_wconf 85' lang='lat' dir='ltr'><strong>quando</strong></span> <span class='ocrx_word' id='word_1_564' title='bbox 2204 4794 2261 4849; x_wconf 80' lang='lat' dir='ltr'><strong>G.</strong></span> <span class='ocrx_word' id='word_1_565' title='bbox 2299 4812 2377 4850; x_wconf 77' lang='lat' dir='ltr'><strong>an</strong></span> <span class='ocrx_word' id='word_1_566' title='bbox 2403 4794 2703 4865; x_wconf 77' lang='lat' dir='ltr'><strong>quoniam?</strong></span> <span class='ocrx_word' id='word_1_567' title='bbox 2834 4804 2899 4854; x_wconf 88' lang='lat'><strong>18</strong></span> <span class='ocrx_word' id='word_1_568' title='bbox 2935 4799 3044 4855; x_wconf 80' lang='lat' dir='ltr'><strong>hac</strong></span> 
     </span>
     <span class='ocr_line' id='line_1_52' title="bbox 570 4886 769 4925; baseline -0.005 0"><span class='ocrx_word' id='word_1_569' title='bbox 570 4886 661 4925; x_wconf 88' lang='lat' dir='ltr'><strong>rae</strong></span> <span class='ocrx_word' id='word_1_570' title='bbox 696 4886 769 4925; x_wconf 92' lang='lat' dir='ltr'><strong>no</strong></span> 
     </span>
    </p>
   </div>
  </div>
 </body>
</html>
