3613 5528
1437 343 1534 399 DE
1571 343 1770 398 ARTE
1808 342 2141 399 METRICA
2962 343 3090 408 247

486 460 530 497 p.
558 446 676 486 2369.
704 447 756 486 “eo
783 445 831 486 Ρ.

797 538 953 591 arta
1000 530 1108 590 via
1155 537 1266 589 est
1312 546 1518 589 verae
1567 546 1762 614 quae¹
1794 528 1999 589 ducit
2043 527 2123 589 ad
2170 529 2356 591 atria
2402 530 2619 591 vitae:

476 637 777 700 scanditur
833 638 992 698 enim
1032 633 1042 719 Ι
1082 638 1194 717 ita,
1245 638 1430 697 artavi
1474 634 1770 717 dactyluS,
1829 644 1991 698 estve
2053 635 2354 715 spondeus
2416 638 2743 717 intercepta
2791 655 2824 697 a
2875 636 3092 718 syllaba

476 764 585 826 per
631 743 1011 825 synalipham.
1086 741 1419 805 absumitur
1465 752 1527 804 et
1578 742 1868 823 particula
1915 742 2196 825 syllabae,
2254 761 2391 803 cum
2438 742 2583 804 dicit
2628 742 2786 804 idem
2830 744 3092 824 Prosper

793 837 1052 912 sumite
1101 867 1277 929 quae
1328 868 1568 930 magna
1612 849 1952 931 adposuit
1998 851 2357 929 sapientia
2395 868 2659 911 mensa:

399 974 423 1014 5
478 959 780 1020 scanditur
828 960 986 1020 enim
1032 960 1141 1039 ita,
1187 957 1402 1018 sumite
1449 955 1743 1038 dactyluS,
1800 974 2049 1035 quaema
2096 956 2424 1039 spondeuS,
2469 957 2775 1038 gnadposu
2823 958 3090 1038 dactylus

476 1065 784 1145 absumpta
840 1074 1008 1146 parte
1065 1063 1319 1144 syllabae
1375 1068 1483 1143 p‘er
1539 1063 1924 1145 synalipham.
2007 1065 2151 1125 item
2206 1081 2344 1143 pars
2390 1063 2644 1143 syllabae
2710 1082 2859 1144 quae
2918 1067 2978 1126 in
3030 1085 3089 1125 m

476 1172 732 1234 desierat
779 1170 1079 1252 synalipha
1126 1171 1523 1252 intercipitur,
1569 1189 1706 1231 cum
1753 1170 1898 1232 dicit

793 1278 1040 1341 nullus
1086 1280 1272 1339 enim
1319 1285 1428 1339 est
1471 1280 1722 1339 insons
1769 1277 1918 1338 s'ola
1966 1277 2356 1339 formidine
2403 1296 2704 1360 poenae,

905 1388 1026 1465 qui
1073 1392 1401 1447 sanctum
1448 1394 1518 1447 et
1563 1387 1835 1447 iustum
1883 1404 2021 1447 non
2067 1393 2253 1446 amat
2298 1371 2705 1470 imperium:

399 1509 449 1548 ιο
476 1493 776 1558 scanditur
823 1511 1078 1573 namque
1125 1494 1233 1574 ita,
1281 1493 1515 1555 nulluse
1561 1492 1855 1574 dactyluS,
1902 1495 2099 1555 nestin
2152 1492 2455 1572 spondeus
2515 1492 2794 1572 absorpta
2850 1494 2931 1554 im
2978 1512 3087 1572 per

474 1600 866 1682 synalipham3
936 1608 996 1662 et
1060 1602 1205 1660 item
1259 1603 1506 1680 quisanc
1560 1598 1890 1681 spondeus,
1958 1601 2106 1661 tetiu
2175 1600 2476 1679 spondeus
2544 1600 2892 1662 absumente
2953 1619 3085 1680 syn·

472 1709 662 1790 alipha
707 1708 1060 1789 particulam
1105 1708 1357 1788 syllabae
1397 1725 1515 1769 um.
1592 1710 1734 1770 item
1781 1715 1907 1768 tota
1955 1705 2172 1787 syllaba
2220 1724 2371 1785 quae
2418 1708 2480 1768 in
2528 1725 2585 1768 m
2635 1701 2947 1769 terminata
2997 1716 3089 1768 est

472 1836 581 1896 per
627 1814 990 1896 synalipham
1036 1817 1267 1896 interit,
1314 1833 1449 1875 cum
1497 1815 1642 1877 dicit
1679 1809 1689 1819 ’
2643 1892 2646 1895 ἦ

790 1940 1113 2002 magnum
1158 1922 1606 2002 praesidium
1652 1930 1764 1983 est
1810 1939 2018 1982 sacro
2063 1918 2404 1981 libamine
2450 1922 2681 2000 pasci,

397 2043 447 2083 15
897 2032 958 2089 si
1003 2047 1126 2091 cor
1171 2031 1557 2110 participis
1604 2029 1907 2089 crimina
1955 2026 2150 2088 nulla
2196 2035 2556 2106 premunt:

473 2135 775 2197 scanditur
829 2154 1082 2217 namque
1139 2138 1251 2212 sic,
1307 2152 1584 2215 magnum
1642 2133 1970 2215 spondeuS,
2024 2132 2283 2215 praesidi
2346 2132 2638 2214 dactyluS‚
2696 2142 2853 2195 estsa
2910 2154 3084 2214 spon-

471 2243 618 2330 deus
665 2246 992 2324 intercepta
1031 2262 1131 2306 um
1180 2240 1398 2323 syllaba
1444 2259 1554 2323 per
1591 2240 1971 2322 synalipham.
2045 2256 2454 2319 quaecumque
2502 2258 2645 2319 ergo
2692 2241 2871 2301 verba
2915 2243 2978 2302 in
3026 2261 3085 2303 m

473 2352 884 2434 terminantur,
948 2353 1064 2413 nisi
1129 2349 1496 2429 adpositione
1553 2350 1936 2410 consonantis
1993 2347 2245 2408 alicuius
2302 2345 2716 2429 defendantur,
2779 2347 3084 2428 synalipha

472 2461 848 2538 inrumpente
898 2456 1174 2539 syllabam
1228 2456 1491 2518 ultimam
1547 2464 1650 2517 aut
1703 2456 1965 2538 perdunt
2022 2473 2259 2535 semper
2317 2462 2419 2516 aut
2474 2457 2777 2536 minuunt,
2835 2464 3082 2536 excepto

391 2579 445 2618 20
472 2583 608 2627 cum
658 2564 730 2626 ab
776 2564 815 2625 h
861 2564 1057 2626 littera
1103 2581 1360 2642 sequens
1408 2580 1604 2623 sermo
1650 2562 2031 2623 inchoaverit.
2105 2569 2250 2624 tunc
2289 2564 2509 2622 etenim
2559 2564 2620 2623 in
2658 2561 2904 2623 arbitrio
2942 2581 3081 2642 poe·

473 2682 665 2734 tarum
717 2681 843 2753 est,
899 2680 1102 2734 utrum
1158 2670 1305 2731 haec
1362 2671 1548 2732 instar
1594 2669 1911 2730 fortiorum
1956 2671 2410 2731 consonantium
2456 2669 2820 2751 synalipham
2866 2679 3083 2752 arceat,

471 2800 543 2842 an
600 2799 707 2862 pro
761 2779 938 2841 modo
994 2797 1135 2841 suae
1192 2778 1523 2858 fragilitatis
1578 2776 1726 2839 nihil
1780 2777 1981 2838 valeat.
2064 2777 2246 2839 valuit
2299 2795 2552 2857 namque
2608 2780 2670 2839 in
2734 2777 2872 2853 hoc,
2939 2781 3077 2858 quia

471 2889 653 2950 voluit
697 2896 899 2970 poeta,

696 3058 720 3071 .-
787 2995 1062 3055 nomine
1109 2992 1494 3055 Iohannem
1541 2992 1727 3055 hunc
1775 3001 1849 3054 tu
1898 2995 2217 3054 vocitare
2266 3000 2617 3053 memento

390 3097 443 3135 25

473 3094 533 3145 et
786 3157 1252 3234 progenitum
1299 3153 1600 3216 fulsisse
1647 3153 1896 3215 ducem
1942 3152 2075 3214 hoc
2122 3153 2430 3215 caelitus
2476 3161 2684 3215 astra.

471 3263 613 3321 item
658 3259 802 3321 nihil
848 3262 996 3322 iuvit
1041 3260 1113 3320 ad
1159 3259 1603 3341 propellendam
1649 3258 2041 3341 synalipham,
2088 3262 2223 3338 quia
2269 3268 2442 3339 poeta
2488 3259 2773 3341 neglexit,

787 3369 906 3446 qui
950 3374 1375 3447 pereuntem
1422 3366 1776 3427 hominem
1822 3368 2032 3427 vetiti
2080 3365 2464 3428 dulcedine
2512 3369 2696 3446 poni.

649 3473 967 3536 Sciendum
1014 3482 1214 3536 autem
1259 3473 1416 3553 quod
1465 3490 1787 3552 numquam
1826 3476 1886 3534 in
1925 3472 2131 3534 eadem
2167 3480 2336 3553 parte
2375 3475 2660 3535 orationis
2710 3473 2899 3535 media
2946 3477 3076 3537 lieri

386 3597 445 3635 ³⁰
472 3589 669 3662 potest
712 3581 1029 3663 synalipha.
1103 3598 1311 3642 verum
1356 3582 1408 3640 si
1454 3581 1516 3640 in
1561 3579 1756 3639 medio
1796 3578 1976 3639 verbo
2025 3579 2176 3641 duae
2223 3579 2454 3641 vocales
2501 3583 2888 3664 conveniunt,
2934 3600 3073 3662 qua-

469 3706 606 3749 rum
651 3690 813 3768 prior
861 3690 939 3750 sit
991 3688 1190 3770 longa,
1243 3694 1443 3767 potest
1488 3686 1582 3747 illa
1632 3705 1780 3767 quae
1830 3688 2102 3766 sequitur
2161 3689 2425 3767 priorem
2472 3687 2669 3748 facere
2714 3688 2955 3749 brevem
3001 3689 3074 3750 d'e

470 3795 669 3877 longa,
705 3797 755 3856 si
793 3797 879 3856 sic
915 3803 1090 3876 poeta
1128 3793 1407 3874 voluerit3
1451 3792 1759 3854 auferendi
1796 3801 1995 3854 autem
2034 3793 2301 3856 funditus
2340 3801 2692 3873 potestatem
2723 3815 2841 3856 non
2879 3796 3071 3857 habet.

470 3909 563 3963 est
612 3904 767 3962 enim
813 3901 984 3981 longa
1032 3900 1379 3962 naturaliter
1424 3902 1485 3960 in
1533 3898 1632 3960 illo
1677 3899 1938 3981 Paulini,

786 4016 861 4070 ut
906 4007 1211 4069 citharis
1257 4007 1629 4069 modulans
1675 4008 1891 4068 unius
1938 4008 2240 4069 verbere
2287 4007 2579 4089 plectri:

637 4181 676 4234 ‘1
716 4180 790 4235 ad
826 4178 995 4252 atria]
1035 4179 1107 4233 ad
1143 4178 1257 4233 tria
1295 4177 1358 4232 F
1460 4185 1491 4232 3
1530 4178 1703 4250 idem]
1744 4177 1880 4233 item
1920 4178 1977 4232 P
2076 4185 2110 4233 4
2148 4195 2343 4235 mensa
2380 4178 2506 4233 FP
2542 4196 2792 4235 mensam
2830 4181 2884 4234 L
2921 4197 3074 4235 men-

466 4277 560 4314 sae
598 4275 632 4318 ς
757 4266 787 4314 7
827 4260 1071 4315 desierat
1106 4259 1231 4313 LP
1265 4259 1482 4314 desinet
1519 4257 1580 4312 F
1701 4274 1829 4312 cum
1866 4257 2071 4313 dicitur
2106 4258 2159 4312 L
2308 4265 2374 4315 10
2411 4261 2679 4331 namque]
2692 4260 2867 4314 *enim
2905 4260 3009 4317 ςΡ

464 4340 657 4395 nullus
701 4342 788 4395 est·
832 4338 1091 4407 dactylus
1139 4341 1300 4394 neest
1343 4338 1403 4394 in
1448 4339 1726 4409 spondeus
1772 4338 1826 4392 L
1981 4339 2250 4408 absorpta
2294 4357 2351 4393 m
2396 4341 2523 4395 LP
2562 4341 2760 4397 aborta
2804 4338 2881 4393 im
2930 4337 2992 4391 F

405 4484 410 4491 λ
469 4427 532 4474 11
575 4419 718 4474 tetiu
757 4419 881 4474 FP
914 4421 1034 4473 tum
1072 4420 1216 4474 etius
1254 4420 1308 4473 L
1472 4425 1537 4474 12
1575 4418 1634 4473 in
1672 4435 1759 4473 em
1800 4417 1862 4472 F
2021 4425 2086 4473 16
2126 4421 2391 4491 namque]
2431 4420 2580 4475 enim
2610 4420 2705 4478 512
2862 4425 2928 4474 18
2966 4420 3075 4474 nisi

465 4498 874 4570 adpositionem
912 4499 1269 4554 consonantis
1306 4498 1543 4554 alicuius
1581 4499 1706 4554 FP
1733 4498 1844 4553 nisi
1881 4498 2193 4569 apositione
2233 4502 2391 4569 (corr.
2422 4501 2777 4571 appositione
2814 4501 2854 4568 1)
2894 4498 3073 4553 cuius·

464 4597 705 4648 cumque
744 4578 1098 4635 consonantis
1136 4579 1190 4632 L
1363 4585 1428 4634 19
1471 4597 1692 4650 semper
1728 4595 1827 4634 om.
1868 4579 1949 4646 L,
1996 4580 2123 4635 aad.
2164 4578 2288 4633 FP
2448 4586 2513 4634 21
2562 4579 2794 4635 fortium
2832 4579 2935 4638 ςΡ

463 4667 534 4715 26
572 4661 757 4715 lucem
791 4676 929 4716 corr.
969 4659 1170 4713 ducem
1212 4659 1267 4712 P
1383 4666 1450 4715 27
1488 4660 1916 4730 propellandam
1956 4660 2017 4714 F
2136 4666 2204 4716 29
2244 4659 2533 4714 sciendum
2570 4662 2656 4715 est
2691 4661 2881 4715 autem
2915 4661 2971 4714 P

463 4748 535 4796 32
566 4739 797 4796 habebit
822 4757 970 4795 corn·
991 4738 1167 4809 habet.
1194 4738 1249 4791 P
1348 4746 1416 4794 33
1453 4739 1626 4810 longa
1651 4741 1982 4797 naturaliter
2010 4739 2073 4794 F
2099 4745 2147 4795 et
2173 4742 2540 4812 superscripto
2565 4741 2737 4812 longa
2764 4741 2820 4794 P
2847 4742 3073 4797 natura-

462 4820 600 4876 liter
635 4819 805 4891 longa
841 4819 896 4873 L
