3613 5528
1217 428 1567 485 EXEMPLA
1604 428 2139 485 ELOCVTIONVM
2852 427 2980 491 501

374 545 420 582 p.
448 531 539 571 2⁶4.
568 530 650 570 25⁶
680 529 733 570 L.

553 614 724 696 Piget
786 614 944 676 iliius
1009 617 1130 690 rei,
1195 613 1364 694 Verg.
1422 614 1566 675 Aen.
1626 613 1669 672 V
1726 615 1920 689 (678)
1985 617 2190 695 piget
2253 615 2527 694 incepti
2590 611 2924 692 lucisque
2972 659 2986 674 .

377 725 541 803 piget
585 721 760 803 iilud,
804 721 938 783 Ter.
988 720 1162 783 Phor.
1211 723 1356 794 (III
1390 722 1561 797 3‚21)
1609 722 1794 801 quod
1845 740 1973 783 nos
2020 730 2182 801 post
2226 723 2494 802 pigeat,
2541 720 2713 782 Geta
2760 768 2774 781 .

555 827 753 890 Patior
789 828 903 891 hoc
950 830 1177 909 facere,
1223 827 1393 907 Verg.
1441 829 1582 890 Aen.
1633 828 1760 889 vn!
1810 831 2007 906 (577)
2055 831 2289 909 patior
2336 831 2666 909 quemvis
2722 828 2986 890 durare

377 931 696 998 l'aborem
743 985 757 999 .
804 938 998 1017 patior
1051 935 1165 996 boo
1222 935 1492 997 futurum
1549 954 1708 1016 esse,
1761 936 1884 998 Cic.
1931 936 2004 997 de
2052 935 2328 1016 praetura
2374 935 2597 997 urbana
2646 935 2847 996 Verris
2894 938 2987 1008 (in

297 1055 325 1095 ὁ
393 1044 565 1106 Verr.
621 1052 739 1105 act.
793 1063 912 1105 sec.
969 1044 1011 1103 Ι
1060 1042 1184 1118 1,2)
1244 1044 1511 1123 patior,
1576 1061 1710 1103 non
1775 1041 2079 1104 moleste
2144 1043 2299 1103 sero
2355 1042 2491 1103 iud.
2548 1061 2651 1103 me
2716 1040 2988 1103 laboris

379 1153 545 1233 mei,
593 1169 712 1211 vos
757 1152 1060 1211 virtutis
1106 1157 1392 1210 vestrae
1442 1149 1759 1212 fructum
1797 1168 1958 1210 esse
2005 1148 2301 1211 laturos.
2393 1151 2624 1230 patiens
2661 1150 2840 1211 huius
2877 1153 2988 1224 rei,

380 1256 547 1337 Verg.
596 1275 756 1336 geor.
805 1257 855 1317 11
904 1256 1088 1330 (223)
1135 1264 1204 1317 et
1248 1258 1643 1337 patientem
1690 1258 2003 1317 vomeris
2049 1257 2232 1318 unci.

556 1364 896 1443 Praegnans
942 1363 1050 1425 hac
1091 1381 1182 1444 re,
1230 1361 1399 1441 Verg.
1438 1362 1580 1423 Aen.
1619 1361 1719 1422 vn
1768 1362 1952 1437 (319)
1999 1381 2129 1424 nec
2167 1361 2343 1439 face
2390 1370 2668 1425 tantum
2722 1364 2991 1424 Cisseis

375 1471 832 1549 praequam,
881 1474 1038 1533 idem
1084 1473 1233 1532 Aen.
1282 1470 1351 1530 Χ
1391 1469 1590 1544 (704)
1637 1479 1707 1530 et
1752 1470 1909 1530 sace
1955 1488 2356 1550 praegnans
2403 1469 2677 1532 Cisseis
2724 1472 2988 1550 regina.

305 1593 355 1631 ιο
558 1577 809 1659 Propius
855 1576 984 1639 illas
1039 1595 1165 1656 res,
1221 1576 1336 1638 Sal.
1385 1575 1549 1639 Catil.
1598 1576 1787 1651 (11‚1)
1845 1575 2030 1655 quod
2089 1584 2321 1639 tamen
2382 1579 2631 1640 vitium
2689 1579 2989 1659 propius

381 1687 726 1746 virtutem
773 1692 954 1765 erat,
1001 1685 1156 1746 idern
1204 1683 1325 1762 lug.
1375 1683 1573 1758 (18,9)
1629 1685 1931 1764 propius
1987 1700 2173 1744 mare
2228 1685 2547 1746 Africum
2602 1684 2989 1764 agitabant.

380 1793 627 1871 propius
674 1791 765 1853 his
813 1791 1023 1873 rebus,
1070 1790 1362 1870 Vergilius
1409 1808 1608 1869 georg.
1656 1788 1679 1848 1
1728 1790 1915 1865 (355)
1963 1793 2267 1871 propius
2314 1790 2625 1854 stabulis
2670 1800 2990 1853 armenta

382 1907 750 1974 tenerent,
814 1899 973 1960 idem
1036 1917 1236 1978 georg.
1291 1897 1397 1958 1111
1457 1898 1606 1971 (47)
1670 1916 1755 1960 ne
1819 1900 2124 1978 propius
2188 1900 2407 1960 tectis
2470 1907 2704 1960 taxum
2769 1901 2926 1960 sine
2974 1946 2987 1960 .

380 2007 625 2086 propior
671 2003 755 2066 illi
800 2005 958 2068 iliam
1005 2025 1161 2088 rem,
1206 2005 1376 2084 Verg.
1423 2023 1582 2084 geor.
1633 2004 1711 2064 111
1759 2005 1901 2078 (58)
1950 2013 2019 2066 et
2065 2006 2318 2067 faciem
2368 2016 2574 2068 tauro
2629 2008 2928 2087 propior
2976 2053 2989 2067 .
3114 1999 3131 2010 ’

304 2127 356 2168 16
560 2112 836 2193 Pepercit
880 2114 1020 2176 huic
1068 2116 1182 2196 rei,
1227 2112 1400 2193 Verg.
1446 2113 1589 2174 Aen.
1638 2111 1688 2172 11
1736 2113 1927 2186 (534)

701 2239 837 2282 non
883 2229 1114 2282 tamen
1160 2219 1520 2283 abstinuit
1567 2238 1695 2281 nee
1740 2222 1898 2280 voci
1944 2221 2240 2298 iraeque
2287 2223 2669 2301 pepercit.

323 2320 348 2341 '
383 2345 558 2410 parce
606 2327 718 2389 boc
765 2329 989 2410 facere,
1043 2327 1213 2408 Verg.
1262 2329 1406 2391 Aen.
1454 2328 1533 2388 111
1581 2328 1725 2402 (42)
1781 2345 1995 2408 parce
2050 2329 2206 2407 pias
2260 2327 2625 2389 scelerare
2682 2346 2928 2389 manus
2976 2375 2988 2387 .

560 2435 832 2498 Poenitet
879 2453 971 2496 me
1019 2435 1184 2512 faeti,
1231 2435 1399 2516 Verg.
1447 2435 1580 2498 bue.
1629 2435 1880 2508 (10‚16)
1921 2429 1932 2516 Ι
1972 2437 2208 2497 nostri
2254 2453 2381 2496 nec
2437 2436 2764 2517 poenitet
2810 2434 2989 2496 illas,

383 2545 648 2624 poenitet
692 2563 787 2604 me
834 2543 947 2605 boo
993 2544 1239 2624 fecisse,
1285 2541 1441 2604 idem
1488 2540 1707 2602 ibidem
1755 2541 1963 2616 (2,34)

303 2663 358 2704 2⁰
809 2669 935 2711 nec
983 2657 1050 2711 te
1097 2651 1468 2731 poeniteat
1514 2647 1786 2710 calamo
1833 2650 2135 2709 trivisse
2181 2646 2520 2709 labellum
2551 2695 2564 2708 .

561 2757 766 2820 Potest
810 2756 882 2819 ab
928 2756 1039 2818 hae
1085 2776 1182 2839 re,
1227 2755 1360 2818 Ter.
1411 2754 1590 2818 Heau.
1643 2757 1823 2833 (prol.
1871 2755 1979 2831 13)

836 2865 959 2926 sed
1007 2864 1121 2925 bie
1168 2872 1370 2925 actor
1416 2872 1690 2925 tantum
1735 2865 2014 2943 poterit
2058 2881 2089 2922 a
2141 2863 2478 2924 facundia
2526 2910 2540 2924 .

383 2982 581 3054 potest
618 2973 727 3034 bac
766 2991 861 3055 re,
897 2971 1016 3032 Cic.
1057 2970 1492 3033 rhetoricorum
1532 2970 1555 3030 1
1595 2971 1754 3047 (23)
1794 2989 1949 3032 cum
1988 2969 2270 3031 viribus
2309 2969 2693 3050 plurimum
2730 2978 2992 3049 posset.

562 3078 724 3141 Potis
780 3087 871 3140 est
928 3097 1038 3160 pro
1085 3086 1308 3160 potest,
1362 3077 1533 3155 Verg.
1580 3079 1721 3139 Aen.
1769 3077 1927 3137 Vllll
1974 3078 2172 3151 (796)
2227 3079 2420 3159 potis
2475 3084 2589 3137 est
2640 3094 2767 3156 per
2822 3076 2990 3158 teia,

304 3200 510 3267 asper
591 3189 822 3267 ignes,
895 3185 1028 3246 Ter.
1111 3184 1273 3246 Adel.
1348 3187 1493 3259 (ΙΙΙ
1557 3185 1738 3260 2,46)
1822 3187 2076 3265 peiore
2162 3202 2276 3245 res
2358 3183 2512 3245 loco
2588 3202 2726 3244 non
2800 3185 2992 3263 potis

385 3303 495 3357 est
557 3312 717 3355 esse
765 3341 778 3354 .

562 3399 678 3461 Pro
735 3400 842 3460 hac
898 3420 997 3475 re,
1063 3399 1120 3461 id
1178 3408 1270 3460 est
1327 3408 1462 3460 ante
1520 3398 1669 3460 hanc
1725 3417 1881 3479 rem,
1936 3398 2106 3478 Verg.
2155 3400 2297 3460 Aen.
2345 3397 2471 3458 vnl
2522 3398 2712 3472 (653)
2759 3398 2996 3461 stabat

384 3527 511 3588 pro
559 3505 845 3588 templo,
895 3506 1013 3568 Cic.
1061 3508 1122 3567 in
1170 3505 1444 3567 Pisonem
1493 3506 1687 3581 (5,11)
1737 3525 1866 3585 pro
1912 3505 2210 3568 Aurelio
2268 3505 2618 3567 tribunali
2676 3505 2995 3567 dilectus

386 3632 764 3676 servorum
809 3612 1212 3675 habebatur
1259 3660 1273 3673 .

305 3736 360 3776 so
563 3721 820 3782 Perosns
877 3719 1035 3781 iilam
1091 3738 1250 3802 rem,
1309 3718 1476 3799 Verg.
1523 3720 1667 3782 Aen.
1713 3718 1785 3779 Vi
1834 3720 2023 3793 (435)
2079 3720 2455 3800 lucemque
2513 3723 2783 3804 perosi,
2840 3722 2996 3782 idem

387 3828 541 3889 vnn
589 3828 766 3902 (141)
815 3846 950 3888 nou
999 3845 1227 3906 genus
1274 3845 1473 3888 omne
1520 3845 1827 3908 perosos
1876 3829 2258 3889 femineum
2306 3877 2320 3891 .

563 3935 790 3997 Poenas
853 3934 1039 4015 iliius,
1103 3953 1251 4014 quas
1314 3933 1412 3995 ille
1477 3934 1702 4015 intulit,
1767 3933 1938 4014 Verg.
1997 3934 2138 3996 Aen.
2196 3934 2270 3994 Vi
2327 3936 2517 4010 (565)
2576 3937 2726 4015 ipsa
2791 3935 2995 3997 deum

1984 4119 2023 4153 δ’

568 4197 749 4252 Codex
787 4195 1088 4251 Parrhasii
1162 4201 1189 4250 1
1229 4196 1310 4251 rei
1346 4210 1447 4252 om.
1594 4203 1627 4251 6
1662 4194 1745 4250 rei
1780 4212 1883 4250 om.
2030 4202 2061 4251 ’1
2100 4195 2179 4267 ΙΙ]
2218 4194 2296 4248 111
2441 4202 2474 4250 8
2514 4194 2678 4265 Verg.
2718 4197 2854 4252 Aen.
2892 4196 2997 4251 1111

387 4280 449 4334 et
481 4276 604 4334 fane
639 4292 918 4347 pregnans
955 4273 1159 4331 Cisseis
1193 4274 1390 4351 regina
1533 4281 1597 4330 11
1638 4275 1940 4346 agitabunt
2087 4283 2149 4330 13
2188 4275 2317 4346 1111]
2356 4275 2433 4329 ΙΙΙ
2580 4281 2646 4330 15
2684 4277 2759 4347 II]
2798 4278 2874 4331 111

386 4362 459 4412 24
493 4373 597 4426 pto
633 4356 848 4427 potest]
884 4372 987 4426 pro
1025 4356 1257 4426 prodest
1398 4361 1464 4410 27
1502 4373 1561 4410 re
1597 4371 1699 4411 om.
1845 4360 1915 4411 28
1951 4355 2012 4410 in
2048 4354 2252 4410 Pisone

563 4594 596 4643 5
634 4587 845 4659 patior,
899 4587 1138 4658 iudices,
1193 4590 1254 4644 et
1297 4604 1410 4644 non
1454 4587 1694 4644 moleste
1736 4587 1858 4644 fero
1903 4588 2109 4643 codices
2155 4587 2434 4643 Cimonis
2624 4593 2689 4642 10
2738 4586 2996 4661 Propius]

390 4669 569 4725 Prisc·
619 4669 653 4724 1.
706 4668 955 4722 XVIII
993 4685 1051 4737 p.
1099 4672 1218 4725 292
1393 4674 1456 4723 11
1504 4668 1801 4738 agitabant
1857 4667 2132 4737 Veryiiius
2175 4673 2225 4721 et
2274 4668 2606 4723 Priscianm
2778 4673 2841 4723 13
2889 4685 3000 4724 neu

387 4749 617 4820 propius
677 4748 954 4819 Vergilius
998 4754 1049 4804 et
1098 4748 1454 4815 Priscianus,
1499 4765 1569 4803 ne
1613 4748 1845 4818 propius
1898 4748 2065 4802 codex
2122 4747 2423 4803 Vossianus
2468 4747 2752 4804 Prisciani
2878 4762 2913 4795 ι·
2929 4755 2999 4803 24

388 4830 538 4900 potis
593 4831 682 4886 eet
724 4847 827 4900 per
869 4827 987 4884 tela
1023 4826 1284 4898 virosque
1335 4828 1608 4899 Veryilius
1643 4829 1780 4884 Aen.
1824 4827 1935 4881 IX
1970 4832 2080 4883 796
2117 4848 2136 4882 .·
2171 4829 2242 4896 cf.
2280 4829 2420 4884 Aen.
2462 4829 2545 4882 II
2579 4833 2689 4883 664
2726 4845 2827 4899 per
2862 4829 2997 4898 tela,

389 4927 492 4981 per
525 4909 684 4979 ignes
723 4908 893 4979 eripis
1037 4915 1104 4963 32
1141 4908 1361 4965 Poenae
1398 4909 1551 4964 illius
1589 4909 1893 4965 Houvemcs
1920 4925 1980 4978 p.
2019 4911 2094 4963 46
2333 4940 2337 4945 -
