3613 5528
586 414 712 496 166
1656 410 2117 467 CAssioDonu

584 526 627 563 p.
657 514 763 555 2895
790 514 840 554 P.

584 600 749 674 facit,
797 617 914 678 quo
965 596 1139 658 modo
1185 599 1362 678 pingo
1410 598 1589 676 pinxi.
1664 605 1725 656 et
1770 604 1966 656 tamen
2015 596 2237 656 nomini
2286 595 2442 674 quod
2501 594 2640 656 hinc
2685 595 2927 675 fingitur
2974 597 3059 655 sic
3105 596 3193 655 in-

586 714 804 767 sertam
851 704 1117 766 videmus
1164 723 1203 765 u
1251 704 1537 783 litteram,
1585 711 1652 765 ut
1697 703 1867 763 evelli
1915 721 2033 762 non
2080 704 2298 786 possit,
2346 705 2501 763 sicut
2546 703 2701 782 apud
2751 702 3006 763 eundem
3053 700 3194 761 Ver·

579 811 782 891 gilium
844 807 946 872 ‘et
1012 813 1305 892 pinguis
1376 812 1691 889 unguine
1757 804 2022 890 ceras’3
2091 818 2151 870 et
2215 811 2275 870 iu
2347 788 2780 870 consuetudine
2839 816 3193 888 usurpatum

580 925 949 997 unguentum
999 917 1246 992 dicitur,
1294 917 1452 996 quod
1500 926 1695 978 tamen
1744 918 1874 977 sine
1922 935 1959 976 u
2008 914 2186 978 debet
2232 915 2430 977 scribi.

757 1021 1006 1104 Leprosi
1043 1042 1074 1083 a
1113 1025 1348 1103 pruritu
1390 1024 1569 1084 nimio
1607 1024 1795 1102 ipsius
1836 1021 2054 1084 scabiei
2092 1022 2234 1083 dicti
2273 1030 2438 1103 sunt,
2496 1030 2555 1083 et
2601 1022 2733 1083 ideo
2781 1040 2888 1103 per
2923 1042 2962 1102 p
3012 1021 3194 1083 scribi
3223 1036 3250 1075 5

578 1129 814 1191 debent

758 1235 914 1296 Mille
955 1255 1239 1297 numerus
1278 1256 1310 1297 a
1349 1234 1701 1315 quibusdam
1750 1254 1858 1315 per
1896 1254 2081 1297 unum
2118 1237 2138 1297 l
2186 1236 2496 1319 scribitur,
2543 1238 2680 1316 quia
2718 1235 2878 1296 milia
2925 1235 3196 1316 dicimuS‚

581 1362 698 1403 non
748 1341 956 1421 millia;
1004 1342 1100 1403 alii
1149 1341 1361 1404 melius
1407 1361 1515 1422 per
1561 1341 1679 1403 duo
1727 1341 1745 1401 l
1793 1344 2132 1404 existimant
2178 1324 2576 1405 scribendum.

582 1485 709 1494 -ffi-
742 1486 857 1491 --',-
880 1488 897 1492 ..
944 1487 1008 1492 -Τ-

762 1558 789 1605 1
843 1554 901 1606 et
945 1553 1135 1606 tamen
1170 1549 1397 1606 nomina
1433 1565 1575 1617 quae
1624 1549 1708 1614 (in
1742 1565 1914 1616 mary.
1952 1547 1989 1601 l'
2029 1548 2198 1617 quod)
2237 1548 2368 1603 hinc
2403 1547 2634 1617 fingitur
2668 1550 2724 1602 Β
2760 1552 2819 1605 et
2853 1553 3043 1607 tamen
3084 1569 3198 1607 non

581 1631 772 1700 utique
813 1631 1027 1686 nomini
1063 1629 1215 1699 quod
1262 1631 1426 1699 (quae
1467 1628 1539 1696 G)
1586 1626 1717 1681 hinc
1760 1627 1993 1698 fingitur
2018 1626 2154 1695 AO,
2204 1632 2261 1684 et
2296 1630 2486 1683 tamen
2523 1628 2583 1683 in
2620 1630 2843 1686 nomine
2880 1632 3028 1699 quod
3066 1631 3197 1686 hinc

540 1772 550 1781 ,
580 1711 810 1782 fingitur
863 1711 1047 1765 Velius
1083 1709 1308 1779 Lonyus
1486 1714 1518 1763 2
1557 1708 1812 1762 uidemus
1853 1707 1952 1765 §A
1989 1708 2232 1763 uidimus
2271 1707 2389 1762 BG
2562 1714 2594 1762 3
2640 1711 2698 1763 et
2736 1708 2982 1782 pinguis]
3039 1710 3194 1781 Very.

577 1808 754 1863 yeorq.
794 1792 920 1845 III
956 1795 1066 1845 450
1244 1788 1418 1859 ungui
1466 1804 1691 1843 neceras
1737 1789 1790 1842 A
1839 1788 1976 1858 ungi
2020 1788 2259 1844 neeedas
2303 1788 2351 1843 0
2393 1788 2638 1858 unguine
2683 1790 2843 1844 tedas
2880 1790 2937 1843 Β
2948 1804 2982 1848 ς
3138 1792 3197 1845 in

581 1870 1038 1928 consuetudinem
1076 1869 1207 1924 Par.
1248 1883 1281 1927 ς
1317 1875 1367 1924 et
1402 1871 1577 1924 deleta
1612 1888 1668 1924 m
1704 1870 1760 1923 Β
1870 1876 1906 1924 4
1942 1871 2249 1939 ungentum
2287 1885 2425 1924 corr.
2466 1871 2810 1938 unguentum
2847 1870 2902 1923 Β
3045 1870 3198 1938 quod

582 1954 775 2007 'tamen
805 1966 837 2009 ς
869 1951 1006 2005 Par.
1047 1967 1190 2020 quae
1218 1953 1410 2005 tamen
1436 1950 1552 2004 BC
1577 1953 1790 2020 quavam
1820 1950 1876 2004 A
1982 1950 2191 2005 debent
2226 1949 2282 2003 A
2389 1954 2421 2003 5
2460 1967 2496 2004 a
2521 1949 2738 2020 proritu
2766 1964 2800 2008 ς
2897 1950 3124 2007 scabino
3154 1950 3203 2006 G

683 2038 712 2087 7
754 2031 910 2102 quia]
950 2048 1026 2100 qu
1048 2074 1059 2085 .
1083 2073 1095 2085 .
1134 2048 1271 2086 corr.
1301 2030 1436 2099 quia.
1469 2032 1552 2098 B,
1591 2030 1739 2100 quod
1777 2031 1944 2085 codex
1979 2030 2276 2084 Beruensis
2312 2034 2426 2085 243

584 2232 987 2240 ——-———-—————-
1520 2234 1559 2239 .-.

1489 2369 1856 2423 MARTYRII
1894 2369 1990 2423 DE
2030 2368 2073 2422 B
2115 2368 2206 2423 ET
2244 2367 2296 2422 V

582 2537 760 2596 tionis
808 2534 1020 2596 latinae
1069 2536 1230 2595 visus
1276 2543 1369 2596 est
1429 2554 1546 2595 non
1603 2535 1818 2617 sutilis,
1875 2545 2160 2615 quantum
2208 2543 2420 2596 natura
2469 2537 2847 2618 ministravit,
2897 2555 3196 2617 exponere

581 2642 836 2703 duorum
883 2643 1086 2721 gratia.
1161 2660 1233 2701 ex
1271 2640 1383 2701 boc
1421 2643 1580 2702 enirn
1628 2642 1912 2722 prodesse
1953 2642 2190 2722 quidem
2241 2642 2379 2702 licet
2424 2661 2600 2721 parva
2648 2643 2982 2723 legentibus
3019 2652 3195 2723 atque

586 2747 1013 2830 scribentibuS,
1059 2756 1358 2810 aeternam
1397 2767 1537 2809 vero
1584 2748 1830 2828 gloriam
1869 2758 2073 2811 nostro
2120 2747 2308 2810 labori
2353 2768 2560 2829 parare
2604 2751 2732 2811 sine
2779 2749 2960 2813 dubio
3007 2751 3195 2812 credi-

579 2875 727 2918 muS.
808 2855 1058 2936 syllabas
1096 2858 1277 2935 igitur
1315 2857 1492 2916 unius
1532 2857 1823 2934 cuiusque
1862 2855 2141 2916 dictionis
2179 2874 2357 2935 supra
2396 2855 2569 2916 dictis
2616 2855 2831 2917 litteris
2869 2877 3197 2920 accommo-

579 2964 745 3025 datas
784 2965 905 3024 sive
945 2964 1136 3042 capite
1185 2961 1480 3041 fulgentes
1519 2964 1640 3023 sive
1679 2962 1874 3023 medio
1915 2961 2149 3023 vallatas
2188 2982 2292 3023 seu
2341 2964 2517 3024 finem
2565 2962 2968 3047 observantes„
3014 2984 3195 3045 quan·
3226 2989 3252 3026 5

580 3079 705 3132 tum
770 3071 921 3131 ratio
988 3070 1294 3151 exposcit,
1371 3069 1757 3130 tractabimus
1825 3070 2109 3149 inspectis
2175 3071 2493 3149 praecipue
2559 3068 2875 3149 diligenter
2940 3074 3198 3151 antiquis

577 3176 977 3256 exemplariiS,
1034 3194 1183 3254 quae
1241 3185 1383 3236 sunt
1437 3194 1469 3235 a
1516 3168 1738 3236 nostris
1792 3177 1907 3235 iam
1955 3174 2179 3236 dudum
2236 3173 2480 3254 proba'ta
2528 3174 2866 3237 maioribus
2955 3187 3015 3239 et
3061 3182 3196 3257 quia

577 3286 704 3344 sine
762 3282 1050 3343 vocalium
1106 3282 1313 3343 ordine
1371 3280 1620 3361 syllabas
1676 3300 1852 3361 posse
1910 3280 2070 3342 nullo
2128 3280 2301 3341 modo
2359 3283 2686 3343 consistere
2757 3283 2881 3361 ipsa
2937 3286 3196 3364 primum

466 3442 478 3453 .
578 3397 816 3470 natura,
870 3386 1344 3449 institutionibus
1400 3387 1611 3449 deinde
1670 3389 2126 3467 praeceptisque
2184 3387 2496 3449 doctorum
2552 3389 2831 3449 instructi
2894 3394 3195 3469 cognosci·

580 3514 712 3556 mus
771 3494 924 3572 [tum
983 3493 1299 3572 vocalium]
1311 3544 1328 3576 ,
1385 3513 1493 3575 pro
1551 3512 1754 3554 earum
1812 3494 2094 3574 dignitate
2149 3496 2453 3573 inceptum
2501 3496 2700 3574 operis
2754 3495 3003 3557 huiusce
3060 3517 3193 3577 pro·
3227 3520 3280 3559 ιο

578 3621 885 3682 ponemus,
960 3619 1187 3661 summa
1244 3603 1442 3680 itaque
1498 3609 1559 3660 et
1613 3601 1907 3680 generalis
1962 3610 2165 3662 nostra
2222 3600 2430 3678 divisio
2489 3604 2548 3661 in
2609 3603 2847 3663 nomine
2893 3603 3194 3683 verboque

576 3708 959 3789 spectabitur.
1035 3706 1138 3767 sed
1188 3706 1296 3766 hae
1337 3726 1574 3786 quoque
1611 3716 1814 3787 partes
1853 3706 2191 3767 dividentur
2229 3708 2543 3788 trifariam,
2591 3707 2648 3768 id
2698 3717 2790 3769 est
2835 3711 2896 3769 in
2943 3710 3194 3789 primam

576 3814 827 3876 mediam
893 3821 1071 3893 atque
1139 3813 1403 3875 ultimam
1469 3813 1785 3894 syllabam,
1849 3814 1996 3874 haec
2060 3813 2400 3875 distributio
2469 3816 2733 3893 quamvis
2798 3815 2954 3895 apud
3016 3817 3193 3877 Grae-

575 3940 678 3982 cos
726 3920 1060 3982 Herodiano
1107 3921 1423 4000 displicuit.
1516 3929 1576 3981 et
1636 3923 1894 3999 primum
1939 3922 2291 4000 incipiamus
2336 3920 2410 3980 de
2458 3923 2695 3981 n'omine
2751 3939 2820 3981 ac
2876 3914 2949 3981 de
3003 3925 3193 4001 prima

578 4029 832 4088 nominis
889 4027 1136 4110 syllaba,
1194 4035 1544 4088 exercentes
1599 4025 1821 4105 ubique
1876 4024 2105 4086 scilicet
2160 4027 2610 4107 nominativum,
2668 4027 2824 4106 quod
2880 4027 2978 4088 alii
3024 4047 3197 4090 casus
3230 4051 3280 4090 15

580 4132 946 4195 notabuntur
1023 4134 1309 4197 similiter.
1403 4142 1465 4195 et
1537 4134 1814 4213 quoniam
1889 4134 1949 4192 in
2027 4130 2379 4211 quibusdam
2448 4134 2629 4193 istum
2704 4132 2959 4195 deiicere
3037 4136 3198 4195 novi·

574 4261 704 4303 mus
719 4289 736 4322 ,
807 4259 918 4320 per
989 4259 1396 4321 quoscumque
1459 4235 1633 4300 casus
1700 4240 2099 4320 inveniemuS,
2168 4238 2264 4299 illa
2332 4258 2569 4318 quoque
2635 4241 2872 4302 nomina
2946 4249 3199 4303 tractare

580 4347 1016 4429 temptabimus

752 4562 784 4610 2
819 4556 1003 4627 enim]
1058 4562 1147 4611 e‘in
1196 4556 1280 4624 Ν,
1328 4573 1429 4610 om.
1478 4553 1535 4608 P
1707 4568 1882 4621 parva.
1915 4553 1986 4605 ·P
2028 4569 2172 4622 pura.
2220 4552 2286 4605 N
2461 4562 2492 4609 9
2541 4556 2857 4626 praeceptis
2896 4573 3042 4627 quae
3077 4557 3209 4611 NP

682 4643 750 4690 10
807 4638 929 4691 tum
992 4636 1272 4692 vocalium
1329 4652 1430 4689 om.
1480 4633 1536 4687 P
1743 4631 2029 4700 inceptum
2088 4630 2271 4701 operis
2326 4632 2556 4688 huiusce
2610 4651 2987 4705 proponemus
3038 4636 3095 4690 P
3144 4635 3204 4690 in

583 4716 795 4785 optimo
832 4716 1017 4786 operis
1063 4713 1294 4769 huiusce
1342 4712 1704 4783 proponimus
1741 4712 1808 4766 N
1975 4717 2039 4765 12
2085 4709 2429 4780 spectabitur
2476 4713 2574 4768 sed
2622 4714 2762 4771 haec
2809 4733 3031 4786 quoque
3079 4732 3204 4785 par-

579 4797 666 4851 tes
711 4795 1031 4853 dividentur
1067 4796 1123 4848 P
1166 4793 1473 4849 sectabitur
1509 4791 1609 4847 sed
1646 4793 1783 4846 haee
1820 4807 2041 4862 quoque
2078 4792 2270 4861 partes
2307 4791 2619 4849 dividentes
2655 4794 2724 4850 N
2864 4801 2928 4851 15
2967 4796 3120 4866 quod
3157 4795 3213 4850 P

593 4891 705 4944 quo
750 4875 818 4928 N
