3613 5528
1238 414 1588 472 EXEMPLA
1623 414 2161 474 ELOCVTIONVM
2874 415 3003 483 471

391 531 441 569 p.
470 516 564 556 sna.
592 517 671 556 sss
702 514 756 556 L.

397 603 640 662 evenit
687 650 699 661 .
748 604 943 664 evenit
988 602 1082 663 his
1128 602 1275 664 mihi
1330 604 1730 684 incommode,
1784 602 1921 664 Ter.
1968 601 2145 683 Hecy.
2193 603 2288 676 (V
2324 605 2509 678 3,49)
2563 606 3004 668 incommode

398 708 572 769 mihi
617 712 895 796 nuptiis
941 712 1182 771 evenit
1227 757 1240 770 .
1918 703 1928 714 “

573 816 838 897 Expedio
875 835 968 878 me
1005 818 1115 877 hac
1151 835 1245 899 re,
1291 815 1410 878 Cic.
1439 835 1548 897 pro
1580 815 1812 878 Corn.1
1852 819 2008 879 eius
2045 817 2233 878 modi
2270 818 2440 879 mihi
2486 819 2664 880 duos
2711 820 3005 900 laqueos

395 926 465 984 in
513 942 726 985 causa
774 942 934 985 esse
980 925 1426 1005 propositoS‚
1483 933 1587 1006 ut,
1641 926 1698 985 si
1749 943 1851 985 me
1900 924 2128 986 altero
2177 925 2656 1009 expedissem,
2712 936 3006 989 tenerer

343 1029 624 1091 saltero
672 1079 685 1091 .
735 1031 982 1111 expedio
1046 1049 1140 1093 me
1208 1049 1280 1092 ex
1343 1030 1453 1091 hac
1519 1049 1612 1113 re,
1675 1031 1811 1092 Ter.
1859 1031 2019 1093 Adel.
2077 1033 2210 1105 (IV
2248 1034 2387 1108 4,6)
2445 1052 2578 1113 quo
2634 1036 2836 1096 modo
2901 1055 3004 1098 me

398 1138 764 1217 expediam
812 1157 892 1199 ex
938 1138 1064 1200 hac
1110 1134 1366 1199 turba?

569 1239 853 1307 Excessit
899 1246 1011 1306 hoc
1056 1245 1214 1325 loco,
1261 1245 1430 1326 Verg.
1478 1246 1618 1309 Aen.
1665 1245 1719 1306 Π
1766 1248 1948 1321 (351)

884 1372 1268 1415 excessere
1314 1372 1563 1415 omnes
1610 1355 1844 1435 adytis
1891 1356 2182 1434 arisque
2229 1356 2517 1419 relictis

883 1461 983 1522 dii
1030 1508 1043 1521 .

316 1581 368 1620 ιο
395 1568 650 1628 excessit
685 1585 756 1628 ex
793 1567 905 1628 hoc
943 1573 1099 1645 loc-0,
1146 1568 1281 1630 Ter.
1320 1567 1499 1650 Hecy.
1539 1570 1682 1643 (ΙΙΙ
1711 1569 1882 1644 2,12)
1922 1577 1993 1630 et
2029 1588 2202 1631 cura
2247 1589 2327 1631 ex
2376 1572 2590 1634 corde
2639 1575 3002 1635 excessit.

571 1672 887 1736 Excruciat
932 1694 1026 1736 me
1072 1675 1169 1737 illa
1215 1695 1308 1759 re,
1364 1677 1481 1739 Cic.
1529 1678 1601 1739 de
1658 1685 1938 1758 praetura
1994 1680 2087 1751 (in
2149 1678 2318 1739 Verr.
2367 1686 2484 1740 act.
2531 1699 2649 1742 sec.
2698 1681 2740 1741 I
2776 1681 3002 1757 17,45)

394 1783 667 1842 socium
716 1781 778 1842 P.
824 1782 890 1842 R.
939 1792 1154 1863 atque
1211 1786 1512 1846 amicum
1569 1785 1759 1846 fumo
1815 1787 2315 1874 excruciatum
2375 1784 2637 1864 [unde]
2694 1786 3005 1867 reliquit

393 1890 814 1950 semivivum
862 1938 875 1951 .

570 1994 747 2056 Elicit
789 1995 903 2056 hoc
948 1995 1041 2057 vel
1084 1997 1251 2079 huic,
1296 1995 1468 2077 Verg.
1516 2015 1674 2077 geor.
1722 1995 1748 2056 1
1795 1999 1982 2072 (198)
2400 2052 2431 2078 ,

315 2116 366 2158 15
900 2122 1069 2165 ecce
1117 2104 1518 2183 supercilio
1566 2105 1826 2166 clivosi
1871 2109 2189 2167 tramitis
2237 2107 2494 2168 undam

898 2210 1107 2272 elicit
1153 2259 1165 2271 .

393 2314 554 2377 elicit
589 2316 661 2378 ab
699 2317 837 2399 hoc,
885 2317 1003 2379 Cic.
1042 2337 1151 2399 pro
1191 2317 1466 2379 Deiotaro
1505 2320 1660 2395 (1,3)
1698 2321 1774 2380 in·
1817 2339 1951 2400 qua
1998 2323 2427 2400 quaestione
2475 2322 2680 2384 dolor
2727 2324 2998 2385 elicere

391 2442 626 2485 veram
673 2443 918 2486 vocem
963 2426 1200 2507 possit
1246 2429 1459 2488 etiam
1506 2425 1586 2487 ab
1633 2429 1865 2488 invito
1914 2475 1926 2488 .

443 2544 450 2548 ·
569 2530 823 2594 Exercet
867 2532 1026 2594 illam
1072 2551 1229 2615 rem,
1275 2531 1447 2614 Verg.
1495 2533 1636 2596 Aen.
1683 2533 1764 2595 111
1810 2535 1990 2608 (281)

313 2652 369 2693 so
836 2647 1185 2701 exercent
1228 2643 1504 2720 patrias
1551 2642 1707 2702 oleo
1754 2641 2045 2704 labente
2093 2643 2496 2724 palaestras
2543 2695 2556 2707 .

393 2753 707 2807 exercetur
752 2745 848 2807 illa
895 2764 986 2829 re,
1032 2744 1150 2808 Cic.
1199 2747 1273 2809 de
1321 2750 1508 2829 signis
1555 2751 1648 2824 (in
1710 2751 1879 2813 Verr.
1920 2751 2022 2812 IV
2051 2751 2275 2830 25,56)
2323 2751 2484 2814 dum
2529 2756 2743 2815 armis
2792 2772 2996 2816 exer-

393 2860 601 2914 cetur
646 2900 660 2914 .
765 2938 770 2941 ι

568 2959 754 3020 Enixa
801 2960 1011 3037 lilium,
1060 2960 1229 3043 Verg.
1277 2962 1417 3024 Aen.
1466 2962 1568 3024 Vll
1614 2964 1806 3038 (320)
1854 2967 2061 3046 ignes
2108 2969 2320 3028 enixa
2367 2967 2661 3048 iugales,

568 3065 788 3128 Exsors
815 3067 995 3129 huius
1023 3073 1143 3143 rei,
1182 3067 1353 3150 Verg.
1385 3069 1527 3131 Aen.
1559 3069 1632 3131 vl
1672 3072 1859 3146 (428)
1908 3092 2086 3153 quos
2132 3074 2366 3136 dulcis
2412 3077 2600 3137 vitae
2648 3084 2990 3136 exsortes,

312 3186 365 3228 25
567 3172 821 3235 Excudit
873 3175 1012 3237 huic
1071 3181 1190 3251 rei,
1248 3176 1417 3257 Verg.
1466 3177 1607 3240 Aen.
1656 3178 1682 3238 Ι
1729 3180 1920 3254 (174)
1988 3181 2183 3242 silici
2248 3182 2638 3243 scintillam
2706 3183 2999 3244 excudit

392 3279 695 3342 Achates
742 3328 756 3341 .
803 3299 1086 3343 excussos
1141 3283 1251 3345 hac
1296 3302 1391 3366 re,
1447 3282 1617 3365 Verg.
1664 3286 1806 3347 Aen.
1856 3285 1957 3347 Vll
2004 3288 2190 3363 (299)
2247 3292 2415 3369 quin
2482 3292 2699 3352 etiam
2763 3292 2998 3371 patria

392 3405 756 3449 excussos.
798 3388 807 3463 Ι

568 3494 757 3556 Effeta
803 3495 983 3557 huius
1031 3498 1146 3578 rei,
1192 3494 1363 3577 Verg.
1411 3497 1554 3560 Aen.
1601 3499 1703 3559 Vll
1741 3502 1941 3574 (449)
1988 3506 2285 3583 verique
2333 3506 2555 3568 effeta
2604 3513 2946 3567 senectus
2983 3550 2998 3564 .

567 3601 674 3663 Est
720 3619 996 3684 cernere,
1040 3602 1214 3684 Verg.
1253 3604 1394 3667 Aen.
1433 3605 1507 3666 VI
1546 3607 1734 3680 (595)
1782 3616 2027 3670 terrae
2075 3613 2595 3691 omnipotentis
2641 3611 2996 3673 alumnum

313 3724 367 3764 so
392 3726 693 3770 cernere
741 3717 920 3791 erat,
967 3712 1054 3771 sic
1098 3729 1260 3790 geor.
1307 3712 1418 3773 1111
1463 3716 1661 3789 (447)
1709 3734 1939 3797 neque
1996 3725 2110 3778 est
2165 3727 2232 3780 te
2288 3718 2545 3779 fallere
2594 3721 2997 3800 quicquam,

390 3815 524 3878 buc.
571 3815 826 3892 (19,46)
873 3834 1003 3878 nec
1049 3819 1145 3878 sit
1187 3818 1359 3880 mihi
1406 3822 1708 3883 credere
1755 3831 2031 3885 tantum
2080 3872 2094 3885 .

569 4034 749 4091 Godeae
785 4032 1080 4089 Parrhasii
1189 4041 1217 4089 1
1265 4035 1455 4091 evenit
1511 4036 1601 4092 his
1658 4070 1724 4078 —
1778 4039 1990 4109 nuptiis
2038 4039 2225 4095 evenit
2261 4044 2391 4109 post
2462 4047 2496 4094 4
2551 4042 2772 4095 tenerer
2817 4040 2995 4097 altero

389 4116 623 4185 scripta,
678 4114 772 4170 sed
808 4114 1077 4184 adpositis
1119 4115 1296 4184 siquis
1339 4116 1403 4170 in
1430 4132 1601 4201 ‘suum
1635 4117 1811 4173 locum
1855 4123 2105 4174 revocata
2147 4124 2279 4173 emat
2468 4124 2535 4173 10
2580 4119 2707 4175 loco
2751 4137 2851 4176 om.

391 4204 767 4259 excruciatum
822 4202 969 4258 unde
1023 4202 1255 4272 reliquit
1304 4211 1445 4260 semi·
1625 4212 1691 4262 19
1747 4208 2007 4278 Exercet]
2065 4206 2273 4262 Exerce
2453 4213 2523 4262 24
2578 4207 2661 4263 rei
2716 4225 2815 4266 om.

365 4290 457 4345 ,25
495 4285 577 4340 rei
612 4302 710 4340 om.
857 4288 923 4338 31
964 4283 1061 4355 sit]
1101 4283 1181 4339 sic

565 4504 602 4552 4
638 4497 984 4568 praepositos
1022 4498 1099 4552 Μ
1255 4500 1288 4550 ὅ
1326 4513 1437 4566 quo
1475 4498 1642 4555 modo
1677 4499 1786 4556 hac
1822 4517 1912 4556 me
1949 4502 2243 4572 expediam
2288 4502 2456 4558 turba.
2499 4502 2703 4557 codices
2751 4501 2997 4559 Terentii

392 4584 454 4633 11
493 4579 827 4635 Excruciare
853 4579 956 4634 illa
981 4596 1042 4634 re
1073 4579 1150 4634 M
1165 4624 1176 4636 .
1196 4580 1430 4646 fortasse
1455 4580 1801 4636 excruciatus
1829 4579 1931 4637 illa.
1956 4599 2016 4637 re
2160 4589 2225 4637 12
2253 4583 2336 4638 ibi
2364 4581 2649 4638 hominem
2672 4580 2993 4650 ingenuum,

390 4659 542 4715 domi
569 4659 843 4729 nobilem,
870 4658 1066 4729 populi
1085 4660 1322 4715 Romani
1350 4659 1561 4714 socium
1589 4663 1758 4731 atque
1786 4663 2056 4731 amicum,
2083 4662 2238 4718 fumo
2258 4664 2636 4719 excruciatum
2664 4662 2996 4718 semivivum

389 4739 620 4810 reliquit
656 4740 844 4794 Cicero
986 4745 1055 4794 23
1091 4741 1325 4808 fortasse
1358 4739 1539 4795 Enixa
1574 4740 1769 4812 fetum,
1820 4743 1988 4813 Verg.
2026 4743 2163 4797 Aen.
2202 4744 2281 4797 111
2319 4749 2419 4797 391
2473 4742 2711 4812 triginta.
2746 4742 2994 4812 capitum

388 4817 535 4873 fetus
572 4818 762 4885 enixa,
797 4819 947 4874 idem
985 4821 1121 4876 Aen.
1161 4820 1267 4875 VII
1305 4826 1409 4875 320
1444 4819 1602 4891 ignee
1636 4838 1746 4892 sqq.
1780 4823 1968 4891 priore
2001 4824 2240 4893 exevnpzo
2274 4839 2407 4878 usus
2443 4828 2518 4878 est
2544 4822 2768 4878 Nonius
2786 4840 2848 4893 p.
2876 4829 2994 4880 296

461 4904 529 4953 26
565 4901 796 4967 fortasse
830 4899 1072 4956 Excudit
1106 4901 1241 4956 huic
1278 4901 1361 4956 rei
1399 4900 1557 4955 illem
1593 4917 1714 4956 rem
1858 4908 1923 4957 31
1963 4920 2033 4957 ne
2070 4902 2146 4958 sit
2182 4901 2235 4959 G·
