3613 5528
595 462 720 526 196
1664 459 2120 517 CASSIODORII

578 574 608 610 p
654 564 762 603 2809
791 563 841 601 P.

580 648 718 726 quia
765 664 823 705 m
870 644 1066 706 littera
1111 646 1446 723 praeposita
1493 646 1851 724 scripturam
1900 647 2170 706 mutavit:
2217 645 2417 704 ferveo
2465 647 2670 726 etiam,
2728 647 2780 706 si
2825 647 2886 705 in
2931 651 3192 725 praeter-

580 755 664 813 ito
718 752 984 832 perfecto
1042 753 1190 813 fervi
1247 753 1409 830 l'acit,
1454 770 1563 830 per
1610 771 1669 832 v,
1726 754 1824 812 cui
1871 754 2047 812 etiam
2094 769 2204 831 ego
2253 754 2437 830 magis
2484 751 2813 831 adsentior,
2868 752 2919 812 si
2982 749 3196 831 ferbui,

577 876 686 938 per
725 858 761 918 b
799 867 1022 919 mutam
1061 857 1383 919 scribetur:
1422 860 1502 918 ita
1542 866 1757 938 tamen,
1794 860 1847 918 si
1883 861 2108 938 primae
2139 860 2572 937 coniugationis
2609 877 2677 919 ac
2716 861 2937 938 primae
2976 859 3197 937 speciei

579 964 756 1025 verba
813 984 933 1025 non
992 966 1228 1026 fuerint.
1303 965 1398 1024 illa
1456 969 1611 1026 enim
1671 984 1779 1045 per
1826 965 1864 1025 b
1921 973 2145 1026 mutam
2202 964 2568 1045 scribentur,
2631 974 2697 1026 ut
2743 964 2930 1025 libero
2972 962 3195 1025 liberas

578 1071 849 1152 liberavi,
905 1070 1174 1150 guberno
1222 1070 1521 1151 gubernas
1567 1070 1920 1152 gubernavi,
1975 1071 2237 1133 exubero
2285 1070 2578 1159 exuberas
2623 1069 2968 1150 exuberavi,
3022 1068 3196 1130 sibilo
3224 1082 3253 1121 ⁶

579 1179 780 1239 sibilas
837 1177 1101 1259 sibilavi,
1163 1177 1370 1239 dubito
1426 1177 1662 1239 dubitas
1717 1178 2007 1258 dubitavi,
2071 1177 2287 1239 hebeto
2341 1176 2588 1238 hebetas
2643 1177 2939 1257 hebetavi,
3004 1175 3196 1236 titubo

580 1285 800 1346 titubas
847 1284 1367 1367 titubavikhabito
1415 1283 1645 1345 habitas
1690 1282 1965 1344 habitavi.
2038 1286 2418 1364 excipiuntur
2454 1286 2640 1345 invito
2679 1291 2741 1344 et
2785 1282 2988 1344 derivo
3036 1285 3196 1344 iuxta

577 1393 868 1472 rationem
910 1410 1085 1470 quam
1124 1395 1403 1471 superius
1435 1390 1710 1471 diximuS,
1737 1409 1976 1452 omnem
2013 1392 2267 1469 primam
2297 1389 2613 1452 verborum
2644 1390 2921 1469 syllabam
2959 1400 3197 1471 praeter

455 1525 476 1537 ·
579 1498 725 1558 haec
773 1517 922 1577 quae
972 1498 1145 1577 paulo
1193 1508 1329 1560 ante
1378 1499 1820 1559 numeravimus
1866 1516 1974 1577 per
2021 1516 2056 1555 v
2103 1495 2311 1577 scribi,
2371 1499 2647 1577 quoniam
2694 1500 2755 1557 in
2802 1505 2864 1557 et
2909 1497 2981 1558 de
3029 1515 3195 1576 prae-

579 1608 907 1685 positiones
954 1623 1085 1666 esse
1133 1623 1308 1665 nemo
1354 1604 1602 1666 dubitat.
1681 1606 1888 1683 navigo
1928 1605 2086 1664 enim
2124 1612 2184 1664 et
2225 1621 2436 1663 acervo
2484 1597 2589 1665 ἐπὶ
2634 1601 2756 1664 τοῦ
2805 1589 3081 1685 σωρεύὼ
3128 1621 3195 1664 ac
3228 1617 3280 1655 1⁰

581 1711 715 1772 talia
763 1713 822 1771 in
872 1714 1110 1772 nomine
1149 1711 1302 1772 datis
1349 1710 1732 1771 subserviunt
1777 1709 2016 1789 regulis.
2050 1719 2059 1726 ‘
2093 1717 2154 1770 et
2201 1709 2346 1770 haec
2385 1728 2622 1789 quoque
2662 1712 2894 1789 species
2940 1711 3000 1770 in
3049 1709 3196 1770 duas

579 1826 780 1897 partes
833 1818 1130 1879 dividitur.
1213 1818 1454 1878 nam'si
1511 1815 1790 1896 disyllaba
1848 1817 2098 1897 fuerint,
2152 1818 2507 1896 scripturam
2557 1815 2896 1897 mutabunt,
2959 1824 3024 1876 ut
3068 1815 3197 1877 levo

580 1923 983 2005 levas-levavi,
1030 1943 1201 1985 servo
1239 1942 1441 1985 servas
1478 1925 1733 2005 servavi,
1780 1941 1963 1984 curvo
2002 1940 2215 1982 curvas
2250 1925 2517 2005 curvavi,
2565 1942 2715 1984 novo
2757 1941 2936 1983 novas
2974 1925 3198 2004 novavi,

580 2050 688 2091 ovo
737 2050 874 2092 ovas
921 2035 1114 2113 ovavi,
1161 2040 1410 2111 excepto
1456 2030 1622 2091 orbo.
1697 2048 1833 2090 nam
1890 2027 2067 2090 turbo
2114 2049 2147 2089 a
2195 2030 2366 2090 turba
2415 2032 2652 2092 nomine
2699 2030 3068 2091 descendens
3123 2029 3198 2090 ba

761 2227 788 2275 1
828 2239 997 2292 quam
1032 2220 1284 2275 litteram
1323 2219 1646 2290 praeposita
1680 2218 1956 2288 scriptura
1990 2216 2235 2272 mutauit
2271 2216 2391 2270 AB
2403 2217 2450 2271 G
2555 2218 2726 2274 etiam
2765 2219 2835 2289 si]
2877 2218 2984 2274 etsi
3022 2219 3141 2273 AB
3156 2220 3204 2274 0

652 2308 684 2356 2
724 2302 816 2356 cui
851 2303 1000 2356 esset
1036 2319 1172 2358 corr.
1203 2301 1294 2355 cui
1322 2300 1494 2355 etiam
1521 2297 1578 2351 Β
1616 2297 1773 2352 cuius
1800 2298 1918 2369 310
2022 2297 2070 2351 si
2095 2297 2279 2352 ferbui
2306 2298 2361 2351 Β
2398 2297 2517 2351 fleri
2554 2297 2735 2353 ferbui
2763 2300 2819 2353 A
2854 2298 3036 2354 ferbui
3074 2301 3197 2368 (om.

581 2380 739 2450 si).0
781 2380 959 2436 ferbui
1004 2383 1194 2436 tamen
1233 2380 1430 2434 Carrio
1576 2384 1608 2432 9
1655 2377 2072 2432 numerauimus
2109 2380 2230 2434 AB
2271 2379 2702 2436 memorauimus
2741 2379 2788 2433 G
2930 2386 2996 2434 10
3032 2396 3198 2435 nemo

581 2461 808 2515 dubitat
830 2461 885 2515 B
912 2478 1024 2515 non
1054 2460 1315 2514 dubitant
1332 2458 1448 2512 AO
1551 2458 1646 2512 ΕΠ
1649 2458 2009 2513 ΙΤΟΤΙωΡΕΥ
2011 2462 2067 2513 ω
2087 2458 2143 2512 Β
2172 2477 2260 2514 em
2279 2461 2659 2515 ΤΟΠωΠΕΙω
2678 2461 2751 2524 Α,
2772 2475 2873 2513 om.
2894 2458 2951 2527 Ο,
2983 2455 3197 2513 §utum

581 2535 809 2607 σωρεύω
838 2540 1068 2593 editores
1180 2545 1245 2593 14
1272 2539 1346 2593 ba
1373 2537 1628 2608 syllabae
1659 2536 1874 2605 Gai-nb,
1911 2538 1986 2592 ba
2012 2539 2231 2608 syllaba.
2259 2537 2311 2593 A
2349 2540 2424 2594 ba
2454 2538 2674 2608 syllaba.
2701 2538 2756 2592 Β
2794 2538 2870 2592 ba
2906 2539 3127 2608 syllaba.
3157 2538 3204 2592 0

1486 2838 1856 2897 MARTYRII
1893 2840 1992 2896 DE
2029 2842 2073 2896 Β
2111 2842 2206 2896 ΕΤ
2243 2843 2295 2897 V

583 3012 777 3069 servio
817 3009 1058 3087 servivi3
1104 3009 1367 3086 exceptis
1414 3004 1607 3066 lambo
1655 3006 1892 3068 lambivi
1929 3026 1998 3068 ac
2047 3009 2288 3090 talibuS,
2335 3010 2470 3089 quia
2521 3027 2577 3069 m
2620 3009 2814 3069 littera
2862 3012 3197 3090 praeposita

583 3116 940 3193 scripturam
979 3114 1251 3174 mutavit:
1299 3113 1497 3173 ferveo
1536 3117 1743 3195 etiam,
1781 3116 2113 3193 perfectum
2155 3119 2206 3176 si
2244 3116 2393 3176 fervi
2432 3116 2589 3196 facit,
2626 3134 2735 3195 per
2772 3135 2806 3175 v
2845 3116 3200 3198 digammon,

582 3223 678 3282 cui
728 3224 903 3282 etiam
952 3239 1062 3299 ego
1110 3222 1295 3299 magis
1341 3218 1637 3300 adsentio,
1683 3221 1735 3279 si
1781 3219 1979 3282 ferbui
2025 3221 2191 3301 lacit,
2236 3240 2344 3302 per
2392 3221 2429 3281 b
2477 3230 2699 3283 mutam
2746 3220 3071 3284 scribetur:
3117 3226 3198 3284 ita

579 3336 808 3408 tamen,
855 3330 904 3387 si
949 3329 1174 3406 primae
1223 3327 1658 3404 coniugationis
1704 3344 1773 3386 ac
1828 3328 2055 3405 primae
2110 3331 2331 3407 speciei
2385 3327 2562 3387 verba
2612 3346 2728 3388 non
2788 3328 3027 3390 ruerint.
3099 3328 3199 3390 illa

579 3435 737 3494 enim
785 3451 893 3511 per
939 3431 977 3491 b
1024 3440 1246 3492 mutam
1296 3429 1668 3511 scribentur,
1714 3439 1783 3493 ut
1835 3431 2026 3492 libero
2073 3410 2290 3493 liberas
2334 3432 2605 3514 liberavi,
2660 3434 2928 3513 guberno
2983 3434 3197 3514 guber·
3227 3448 3255 3487 5

581 3554 688 3597 nas
726 3534 1079 3618 gubernavi,
1116 3536 1289 3597 sibilo
1327 3535 1528 3597 sibilas
1567 3536 1821 3620 sibilavi,
1859 3532 2064 3599 dubito
2102 3538 2337 3600 dubitas
2375 3540 2664 3621 dubitavi,
2698 3540 2915 3603 hebeto
2954 3541 3198 3603 hebetas

583 3641 886 3722 hebetavi,
932 3641 1123 3703 titubo
1170 3642 1392 3703 titubas
1431 3642 1705 3724 titubavi,
1751 3643 1951 3705 habito
1990 3644 2217 3706 habitas
2254 3646 2525 3707 habitavi.
2600 3649 2978 3726 excipiuntur
3015 3650 3198 3709 invito

584 3756 645 3808 et
682 3746 886 3807 derivo
924 3749 1096 3808 iuxta.
1131 3750 1429 3809 rationem
1461 3767 1637 3827 quam
1674 3752 1952 3830 superius
1991 3750 2273 3833 diximnS,
2318 3771 2553 3813 omnem
2591 3755 2841 3833 primam
2880 3753 3197 3816 verborum

580 3852 858 3933 syllabam
912 3862 1150 3933 praeter
1223 3853 1366 3916 haec
1423 3873 1576 3934 quae
1642 3856 1819 3935 paulo
1876 3864 2012 3916 ante
2069 3860 2546 3924 enumeravimus
2602 3878 2708 3939 per
2764 3879 2798 3917 v
2864 3859 3197 3940 digammon

543 3960 788 4045 scribi,
844 3962 1122 4040 quoniam
1168 3963 1228 4021 in
1279 3969 1338 4021 et
1397 3961 1470 4022 de
1527 3965 2001 4041 praepositiones
2047 3982 2178 4023 esse
2227 3983 2258 4023 a
2305 3967 2541 4026 nemine
2589 3964 2914 4026 dubitatur.
2990 3970 3199 4046 navigo
3230 3981 3283 4018 ιο

583 4070 740 4128 enim
799 4076 860 4129 et
913 4085 1123 4128 acervo
1181 4061 1286 4129 ἐπὶ
1342 4064 1465 4128 τοῦ
1521 4059 1798 4149 σωρεύςο
1856 4088 1923 4129 ac
1986 4069 2119 4130 talia
2183 4072 2245 4131 in
2306 4073 2544 4132 nomine
2605 4072 2756 4132 datis
2819 4072 3203 4133 subserviunt

583 4174 821 4253 regulis
885 4183 946 4236 et
989 4173 1136 4235 haec
1175 4192 1413 4254 quoque
1452 4176 1683 4253 species
1728 4176 1790 4234 in
1830 4174 1976 4235 duas
2023 4184 2222 4255 partes
2269 4175 2567 4239 dividitur.
2642 4197 2775 4238 nam
2823 4180 2873 4238 si
2920 4177 3201 4258 disyllaba

581 4282 833 4362 fuerint,
895 4284 1251 4361 scripturam
1309 4279 1648 4359 mutabunt,
1703 4290 1771 4340 ut
1823 4279 1954 4341 levo
2012 4282 2169 4359 levas
2226 4282 2435 4365 levavi,
2491 4303 2664 4345 servo
2712 4303 2911 4345 servas
2956 4287 3201 4365 servavi,

581 4406 763 4447 curvo
822 4407 1034 4449 curvas
1090 4389 1355 4467 curvavi,
1413 4404 1564 4446 novo
1612 4404 1790 4446 novas
1838 4391 2072 4466 novavi,
2128 4407 2239 4448 ovo
2285 4407 2424 4449 ovas
2479 4392 2672 4473 ovavi,
2726 4398 2975 4471 excepto
3031 4390 3202 4451 orbo.

582 4512 718 4554 nam
782 4493 955 4555 turbo
1011 4513 1044 4554 a
1101 4493 1276 4555 turba
1334 4494 1573 4553 nomine
1630 4491 2000 4554 descendens
2063 4494 2137 4555 ba
2193 4495 2447 4575 syllabae
2512 4499 2878 4577 posteritatis
2943 4497 3198 4558 detinuit
3230 4511 3282 4551 ιε»

760 4681 788 4727 1
830 4673 1076 4743 exceptis
1111 4672 1299 4727 lambo
1328 4672 1505 4727 lambi
1540 4672 1607 4726 N
1636 4673 1859 4728 lambec
1896 4674 2109 4730 lambui
2136 4676 2384 4746 exceptis
2421 4675 2478 4729 P
2577 4669 2712 4746 [juia
2738 4692 2840 4733 om.
2868 4676 2946 4744 N,
2983 4677 3111 4732 add.
3150 4675 3207 4729 P

687 4759 719 4805 3
765 4752 906 4807 facit
942 4759 1068 4821 post
1118 4753 1301 4808 ferbui
1342 4770 1443 4807 om.
1483 4753 1539 4805 P
1710 4758 1741 4806 5
1779 4754 2030 4823 guberno
2068 4773 2129 4810 as
2168 4758 2260 4812 avi
2299 4757 2538 4812 exubero
2576 4774 2638 4811 as
2674 4756 2768 4812 avi
2803 4755 2967 4811 sibilo
3006 4756 3063 4809 P

582 4838 614 4886 8
650 4833 884 4900 fortasse
918 4831 1096 4887 invito
1134 4837 1192 4888 et
1229 4833 1419 4889 devito
1592 4839 1624 4887 9
1662 4834 2112 4891 enumeravimus
2150 4837 2206 4889 P
2235 4836 2646 4892 numeravimus
2683 4836 2749 4889 N
2919 4842 2984 4890 10
3030 4851 3065 4888 a
3103 4853 3198 4891 ne—

581 4911 756 4983 mine]
786 4910 1008 4966 'nemini
1046 4911 1102 4964 P
1243 4919 1306 4966 13
1345 4912 1556 4967 fuerint
1594 4912 1651 4966 P
1681 4911 1852 4966 fuerit
1886 4913 1953 4965 N
2026 4976 2029 4979 y
