3613 5528
602 390 733 454 366
1723 387 2066 443 DOSITHEI

604 574 893 636 columnis
949 576 1187 655 scriptis
1244 622 1257 635 .
1314 575 1645 655 posteriore
1702 593 1888 654 eaque
1954 592 2070 634 non
2139 572 2321 636 multo
2390 574 2724 634 recentiore
2789 592 2964 634 mann
3018 592 3205 654 pauca

604 687 871 743 correcta
928 687 1067 742 sunt
1114 730 1127 741 .
1174 699 1384 760 graeca
1434 680 1610 741 verba
1659 681 1991 742 uncialibus
2040 680 2252 742 litteris
2311 700 2459 761 quas
2517 680 2717 742 dicere
2773 684 3206 764 consuevimuS,

603 807 722 869 quo
760 806 976 868 genere
1015 787 1241 849 librarii
1280 787 1452 868 vulgo
1490 786 1840 871 utebantur,
1887 790 1939 850 si
1976 808 2186 870 graeca
2223 788 2501 851 vocabula
2551 791 2612 849 in
2661 787 2855 850 latinis
2902 788 3207 850 codicibus

604 895 968 978 incidebant,
1025 897 1246 976 scripta
1294 902 1354 956 et
1399 913 1534 957 cum
1581 895 1780 956 latinis
1838 898 1917 957 ita
1975 898 2154 958 mixta
2209 903 2373 976 sunt,
2433 905 2502 958 ut
2557 896 2804 977 singulis
2857 896 2948 957 vel
3001 898 3207 977 paucis

605 1003 800 1064 latinis
838 1002 1165 1065 subiciatur
1202 1022 1411 1083 graeca
1457 1005 1868 1085 interpretatio
1908 1051 1920 1064 .
1959 1003 2062 1064 sed
2101 1005 2312 1084 primis
2349 1010 2578 1064 tantum
2615 1004 2758 1064 artis
2795 1005 3206 1083 grammaticae

605 1111 873 1192 partibus
920 1113 1149 1190 integra
1194 1112 1606 1191 interpretatio
1655 1110 1849 1171 addita
1896 1117 2011 1193 est3
2058 1119 2193 1190 post
2230 1112 2659 1190 expositionem
2699 1112 2954 1172 nominis
2997 1128 3208 1190 graeca

607 1218 782 1280 verba
829 1221 1087 1299 primum
1133 1218 1542 1298 neglegentius
1589 1218 1784 1280 latinis
1831 1219 2206 1299 interposita,
2252 1216 2465 1278 deinde
2512 1223 2761 1298 prorsus
2798 1219 3013 1279 omissa
3051 1228 3208 1280 sunt.

609 1325 1011 1407 apographum
1042 1324 1263 1386 codicis
1291 1325 1431 1387 olim
1461 1327 1683 1387 fecerat
1710 1324 2100 1407 NiebuhriuS,
2129 1343 2247 1404 quo
2277 1324 2612 1406 apographo
2643 1343 2786 1387 usus
2814 1324 3209 1405 Boeckingius

608 1436 668 1495 in
726 1433 1087 1514 praefatione
1143 1431 1421 1494 editionis
1478 1432 1741 1514 Dosithei
1797 1451 1846 1493 a.
1899 1429 2069 1495 1832
2126 1433 2311 1494 factae
2368 1451 2496 1493 eam
2552 1432 2773 1494 codicis
2829 1441 3084 1515 partem,
3147 1435 3210 1493 in

611 1559 726 1621 qua
776 1541 1156 1619 grammatica
1202 1558 1299 1601 ars
1346 1542 1567 1620 scripta
1614 1548 1732 1621 est,
1778 1538 2095 1619 descripsit
2133 1587 2146 1601 .
2186 1555 2318 1599 nam
2365 1540 2563 1619 ipsum
2599 1539 2815 1601 librum
2853 1541 2914 1600 in
2952 1539 3210 1601 editione

610 1649 826 1709 omisit.
864 1646 1077 1708 deinde
1117 1646 1177 1708 F.
1216 1646 1507 1709 Oehlerus
1545 1646 1752 1708 eodem
1793 1646 2128 1727 apographo
2166 1664 2313 1707 usus
2349 1655 2576 1727 partem
2616 1650 2762 1710 artis
2797 1649 3210 1728 grammaticae

612 1753 684 1814 ab
731 1755 900 1815 initio
947 1772 1140 1835 usque
1188 1753 1258 1815 ad
1307 1756 1795 1816 commentarium
1853 1753 1925 1814 de
1981 1752 2198 1815 litteris
2254 1753 2431 1815 latine
2487 1757 2768 1836 scriptam
2824 1754 3008 1816 edidit
3061 1774 3211 1816 mus,

612 1860 798 1922 Rhen.
847 1880 896 1921 v.
947 1859 1101 1922 XVIl
1149 1854 1230 1946 (a.
1282 1853 1484 1945 1862)
1531 1880 1587 1940 p.
1635 1857 1719 1922 58
1767 1879 1894 1941 sqq.

792 1969 1005 2031 Postea
1052 1969 1378 2049 fragmenta
1425 1970 1570 2030 artis
1608 1967 1876 2030 Dosithei
1922 1977 1982 2030 et
2022 1987 2226 2031 earum
2263 1971 2522 2050 partium
2561 1989 2710 2050 quae
2749 1973 2810 2031 in
2850 1970 3215 2051 Sangallensi

614 2075 817 2137 codice
872 2085 1003 2156 post
1066 2075 1224 2137 illam
1280 2077 1538 2157 scriptae
1595 2085 1735 2138 sunt
1780 2078 2018 2138 inventa
2064 2085 2205 2138 sunt
2249 2079 2310 2137 in
2358 2077 2562 2138 codice
2608 2065 3216 2160 Monacensi'601‚

615 2185 787 2245 cuius
854 2184 1121 2244 notitiam
1186 2182 1376 2244 debeo
1442 2182 1678 2245 Loewio
1743 2183 1944 2265 prodr.
2000 2203 2161 2264 corp.
2218 2183 2392 2264 gloss.
2449 2184 2545 2246 lat.
2602 2204 2656 2264 p.
2713 2182 2841 2247 207
2891 2235 2905 2248 .
2953 2205 3090 2248 nam
3152 2189 3214 2248 in

617 2291 880 2370 catalogo
928 2289 1198 2352 codicum
1246 2289 1685 2352 Monacensium
1735 2310 1784 2352 v.
1824 2291 1848 2352 l
1885 2311 1940 2372 p.
1975 2287 2098 2353 121
2147 2291 2408 2354 breviter
2454 2291 2791 2373 descriptus
2837 2300 2980 2356 erat.
3026 2296 3216 2374 ipsius

615 2397 750 2459 libri
799 2401 1027 2478 copiam
1075 2397 1218 2459 mihi
1266 2399 1407 2459 fecit
1444 2397 1657 2459 Halmii
1704 2397 2042 2461 liberalitas,
2117 2401 2480 2480 compositus
2526 2407 2722 2461 autem
2770 2408 2862 2462 est
2907 2419 2978 2462 ex
3025 2400 3214 2462 diver-

618 2508 701 2567 sis
730 2503 1204 2566 memhranarum
1235 2505 1531 2567 fasciculis
1560 2506 1783 2566 formae
1813 2506 2131 2586 quadratae
2162 2508 2425 2587 minoris,
2453 2526 2486 2568 e
2509 2506 2724 2588 quibus
2744 2506 2814 2567 ad
2837 2526 2904 2569 ea
2925 2527 3073 2588 qnae
3096 2508 3215 2569 dixi

616 2621 740 2674 tres
770 2615 1189 2692 quaterniones
1216 2614 1543 2694 pertinent,
1589 2613 1689 2691 qui
1729 2613 1790 2673 in
1821 2613 1935 2673 fine
1974 2611 2195 2673 codicis
2230 2613 2408 2693 positi
2446 2620 2586 2674 sunt
2615 2614 2651 2675 f.
2682 2610 2964 2696 59-82,
3010 2615 3218 2677 eadem

619 2722 743 2783 fere
781 2728 972 2782 aetate
1010 2720 1235 2801 scripti,
1273 2737 1387 2799 qua
1419 2716 1815 2799 Sangallensis
1845 2717 2030 2780 codex
2058 2721 2319 2800 scriptus
2357 2728 2489 2783 est.
2520 2740 2591 2783 ex
2631 2721 2724 2783 his
2761 2721 2879 2785 duo
2918 2725 3019 2803 qui
3058 2743 3218 2786 nunc

620 2827 827 2909 ultimi,
865 2827 967 2888 sed
996 2825 1344 2907 perturbato
1372 2825 1848 2888 membranarum
1879 2826 2085 2889 ordine
2116 2830 2272 2890 inter
2310 2848 2373 2889 se
2411 2830 2645 2891 confusi
2673 2840 2830 2912 sunt,
2868 2831 2904 2892 f.
2935 2828 3218 2913 67—82‚

620 2938 928 2998 continent
953 2934 1116 3015 haec,
1146 2926 1385 3013 ἕνικός,
1414 2924 1503 3007 ὡς
1520 2925 1596 2996 τὸ
1618 2918 1814 3008 οὗτος
1844 2924 1878 2995 ὁ
1910 2927 2156 2997 Κάτων
2186 2938 2550 3013 Singularis,
2579 2946 2648 2998 ut
2680 2941 2783 3000 hie
2810 2940 2956 3001 Cato
2974 2972 3060 2984 —
3082 2938 3212 3001 1271

617 3051 684 3105 ut
730 3045 968 3106 Odissia
1006 3042 1257 3103 Homeri
1290 3041 1562 3103 Aeneida
1614 3040 1879 3119 Virqilii,
1925 3041 2147 3104 Dosith.
2186 3042 2258 3103 de
2297 3046 2534 3104 nomine
2562 3063 2618 3124 p.
2648 3041 2736 3105 22
2764 3044 2855 3106 ed.
2883 3045 3008 3108 Hal.
3029 3080 3116 3091 —
3143 3046 3217 3109 de

618 3147 939 3230 generibus
975 3156 1313 3229 poematum
1350 3167 1406 3228 p.
1445 3143 1528 3208 57
1558 3168 1574 3209 ε
1604 3148 1979 3227 Excerptum
2017 3153 2094 3212 de
2137 3152 2327 3212 uerbo
2365 3151 2596 3212 Euticii
2640 3154 2938 3225 Quattuor
2977 3152 3220 3229 formae

617 3264 761 3319 sunt
784 3258 1114 3319 uerborum
1142 3258 1496 3318 inchoatiua
1523 3258 1880 3317 meditatiua
1911 3254 2374 3332 frequentatiua
2401 3257 2686 3335 perfecta
2717 3258 2923 3335 forma
2952 3294 3035 3304 —
3066 3262 3104 3322 f.
3135 3259 3219 3323 72

612 3382 903 3443 praesum
959 3371 1158 3425 autem
1219 3370 1279 3424 et
1336 3365 1545 3425 absum
1600 3365 1794 3425 uerba
1843 3362 2091 3439 faciunt
2143 3382 2224 3425 ex
2285 3384 2350 3426 se
2406 3370 2743 3447 partieipia
2799 3387 3099 3446 praesens
3162 3346 3243 3431 et·

620 3474 837 3534 absens
899 3518 911 3530 .
974 3471 1239 3532 Romani
1293 3472 1573 3532 sublimes
1635 3473 1768 3532 siue
1831 3477 2107 3531 tonantes
2162 3470 2351 3533 Rome
2411 3475 2610 3535 uirtus
2666 3482 2775 3536 etc.
2784 3523 2803 3557 ,
2867 3474 3095 3555 glossae
3159 3483 3222 3537 et

621 3587 792 3639 notae
852 3579 995 3638 varii
1049 3578 1312 3657 generis:
1377 3577 1414 3637 s.
1465 3573 1597 3638 72*
1667 3578 1983 3639 Poematos
2035 3580 2161 3638 tria
2216 3586 2360 3640 sunt
2410 3598 2646 3656 qenera
2699 3614 2772 3625 —
2824 3586 3076 3645 metrico
3121 3588 3226 3645 uel

620 3689 901 3748 rihtmieo
963 3687 1197 3763 scripta
1259 3702 1557 3758 sermone,
1620 3683 1776 3746 Beda
1833 3683 1906 3745 de
1962 3692 2070 3747 art.
2125 3692 2296 3747 metr.
2351 3705 2407 3766 p.
2464 3683 2684 3765 2602:
2736 3690 2798 3749 in
2856 3690 3221 3770 marginibus

621 3794 660 3854 f:
712 3789 972 3855 70—72
1029 3790 1324 3872 adscripta
1381 3799 1521 3852 sunt
1576 3799 1851 3870 excerpta
1907 3810 1978 3851 ex
2027 3790 2201 3872 Capri
2257 3800 2316 3852 et
2362 3793 2632 3874 Agroecii
2688 3803 2749 3856 et
2803 3794 2994 3857 Bedae
3052 3795 3221 3858 libris

621 3901 694 3962 de
758 3898 1189 3980 orthographia.
1299 3899 1358 3959 hi
1423 3897 1541 3959 duo
1606 3900 2028 3978 quaterniones
2101 3906 2298 3961 autem
2372 3902 2431 3961 in
2505 3919 2577 3961 eo
2651 3901 2882 3984 codice,
2955 3921 3027 3964 ex
3101 3923 3219 3983 quo

621 4007 918 4088 desumpti
966 4012 1130 4087 sunt,
1180 4007 1423 4067 tertium
1471 4014 1533 4067 et
1577 4014 1853 4085 quartum
1901 4005 2096 4068 locum
2143 4005 2514 4089 obtinebant,
2560 4009 2612 4069 si
2657 4007 2802 4069 fides
2841 4018 2933 4070 est
2971 4028 3220 4071 numero

620 4116 728 4178 llll
774 4119 834 4205 iq
874 4118 991 4177 imo
1031 4116 1293 4193 margine
1332 4120 1628 4174 extremae
1668 4115 1914 4194 paginae
1953 4113 1990 4174 f.
2032 4110 2166 4176 72*
2205 4116 2443 4194 scripto.
2535 4113 2605 4176 ad
2654 4114 2909 4176 eundem
2956 4116 3223 4178 codicem

620 4222 956 4304 pertinebat
1000 4223 1051 4283 is
1098 4223 1409 4301 quaternio
1457 4223 1560 4301 qui
1609 4239 1766 4281 nunc
1814 4229 1948 4281 ante
1995 4219 2128 4281 illos
2173 4222 2403 4301 positus
2450 4230 2542 4283 est
2588 4221 2626 4282 f.
2673 4217 2964 4297 59—66‚
3011 4225 3113 4302 qui
3159 4225 3222 4285 in

622 4338 884 4393 extrema
928 4330 1139 4410 pagina
1186 4330 1473 4408 scriptum
1522 4327 1699 4389 hahet
1745 4345 2062 4388 numerum
2109 4327 2226 4389 Vll.
2311 4331 2371 4389 in
2420 4328 2531 4390 hoc
2588 4330 2806 4413 scripta
2865 4337 2957 4390 est
3015 4329 3222 4390 ultima

620 4456 758 4517 pars
804 4435 1150 4518 glossarum,
1198 4453 1347 4516 quae
1395 4443 1537 4497 sunt
1579 4438 1640 4496 in
1681 4433 2048 4514 Sangallensi
2086 4434 2308 4516 codice,
2354 4454 2491 4497 cum
2537 4438 2725 4516 prima
2767 4444 2939 4514 parte
2986 4446 3221 4498 senten-

623 4548 839 4607 tiarum
890 4551 951 4605 et
996 4541 1382 4623 epistularum
1431 4542 1737 4617 Hadriani,
1795 4561 2052 4623 αρουρα
2107 4560 2277 4617 sepes
2325 4556 2552 4617 στασις
2587 4546 2757 4621 spica
2791 4577 2868 4587 -
2902 4540 3226 4624 υὸρεχοος

622 4654 920 4727 aquarius
957 4652 1204 4732 αχθυες
1224 4653 1425 4728 pisces
1455 4698 1468 4711 .
1496 4653 1892 4731 θαυμαστον
1931 4661 2112 4710 εστιν
2149 4653 2496 4712 mirandum
2525 4658 2611 4713 est
2638 4669 2746 4711 και
2775 4667 3120 4712 επαινιτον
3165 4659 3226 4712 et

622 4761 1098 4821 laudandum—
1116 4756 1314 4836 βλεπε
1335 4778 1460 4820 ουν
1488 4761 1625 4819 vide
1654 4760 1845 4834 iyitur
1873 4777 1987 4818 ινα
2011 4775 2242 4837 ταχιον
2271 4764 2338 4818 ut
2364 4761 2624 4820 celerius
2651 4755 2874 4817 Dositb.
2898 4756 2987 4818 ed.
3007 4755 3221 4818 Boeck.

624 4862 776 4945 p.20
797 4912 809 4925 .
831 4868 889 4926 in
911 4865 1158 4945 singulis
1177 4867 1405 4945 paginis
1423 4864 1773 4945 plerumque
1794 4872 2091 4946 quattuor,
2122 4882 2254 4924 raro
2283 4863 2485 4945 plures
2517 4863 2604 4925 vel
2623 4864 2935 4944 pauciores
2956 4863 3224 4927 laterculi
