3613 5528
1356 412 1452 466 DE
1491 410 2072 468 ORTHOGRAPHIA
2919 410 3007 474 49

408 524 450 561 p.
479 513 593 553 2215.
632 513 681 553 18
711 512 759 551 P.

406 599 593 677 posita
641 605 747 656 est.
821 594 903 656 ibi
949 614 1203 678 quoque,
1250 595 1353 656 ubi
1400 615 1536 658 cum
1572 597 1768 658 littera
1809 615 1847 676 q
1884 596 2131 657 confusa
2171 602 2259 657 est
2296 613 2356 676 u,
2401 598 2589 657 vicem
2629 599 3009 658 consonantis

407 702 598 784 habet,
644 720 780 763 cum
825 703 958 763 dico
1007 698 1223 763 ‘arma
1278 705 1651 782 virumque
1713 698 1919 764 cano'
1967 709 2028 763 et
2075 697 2442 782 ‘quisquis
2498 721 2572 763 es
2629 697 3006 784 armatus',

403 810 536 870 ideo
575 811 852 889 quoniam
891 817 951 871 et
988 818 1123 871 aute
1162 809 1417 870 diximus
1456 828 1778 890 numquam
1818 809 1965 870 duas
2001 809 2231 870 vocales
2269 812 2458 891 coire,
2505 816 2573 870 ut
2620 827 2739 870 non
2778 808 3010 888 longam

406 914 680 995 syllabam
737 916 970 977 faciant.
1044 925 1104 977 at
1156 918 1216 976 in
1275 935 1345 976 eo
1402 916 1559 996 quod
1616 924 1709 977 est
1755 935 1871 996 que
1927 918 2235 977 manifesta
2281 914 2539 976 brevitas
2587 924 2704 997 est,
2758 914 3011 995 ideoque
3095 988 3116 1004 ·

353 1042 378 1081 5
404 1024 463 1082 in
508 1021 623 1083 hoc
669 1023 847 1104 pede,
895 1018 1190 1102 ‘quisquis
1237 1017 1345 1104 es'‚
1393 1041 1566 1084 nemo
1613 1022 1908 1084 dubitabit
1955 1026 2100 1103 quin
2147 1023 2415 1103 dactylus
2461 1026 2555 1104 sit,
2603 1025 2775 1083 cuius
2821 1025 3012 1103 prima

405 1127 622 1207 syllaba
657 1128 828 1208 longa
876 1138 985 1190 est.
1049 1128 1257 1190 Verrio
1293 1129 1505 1191 Flacco
1552 1129 1787 1191 videtur
1835 1130 2083 1192 eandem
2131 1149 2262 1191 esse
2309 1130 2464 1209 apud
2511 1149 2620 1191 nos
2666 1149 2708 1191 u
2752 1130 3012 1191 litteram

405 1253 555 1314 quae
609 1235 764 1316 apud
811 1234 1069 1296 Graecos
1116 1244 1204 1296 est
1249 1235 1323 1298 Υ.
1371 1255 1625 1316 namque
1683 1237 1777 1297 his
1834 1237 2118 1317 exemplis
2173 1245 2648 1317 argumentatur:
2714 1237 2871 1316 quod
2930 1236 3013 1297 illi

405 1341 609 1402 dicunt
669 1334 959 1422 κύμινον
1023 1361 1132 1404 nos
1196 1346 1527 1425 cuminum,
1601 1362 1776 1424 quam
1842 1343 1926 1404 illi
1989 1336 2406 1425 κυπάρισσον
2471 1362 2582 1404 nos
2646 1361 3015 1425 cupressum,

404 1465 577 1522 quem
621 1447 707 1507 illi
750 1441 1171 1531 κυβερνήτην
1218 1467 1326 1510 nos
1364 1449 1851 1532 gubernatorem3
1898 1468 2008 1511 nec
2057 1468 2176 1510 non
2224 1468 2294 1512 ex
2342 1452 2472 1511 eius
2519 1449 2697 1531 modi,
2744 1449 3013 1511 Theseus

327 1575 376 1613 10
403 1552 757 1614 Menoeceus
803 1554 1019 1616 Peleus
1066 1564 1126 1616 et
1172 1557 1480 1639 similibuS,
1529 1557 1812 1618 adfirmat.
1888 1556 2250 1617 Graecorum
2297 1574 2438 1616 vero
2487 1559 2589 1635 qui
2636 1556 2710 1616 de
2758 1558 3016 1637 antiquis

404 1659 617 1720 litteris
683 1663 1056 1741 scripserunt
1122 1648 1595 1745 commentaria,
1641 1666 1785 1724 item
1845 1660 2189 1723 Latinorum
2255 1666 2357 1743 qui
2421 1663 2555 1724 illos
2621 1666 2811 1724 secuti
2876 1669 3017 1723 sunt

404 1765 608 1827 eadem
654 1765 850 1828 littera
895 1775 1128 1830 veteres
1175 1769 1380 1830 solitos
1428 1768 1690 1831 scribere
1732 1771 1743 1846 Ι
1796 1769 2119 1829 ostendunt
2163 1761 2415 1850 μακρός
2459 1767 2719 1851 μακροῦ
2765 1767 3016 1855 μακρῷ,

406 1880 465 1932 et
510 1872 787 1935 confusas
833 1875 1017 1936 fuisse
1066 1896 1101 1936 ο
1150 1883 1209 1936 et
1256 1896 1339 1937 ov
1376 1885 1436 1936 et
1475 1896 1555 1939 m:
1601 1875 1755 1955 apud
1804 1894 1915 1935 nos
1961 1893 2198 1954 quoque
2246 1879 2472 1956 antiqui
2519 1877 2861 1957 ostendunt,
2910 1879 3014 1955 qul

403 1996 590 2058 aeque
646 1980 924 2041 confusas
979 2000 1014 2041 ο
1070 1989 1132 2042 et
1175 2001 1224 2042 u
1280 1982 1508 2042 litteras
1564 1981 1843 2042 habuere.
1918 1999 2052 2041 uam
2109 1981 2311 2043 consol
2368 1982 2740 2043 scribebatur
2794 2000 2902 2061 per
2957 2001 3012 2063 o,

327 2106 378 2148 ιε
406 2103 541 2146 cum
587 2084 887 2164 legeretur
932 2105 1041 2165 per
1087 2106 1147 2168 u,
1191 2087 1416 2148 consul.
1490 2086 1647 2148 unde
1695 2089 1756 2147 in
1804 2085 2004 2147 multis
2053 2088 2228 2147 etiam
2266 2087 2605 2149 nominibus
2643 2091 2834 2150 variae
2874 2095 3014 2150 sunt

407 2194 754 2274 scripturae,
800 2200 866 2253 ut
911 2194 1105 2253 sontes
1152 2195 1370 2275 sunteS,
1416 2192 1657 2254 frondes
1696 2193 1959 2254 frundeS.
2034 2195 2054 2253 i
2092 2212 2232 2254 vero
2270 2194 2469 2256 littera
2507 2196 2806 2257 interdum
2848 2196 3015 2257 exilis

407 2308 514 2381 est,
558 2300 861 2360 interdum
904 2302 1173 2383 pinguiS,
1220 2309 1289 2362 ut
1333 2303 1394 2361 in
1442 2319 1512 2360 eo
1560 2299 1719 2378 quod
1768 2306 1861 2359 est
1906 2299 2106 2379 prodit
2152 2303 2333 2363 vincit
2380 2301 2582 2363 condit
2627 2302 2839 2364 exilius
2887 2302 3016 2364 volo

407 2423 617 2466 sonare
673 2424 708 2461 *
762 2407 823 2465 in
884 2424 954 2466 eo
1012 2425 1153 2467 vero
1220 2406 1376 2487 quod
1439 2407 1808 2486 significatur
1871 2405 2112 2485 prodire
2176 2409 2399 2468 vincire
2460 2409 2702 2471 condire
2766 2408 3009 2490 [aeque]

407 2530 595 2591 usque
653 2514 1015 2592 pinguescit:
1075 2521 1143 2575 ut
1201 2516 1317 2574 iam
1365 2516 1424 2574 in
1472 2511 1918 2592 ambiguitatem
1964 2512 2158 2596 cadat,
2223 2521 2424 2576 utrum
2489 2535 2599 2596 per
2644 2518 2664 2577 i
2730 2516 3016 2596 quaedam

335 2641 386 2680 20
414 2617 666 2679 debeant
710 2617 829 2680 dici
874 2637 948 2680 an
994 2638 1104 2699 per
1151 2639 1216 2701 u,
1265 2630 1332 2682 ut
1378 2627 1469 2680 est
1516 2626 1795 2699 optumus
1843 2637 2170 2681 maxumus
2242 2622 2303 2680 in
2351 2622 2570 2701 quibus
2617 2622 3016 2684 adnotandum

412 2726 718 2804 antiquum
775 2743 1109 2787 sermonem
1165 2725 1451 2807 plenioris
1507 2728 1638 2787 soni
1692 2726 1878 2788 fuisse
1934 2735 2021 2807 et,
2088 2736 2154 2787 ut
2216 2728 2296 2788 ait
2351 2727 2588 2812 Cicero,
2645 2731 3016 2792 rusticanum

412 2839 587 2911 atque
635 2831 749 2892 illis
796 2834 921 2894 sere
967 2833 1261 2913 placuisse
1306 2854 1416 2915 per
1464 2854 1502 2896 u
1539 2833 1675 2895 talia
1713 2833 1978 2902 scribere
2016 2840 2077 2894 et
2115 2837 2441 2897 enuntiare.
2506 2855 2779 2898 erravere
2820 2845 3016 2897 autem

409 2940 793 3020 grammatici,
839 2941 942 3016 qui
986 2948 1347 3019 putaverunt
1395 2939 1750 3024 superlativa
1787 2958 1909 3016 per
1954 2957 1994 2999 u
2042 2943 2358 3003 enuntiari.
2432 2950 2500 3003 ut
2537 2945 2695 3004 enim
2734 2943 3018 3004 conceda-

586 3109 768 3165 Godex
812 3110 1108 3166 Parrhasii
1216 3119 1243 3165 1
1295 3113 1374 3167 ibi
1421 3129 1765 3182 quamquam
1813 3111 1910 3164 ubi
1956 3127 2082 3165 cum
2129 3112 2320 3168 littera
2362 3113 2384 3167 i
2430 3114 2661 3169 confusa
2706 3116 2793 3169 est
2837 3132 2876 3168 u

411 3196 444 3243 4
477 3189 564 3261 at]
602 3191 667 3244 ut
810 3192 941 3262 que]
983 3208 1127 3260 quae
1274 3199 1303 3246 7
1343 3195 1431 3247 est
1467 3209 1566 3248 om.
1715 3197 1747 3246 8
1786 3186 2050 3262 κύμινον]
2094 3192 2373 3261 cyminum
2528 3189 2876 3280 κυτξοέριστον

411 3274 442 3322 9
479 3287 646 3338 quem
684 3287 785 3325 om.
944 3287 1047 3326 nec
1082 3272 1217 3343 non]
1256 3274 1315 3327 et
1352 3289 1462 3327 non
1624 3278 1688 3326 13
1729 3291 1759 3327 ο
1798 3274 1857 3327 et
1891 3293 1926 3327 v
1965 3275 2024 3327 et
2061 3294 2104 3326 ω
2261 3272 2382 3343 qui]
2423 3272 2557 3342 quia.
2719 3279 2783 3328 18
2822 3290 3020 3328 sonare

409 3350 466 3405 in
505 3367 571 3406 eo
747 3351 998 3423 condire]
1038 3353 1262 3422 prodire
1447 3360 1511 3408 19
1548 3351 1872 3423 pinguescit
1906 3351 1992 3421 ut]
2032 3352 2258 3424 pinguis
2297 3354 2438 3408 citat
2474 3353 2534 3422 0,
2571 3369 2709 3408 corr.
2748 3354 2811 3407 in
2844 3368 3018 3422 marg.

409 3430 725 3501 pinguescit
759 3433 825 3486 ut
861 3448 891 3487 c
997 3438 1066 3486 20
1105 3431 1367 3502 debeant]
1408 3433 1622 3488 habent
1728 3437 1796 3485 21
1836 3431 1984 3502 soni]
2028 3449 2195 3487 sonus
2305 3439 2373 3489 22
2413 3433 2728 3503 enuntiare]
2767 3432 3020 3487 enuntia·

411 3526 540 3566 uere
683 3517 750 3566 23
787 3528 889 3582 per
924 3527 1024 3567 om.
1079 3550 1085 3553 >

588 3678 616 3725 1
656 3673 744 3727 Ibi
780 3688 1099 3743 quanquam
1139 3673 1188 3728 si
1225 3691 1352 3727 cum
1388 3671 1582 3726 litt-era.
1616 3671 1638 3726 i
1675 3672 1906 3728 confusa.
1942 3674 2028 3727 est
2062 3691 2100 3726 u
2135 3672 2218 3742 R,
2252 3674 2361 3742 ibi,
2400 3691 2567 3743 quem
2596 3675 2669 3730 ad
2707 3674 2934 3729 modum
2965 3674 3012 3727 si

410 3766 535 3805 cum
570 3751 765 3807 littera
800 3769 837 3821 q
874 3750 1104 3805 confusa
1139 3753 1229 3807 est
1261 3769 1297 3806 v
1335 3751 1628 3807 Semlerus:
1680 3754 1748 3820 cf.
1769 3769 1834 3823 p.
1866 3757 1958 3817 58,
1986 3755 2057 3806 19
2093 3751 2152 3806 in
2189 3752 2277 3806 his
2313 3752 2372 3806 in
2408 3754 2610 3822 quibus
2648 3771 2775 3809 cum
2812 3771 2849 3823 q
2887 3769 3016 3808 con·

407 3829 534 3885 fusa.
569 3831 713 3886 haec
747 3831 941 3886 littera
978 3834 1094 3901 est,
1131 3834 1197 3887 ut
1229 3831 1286 3886 in
1326 3849 1391 3888 eo
1430 3832 1581 3901 quod
1619 3835 1707 3888 est.
1740 3833 1865 3902 quis
2080 3836 2112 3884 2
2162 3831 2342 3902 arma]
2395 3832 2549 3902 Very.
2586 3835 2724 3887 Aen.
2766 3834 2809 3886 Ι
2840 3839 2872 3886 1

410 3910 684 3981 quisquis]
728 3910 882 3981 Very.
920 3913 1057 3968 Aen.
1091 3912 1179 3965 VI
1217 3915 1331 3966 388
1493 3917 1527 3964 4
1564 3913 1628 3966 ut
1663 3912 1722 3965 in
1760 3927 1827 3966 eo
1864 3912 2015 3981 quod
2052 3913 2139 3967 est
2174 3927 2209 3966 *
2246 3928 2391 3980 quae
2429 3911 2729 3968 manifesta
2766 3913 2834 3969 R.
2879 3913 3018 3982 ‘leqo

411 4005 518 4058 que
545 3989 847 4045 manifesta
873 3991 955 4045 vel
990 3994 1054 4045 ut
1089 3991 1148 4045 in
1177 4007 1243 4045 eo
1273 3990 1423 4060 quod
1460 3992 1546 4045 est
1583 3991 1708 4059 quis
1746 3994 1804 4045 et
1842 4008 1950 4059 que
1988 3990 2310 4046 manifesta'
2354 3990 2732 4048 Commelinua.
2789 3993 2851 4046 at
2883 3992 3017 4047 semi-

410 4069 640 4123 bendum
678 4085 786 4124 esse
819 4071 961 4125 vidit
997 4071 1266 4126 Semlerus
1447 4075 1476 4124 7
1525 4088 1666 4139 quae
1714 4070 1865 4140 apud
1902 4069 2143 4126 Graecos
2180 4091 2215 4124 v
2263 4069 2317 4124 R
2497 4072 2648 4140 quod
2693 4071 2778 4125 illi
2828 4071 3022 4125 dicunt.

412 4148 694 4218 cyminum
739 4167 842 4205 nos
888 4151 1195 4205 cuminum:
1244 4165 1413 4218 quam
1460 4148 1549 4204 illi
1593 4146 1969 4220 κυπάρισσον,
2020 4167 2120 4205 nos
2157 4167 2501 4220 cupressum:
2548 4151 2635 4206 illi
2672 4146 3019 4222 κυβερνήτην

412 4246 513 4285 noa
549 4231 982 4300 gubernatorem
1017 4230 1073 4284 R
1220 4235 1284 4282 11
1324 4228 1365 4282 ii
1402 4229 1540 4283 item
1578 4230 1905 4285 Latinorum
1942 4229 1998 4283 R
2034 4235 2084 4284 et
2121 4232 2285 4284 codex
2333 4230 2525 4286 Vrsini
2666 4229 3017 4299 Latinorum]

415 4310 570 4364 Mar.
605 4310 804 4366 Victor.
832 4328 896 4379 p.
926 4316 1014 4377 11,
1041 4315 1094 4366 9.
1133 4314 1228 4378 24,
1255 4316 1296 4366 2
1445 4316 1509 4364 13
1548 4311 1607 4366 et
1642 4309 1901 4365 confusas
1937 4309 2108 4365 fuisse
2147 4329 2177 4363 ο
2216 4313 2275 4365 et
2310 4331 2353 4364 ω
2392 4311 2446 4366 R
2590 4312 2724 4381 quia
2759 4327 2938 4380 aeque
2965 4310 3021 4364 R

559 4396 625 4446 18
663 4392 867 4446 lamma
902 4407 1065 4458 quam
1101 4391 1350 4445 indicavi
1384 4394 1467 4446 ita
1501 4392 1613 4458 fere
1646 4391 1867 4445 videtur
1901 4390 2210 4458 supplenda
2245 4406 2370 4457 esse,
2408 4391 2607 4446 exilius
2641 4390 2770 4445 volo
2808 4406 3020 4459 sonare,

415 4469 463 4523 si
498 4469 624 4526 dieo
662 4471 732 4525 ab
772 4486 839 4525 eo
876 4467 1028 4537 quod
1065 4470 1153 4523 est
1186 4471 1419 4538 prodere
1457 4470 1680 4526 vincere
1718 4469 1984 4537 condere,
2019 4469 2079 4524 in
2118 4486 2185 4525 eo
2221 4487 2354 4525 vero
2392 4471 2542 4540 quod
2581 4470 2861 4540 significat
2896 4485 3021 4538 pro-

415 4549 536 4604 dire
572 4555 664 4606 etc.
819 4556 888 4604 20
926 4549 1174 4603 habeant
1210 4548 1322 4604 dici
1356 4549 1437 4618 R,
1477 4550 1720 4604 debeant:
1756 4549 1869 4603 dici
1905 4550 2266 4604 Schneiderus
2301 4566 2525 4619 yram.
2566 4551 2659 4604 lat.
2697 4565 2744 4601 v.
2785 4548 2829 4600 I
2853 4564 2914 4615 p.
2944 4553 3023 4602 20

522 4634 585 4683 21
627 4629 895 4700 plenioris
924 4644 1089 4683 sonus
1116 4628 1197 4698 R,
1235 4629 1502 4698 plenioris
1531 4628 1653 4682 soni
1686 4627 2045 4685 Gommelinus
2072 4636 2122 4685 et
2150 4630 2509 4684 Schneideiw
2651 4626 3020 4697 rusticanum]

420 4708 531 4762 Cic.
568 4710 633 4762 de
668 4714 807 4764 orat.
847 4710 975 4762 III
1007 4715 1095 4776 11,
1132 4713 1206 4764 42
1244 4709 1311 4762 ut
1344 4713 1499 4776 tuus,
1538 4705 1762 4776 Catule,
1803 4699 2010 4764 soda'lis
2047 4709 2108 4763 L.
2145 4707 2310 4763 Cotta
2346 4708 2590 4777 gaudere
2626 4706 2767 4760 mihi
2802 4706 3025 4761 videtur

420 4788 696 4856 gravitate
730 4789 958 4859 linguae
997 4804 1243 4859 sonoque
1271 4787 1426 4842 vocis
1465 4787 1671 4856 agresti
1712 4789 1771 4842 et
1803 4787 1947 4842 illud
1986 4788 2135 4858 quod
2170 4786 2420 4857 loquitur
2455 4786 2698 4857 priscum
2736 4785 2918 4841 visum
2955 4786 3023 4841 iri

424 4868 610 4936 putat,
649 4868 696 4922 si
731 4869 901 4938 plane
937 4867 1107 4923 fuerit
1140 4867 1487 4922 rusticanum

531 4975 838 5008 anuum-101
866 4977 1040 5008 »Arm
1080 4977 1166 5008 vn.
2567 4963 2601 5011 4
