3613 5528
631 412 764 476 426
1753 406 2097 462 DOSITHEI

631 527 677 563 p.
705 512 770 553 54.
800 511 852 551 55
880 511 939 551 Η.

632 614 844 676 expers
873 613 1003 656 sum
1033 612 1244 655 causae
1274 601 1334 654 et
1362 611 1571 667 causa,
1599 595 1809 671 ignoro
1838 611 2101 674 causam3
2132 610 2343 673 expers
2372 608 2506 652 sum
2533 598 2730 651 autem
2753 588 2942 665 fundi
2965 596 3023 651 et
3051 587 3233 649 fundo

632 721 750 764 non
807 701 994 762 habeo
1054 701 1302 763 fundum
1361 697 1676 778 significat:
1740 700 1938 780 inpleo
1995 699 2295 761 sacculum
2351 700 2580 778 argenti
2634 706 2694 757 et
2749 706 3020 776 argento,
3085 712 3230 774 egeo

632 812 822 870 victus
870 818 931 870 et
976 811 1162 890 victu,
1207 810 1403 887 potior
1451 807 1683 867 fructus
1729 815 1791 867 et
1837 808 2062 889 fructu,
2109 807 2261 887 apud
2310 808 2585 884 antiquos
2643 806 2837 884 potior
2889 803 3041 863 hanc
3090 821 3232 862 rem.

809 914 1211 976 Nominativus
1269 932 1441 974 casus
1495 913 1677 973 trahit
1732 913 1980 975 verbum
2036 916 2243 975 tertiae
2300 929 2619 992 personae,
2679 919 2745 971 ut
2802 909 3118 990 Pompeius
3173 911 3233 969 in

630 1022 802 1082 litore
851 1023 1099 1101 Aegypti
1145 1021 1364 1082 dicitur
1401 1019 1718 1095 occidisse,
1765 1022 2106 1082 nominatur
2143 1023 2298 1082 inter
2337 1028 2612 1080 auctores
2650 1016 2909 1097 CaeliuS,
2955 1015 3235 1095 Virgilius
3261 1030 3288 1070 5

631 1128 886 1190 Aeneida
952 1129 1108 1189 fecit.
1212 1130 1508 1189 vocativus
1574 1127 1893 1188 secundam
1958 1146 2270 1207 personam
2337 1128 2576 1207 accipit,
2642 1134 2709 1185 ut
2762 1123 2965 1204 Virgili
3021 1124 3236 1204 scribe,

635 1236 844 1296 Cicero
891 1235 1186 1315 responde
1234 1282 1247 1295 .
1285 1237 1473 1315 prima
1521 1251 1776 1313 persona
1814 1252 1932 1294 non
1971 1243 2106 1313 eget
2142 1251 2310 1314 casu,
2357 1233 2461 1294 sed
2500 1219 2756 1293 admittit
2793 1234 3236 1311 nominativum,

634 1351 699 1403 ut
760 1345 953 1402 servio
1018 1345 1313 1421 ingenuus
1361 1390 1373 1402 .
1431 1344 1666 1402 nomina
1731 1341 1918 1401 forma
1983 1343 2428 1422 participiorum
2495 1341 2687 1419 posita
2751 1340 3007 1417 genitivo
3071 1340 3236 1398 casui

631 1453 987 1530 iunguntur,
1028 1461 1097 1509 ut
1123 1457 1411 1529 appetens
1439 1450 1752 1529 pecuniae,
1790 1447 2108 1508 Terentius
2147 1442 2500 1527 ‘fugitans
2537 1441 2811 1507 litium'
2852 1454 2912 1505 et
2942 1444 3235 1505 Salustius

632 1553 1260 1636 ‘cupientissimus
1318 1551 1327 1634 Ι
1386 1549 1603 1634 legis'
1669 1601 1683 1614 .
1749 1556 2057 1634 participia
2121 1572 2260 1615 vero
2326 1554 2657 1614 accusativo
2723 1552 3102 1633 copulantur,
3168 1560 3234 1612 ut
3265 1567 3315 1605 10

637 1672 922 1744 appetens
968 1665 1306 1744 pecuniam,
1355 1662 1587 1741 fugiens
1635 1660 1795 1743 lites,
1844 1663 2090 1742 cupiens
2135 1661 2341 1741 legem.

810 1769 972 1831 Bono
1047 1771 1241 1830 animo
1316 1777 1406 1830 est
1480 1758 1768 1847 εὐθυμεῖ
1828 1813 1843 1827 .
1909 1767 2150 1828 meliora
2217 1767 2326 1828 tibi
2400 1767 2661 1846 spondeo
2742 1760 3051 1848 βελτίονα
3127 1781 3235 1829 σοι

635 1874 1094 1957 κατεγγυῶμαι
1134 1922 1155 1950 2
1201 1878 1553 1955 imaginatur
1600 1873 1758 1953 quod
1825 1877 1989 1954 cupit
2047 1923 2058 1934 .
2114 1873 2399 1935 iudicium
2465 1873 2738 1935 conflavit
2803 1867 3236 1954 δικαστήριον

634 1976 1122 2066 συνεκρότησεν
1159 2029 1174 2043 .
1211 1989 1416 2043 mutua
1462 1983 1588 2040 vice
1629 2028 1642 2040 .
1680 1982 1882 2060 pergis
1930 1980 2213 2042 molestus
2259 1999 2389 2041 esse
2439 1971 2657 2060 ὀχλῶν
2704 1977 3004 2062 ἐμμένεις
3031 2028 3046 2042 .
3084 1980 3234 2041 male

630 2109 943 2172 praesumo
1009 2091 1081 2151 de
1147 2089 1246 2150 illo
1309 2085 1524 2161 κακῶς
1586 2077 2008 2167 ὑπονοοῦμαι
2074 2081 2225 2168 περὶ
2290 2083 2549 2176 ἐκείνου
2607 2135 2621 2149 .
2678 2089 3033 2168 suffragatur
3092 2088 3236 2149 mibi
3267 2103 3317 2142 15

629 2197 987 2278 ψηφίζεταί
1044 2217 1157 2277 μοι
1214 2242 1227 2256 .
1285 2196 1617 2274 refragatur
1682 2193 1826 2253 mihi
1889 2184 2297 2272 ἇντικτυπεῖ,
2362 2184 2842 2274 ἆντιλογίζεταί
2898 2215 3013 2275 μοι
3059 2241 3073 2255 .
3121 2213 3237 2255 usu

634 2306 855 2365 lorensi
913 2302 1193 2363 abhorret
1248 2308 1433 2383 μισεῖ
1481 2291 1604 2381 τὴν
1662 2291 1987 2382 ἀγοραῖον
2046 2346 2060 2360 .
2121 2303 2206 2362 vis
2271 2311 2329 2362 te
2395 2304 2640 2362 crimine
2705 2311 2842 2381 peto
2907 2300 3057 2382 βίας
3111 2315 3238 2362 σου

631 2407 979 2492 κατηγορῶ
1028 2456 1041 2470 .
1090 2411 1355 2490 repperit
1409 2407 1522 2469 sibi
1579 2407 1922 2486 dignitatem
1979 2397 2218 2487 εῧρατο
2287 2398 2464 2494 αὐτῷ
2530 2399 2784 2498 ἀξίωμα
2831 2455 2845 2469 .
2893 2410 2982 2469 sac
3039 2410 3237 2468 venias

633 2518 703 2578 ad
753 2536 846 2577 me
893 2509 1050 2578 ἐλθὲ
1105 2508 1272 2596 πρὸς
1326 2509 1443 2595 ἐμέ
1485 2560 1499 2574 .
1547 2513 1749 2575 dilatat
1805 2516 2131 2574 orationem
2187 2505 2614 2594 ὑπερτίθεται
2659 2506 2701 2595 ἢ
2746 2508 3063 2577 πλατύνει
3116 2505 3237 2576 τὸν

633 2616 839 2702 λόγον
868 2669 883 2684 .
914 2631 1162 2684 mortem
1194 2621 1306 2682 sibi
1335 2621 1582 2682 adscivit
1625 2612 1931 2681 θάνατον
1977 2610 2155 2706 αὑτῷ
2200 2614 2686 2704 προσεπόρισεν
2716 2668 2731 2682 .
2760 2621 2956 2683 taedet
2994 2639 3235 2683 suarum
3266 2636 3320 2676 so

636 2748 836 2792 rerum
864 2720 1195 2811 ἆηδίζεται
1230 2725 1366 2790 τῶν
1407 2723 1603 2788 ἰδίων
1639 2718 2046 2807 πραγμάτων
2077 2775 2090 2788 .
2121 2728 2312 2790 solum
2342 2731 2521 2791 vertit
2545 2719 2619 2790 τὸ
2651 2725 2900 2809 ἔδαφος
2927 2724 3193 2812 στρέφει
3224 2776 3238 2789 .

639 2839 869 2917 copiam
925 2840 1017 2898 sui
1065 2855 1182 2897 non
1238 2835 1485 2915 praebet
1531 2883 1544 2896 .
1592 2833 1943 2895 denotabilis
1998 2854 2251 2915 persona
2313 2828 2766 2916 ἐσπιλωμένον
2827 2826 3239 2917 ὑβρισμένον

633 2937 1145 3023 κατεστιγμένον
1175 2937 1534 3023 πρόσωπον
1555 2988 1569 3001 .
1591 2939 1955 3002 detestabilis
1984 2940 2159 3001 homo
2186 2935 2805 3023 καταμαρτυρηθεὶς
2831 2932 3196 3024 ἅνθρωπος
3224 2988 3239 3002 .

636 3049 983 3110 execrabilis
1029 3067 1220 3110 annus
1266 3040 1628 3110 ἀπευκτέον
1668 3046 1812 3120 ἔτος
1850 3092 1864 3106 .
1903 3047 2161 3127 proclive
2202 3048 2309 3110 tibi
2345 3059 2438 3111 est
2473 3044 2814 3131 ἐπιρρεπές
2850 3048 2966 3110 σοί
3004 3044 3184 3111 ἐστιν
3225 3095 3240 3109 .

637 3176 766 3218 mea
805 3159 1096 3218 sententia
1146 3157 1482 3236 praefectus
1526 3148 1928 3237 προταχθεὶς
1970 3147 2203 3237 γνώμῃ
2260 3151 2381 3237 ἐμῇ
2421 3202 2435 3216 .
2474 3164 2670 3217 cetera
2718 3157 2992 3236 egregius
3038 3146 3238 3217 λοιπὰ
3264 3171 3318 3212 ss

821 3355 1002 3410 Codex
1038 3354 1429 3424 Sangallensis.
1534 3359 1561 3405 1
1602 3354 1862 3423 expertus
1917 3371 2040 3407 sum
2095 3371 2293 3410 causae
2350 3357 2408 3408 et
2460 3354 2656 3425 ignoro
2713 3370 2938 3409 causam
2976 3356 3240 3425 expertus

635 3452 756 3488 sum
786 3436 973 3488 autem
1002 3433 1174 3489 fundo
1317 3440 1349 3487 2
1379 3433 1645 3488 sacellum
1789 3439 1821 3488 5
1851 3433 2142 3505 aegyptios
2171 3430 2374 3489 dicitur
2402 3435 2642 3490 occidise
2680 3434 3057 3490 nominaiiuus
3094 3434 3242 3489 inter

709 3519 738 3567 7
777 3513 1186 3569 nominatiuum
1242 3517 1301 3570 et
1345 3513 1517 3570 seruit
1551 3514 1786 3583 ingenus
1937 3520 1969 3568 9
2007 3513 2306 3569 terrentius
2456 3520 2523 3568 14
2560 3533 3026 3585 οχαωνενιμενεις
3173 3521 3238 3569 15

636 3592 787 3663 περὶ]
827 3612 941 3662 παρ
1107 3601 1170 3649 17
1227 3615 1463 3665 αγοραιο
1624 3602 1689 3650 18
1730 3613 1932 3663 ευρατο
1990 3596 2274 3662 (super-scr.
2313 3594 2386 3648 al.
2422 3610 2569 3649 man.
2608 3597 2781 3663 αυτω)
2828 3595 3027 3666 αξωμα
3169 3601 3237 3648 21

636 3671 949 3745 ἀηὸίζεται]
989 3678 1346 3744 τηαηὸιζεται
1490 3676 1692 3732 solium
1836 3693 2029 3743 στεφει
2186 3680 2252 3728 22
2291 3674 2545 3746 praebet]
2583 3676 2716 3744 ῇφτ
2866 3681 2935 3729 24
2973 3694 3237 3745 εκιρρεκε

708 3760 777 3808 25
813 3760 1438 3827 προταχθισαγνωμημη

817 3921 845 3968 1
887 3933 1081 3985 expers
1119 3934 1238 3971 sum
1278 3932 1479 3971 causae
1518 3921 1576 3970 et
1611 3931 1780 3970 causa.
1815 3914 2011 3984 ignoro
2050 3929 2301 3982 causam,
2358 3931 2551 3983 expers
2598 3933 2721 3969 sum
2766 3914 2924 3970 fundi
2972 3919 3033 3972 et
3066 3916 3238 3972 fundo

638 4010 750 4048 non
787 3994 967 4049 habeo
1005 3996 1239 4052 fundum
1279 3998 1567 4053 Charisius
1596 4012 1657 4064 Ρ.
1696 3999 1829 4060 295,
1832 3999 1907 4050 32
2079 4000 2112 4048 4
2147 3992 2537 4049 Nominativus
2572 4025 2638 4034 ·—
2678 3998 2710 4046 8
2747 3993 3019 4064 ingenuus
3055 3996 3237 4052 Diom.

631 4093 690 4145 Ρ.
744 4081 867 4143 310,
871 4081 937 4130 31
1111 4084 1141 4131 7
1189 4075 1443 4131 admittit
1489 4074 1921 4143 nominativum,
1975 4076 2040 4128 ut
2093 4075 2273 4129 servio
2310 4075 2582 4144 ingenuus
2619 4074 2932 4147 Diomede-s,
2989 4077 3241 4132 admittit

636 4155 966 4225 plerumque
1002 4158 1410 4212 nominatiuum
1447 4158 1512 4210 ut
1547 4156 1689 4210 liber
1724 4155 1905 4210 seruio
1942 4154 2214 4224 ingenuus
2262 4154 2445 4210 milito
2486 4155 2563 4209 M
2718 4162 2750 4210 8
2788 4158 3016 4213 nomina.
3059 4158 3240 4213 forma

636 4235 1086 4308 participiorum]
1117 4237 1299 4292 Diom.
1313 4256 1375 4307 Ρ.
1397 4243 1602 4305 311‚26
1748 4241 1780 4289 9
1809 4237 1874 4289 ut
1899 4237 2168 4304 appetens
2204 4233 2472 4304 pecuniae
2501 4252 2720 4291 croesus
2753 4236 2830 4290 M
2961 4237 3236 4310 fugitans]

644 4315 762 4369 Ter.
805 4315 1028 4371 Phorm.
1066 4317 1170 4371 IV
1201 4323 1330 4386 3‚18
1512 4324 1578 4371 12
1616 4317 1768 4372 Bono
1819 4313 2006 4369 animo
2047 4345 2110 4354 -
2150 4320 2272 4381 428,
2276 4321 2307 4368 5
2354 4314 2622 4371 inlibatus
2668 4318 2947 4390 numerus]
2995 4320 3241 4375 mazoima

636 4397 833 4450 harum
870 4398 1230 4453 elocutionum
1267 4415 1409 4468 pars
1451 4400 1516 4452 in
1559 4398 1738 4453 codice
1776 4394 2020 4450 Charisii
2063 4394 2105 4461 f.
2143 4399 2220 4451 25
2266 4396 2368 4450 sub
2413 4397 2574 4451 titulo
2620 4397 2685 4452 de
2721 4398 2999 4454 latinitate
3032 4400 3240 4469 scripta

638 4479 740 4540 est,
776 4477 976 4532 omissa
1012 4483 1192 4533 tamen
1226 4494 1422 4547 yraeea
1470 4477 1943 4547 inem-pretatione.-
1988 4476 2057 4543 οἷ.
2095 4492 2319 4544 yramm.
2358 4477 2452 4531 lat.
2490 4478 2593 4532 vol.
2633 4477 2688 4531 I.
2719 4479 2901 4546 praefi
2931 4496 2991 4547 Ρ.
3036 4480 3109 4535 X.
3147 4480 3241 4534 sed

637 4557 719 4611 ibi
754 4562 804 4611 et
842 4573 944 4625 per
987 4558 1233 4613 ordinem
1279 4558 1586 4612 litterarum
1630 4558 1899 4627 disposita
1941 4561 2071 4611 sunt
2115 4572 2181 4610 ea
2214 4572 2354 4624 quae
2400 4557 2500 4612 hoc
2536 4559 2649 4613 loco
2684 4558 2837 4613 nullo
2873 4563 3014 4613 certo
3049 4559 3242 4614 ordine

639 4641 890 4705 conyesta
926 4637 1245 4692 exhibentur
1281 4644 1331 4693 et
1365 4639 1540 4693 multa
1575 4639 1798 4702 addita,
1827 4650 2017 4705 pauca
2052 4638 2252 4693 omissa
2276 4643 2420 4695 suut.
2462 4655 2529 4693 ex
2555 4639 2641 4693 his
2663 4655 2849 4707 pauca
2875 4656 3014 4708 quae
3040 4641 3241 4694 rectius

638 4717 702 4769 in
738 4717 915 4771 codiee
943 4717 1189 4772 Charisii
1222 4718 1431 4787 scripta
1457 4716 1588 4772 sum
1613 4719 1677 4771 in
1704 4721 2057 4775 adnotatione
2084 4719 2355 4788 adscripsi
2497 4725 2566 4774 20
2585 4718 2774 4774 taedio
2804 4735 3027 4773 suarum
3056 4736 3235 4774 rerum

640 4795 928 4851 Charisius
1070 4802 1138 4851 22
1176 4797 1395 4866 copiam
1432 4797 1516 4852 sui
1552 4813 1665 4852 non
1699 4799 1934 4867 praebet
1970 4798 2258 4854 Charisius
2399 4804 2469 4852 24
2497 4799 2779 4869 profectus
2806 4816 2935 4854 mea
2962 4800 3240 4855 sententia.

645 4875 719 4928 M
752 4891 878 4931 mea.
913 4878 1192 4932 sent-entia
1227 4877 1477 4948 perfecta.
1513 4881 1600 4933 est
1637 4878 1926 4935 Charisius
