3613 5528
1367 469 1505 532 ΑΕΒ
1543 468 2032 534 GRAMMATICA
2862 467 2992 540 379

400 582 444 623 p.
471 572 510 618 9.
539 575 592 616 lo
618 574 681 616 Η.

575 660 797 722 Graeca
843 662 1105 742 nomina,
1152 662 1203 720 si
1249 660 1438 722 isdem
1485 661 1699 724 litteris
1744 662 2153 742 proferentur,
2198 678 2444 739 graecos
2490 668 2772 722 accentus
2818 659 2992 720 hahe-

400 768 564 846 huut.
655 786 789 829 nam
837 775 898 829 et
934 785 1070 828 cum
1116 767 1368 830 dicimus
1411 769 1634 847 Thyias
1679 770 1855 843 NaiS,
1903 776 2140 829 acutum
2179 769 2426 828 habebit
2458 770 2752 848 posterior
2790 786 2994 834 accen-

401 885 552 957 tum,
625 884 686 936 et
758 893 892 936 cum
966 874 1257 936 Themisto
1330 877 1613 952 Calypso,
1686 875 1952 937 ultimam
2017 874 2405 935 circumflecti
2469 876 2762 956 videmus3
2837 873 2995 954 quod

400 991 720 1063 utrumque
765 981 984 1043 latinus
1032 1000 1228 1043 sermo
1275 1000 1394 1043 non
1439 984 1688 1063 patitur,
1744 983 1860 1042 nisi
1906 979 2218 1041 admodum
2265 1000 2400 1042 raro
2449 976 2460 1062 Ι
2510 1001 2721 1054 sensus
2776 982 2995 1042 discer-

347 1089 579 1151 ⁵nendi
625 1092 838 1170 gratia,
896 1097 965 1150 ut
1009 1090 1272 1150 occurrit
1331 1107 1472 1169 ergo
1535 1090 1902 1170 coniunctio,
1966 1089 2027 1149 in
2089 1107 2205 1168 qua
2265 1092 2561 1169 posterior
2621 1088 2996 1150 circumflexa

402 1195 882 1276 deprehenditur.
981 1186 1124 1257 item
1185 1194 1527 1257 adverbium
1590 1214 1744 1276 pone
1811 1196 2140 1275 posteriore
2197 1204 2437 1256 acutum
2494 1198 2735 1278 recipit,
2791 1216 2863 1257 ne
2922 1198 2999 1256 sit

403 1301 665 1364 verbum.

576 1411 685 1472 Est
751 1420 947 1473 autem
1023 1411 1209 1471 forma
1282 1411 1438 1471 acuti
1514 1417 1794 1470 accentus
1859 1408 1886 1469 1
1951 1407 2187 1489 obliqua
2261 1410 2322 1469 in
2394 1419 2624 1490 partem
2696 1409 2997 1472 dexteram

401 1516 718 1599 scandenS,
763 1519 956 1597 gravis
994 1495 1272 1578 accen'tus
1310 1516 1498 1576 forma
1536 1516 1578 1576 I
1607 1518 1850 1591 obliqua
1887 1518 1950 1577 in
1982 1523 2223 1594 partem
2261 1518 2578 1579 dexteram
2614 1515 2998 1579 descendens,

330 1639 378 1677 1⁰
405 1624 849 1687 circumflexum
896 1624 1163 1703 designat
1208 1632 1518 1685 accentum
1564 1622 1607 1684 C
1655 1621 1936 1684 deorsum
1993 1633 2283 1704 spectans,
2384 1623 2623 1704 longum
2689 1634 2998 1688 accentum
3059 1611 3063 1616 ’

404 1738 740 1792 transversa
783 1729 810 1790 1
855 1730 1049 1793 littera
1097 1736 1330 1812 notant,
1376 1729 1614 1791 brevem
1653 1728 1696 1790 C
1736 1747 1978 1790 sursum
2016 1739 2336 1809 spectante.
2411 1730 2513 1792 sed
2553 1733 2613 1792 in
2653 1732 2766 1794 illis
2805 1751 3001 1814 sonoS‚

404 1838 465 1899 in
519 1838 612 1900 his
668 1846 933 1918 tempora
979 1837 1358 1899 dinoscimus,
1449 1838 1865 1916 aspirationem
1923 1835 1974 1896 11
2031 1837 2325 1918 adscripta
2380 1838 2728 1920 praestabit3
2793 1842 2846 1900 si
2903 1839 3000 1901 ad-

406 1946 623 2026 scripta
652 1963 772 2007 non
801 1948 933 2025 erit,
979 1947 1324 2006 siccitatem.
1415 1944 1509 2004 his
1555 1943 1818 2004 adiciunt
1864 1942 2125 2025 hyphen,
2173 1962 2311 2005 cum
2356 1945 2473 2005 duo
2521 1945 2696 2006 verba
2735 1949 2903 2026 quasi
2939 1949 3000 2007 in

406 2069 590 2112 unum
637 2053 1117 2131 pronuntiatione
1164 2051 1522 2132 colligimuS,
1577 2058 1638 2111 et
1685 2050 1933 2111 formam
1990 2051 2120 2111 eius
2175 2049 2325 2112 hanc
2382 2052 2631 2114 faciunt:
2691 2055 3001 2133 utriusque

585 2258 767 2315 Godeoe
803 2257 1195 2329 Sanqallensis
1269 2264 1303 2313 2
1341 2257 1549 2328 Thyias
1585 2256 1750 2326 Nais,
1786 2257 1915 2311 item
1949 2256 2185 2312 habebit
2218 2262 2268 2312 et
2304 2257 2348 2311 T
2352 2258 2592 2315 hemisto
2623 2259 2864 2331 Calypso
2900 2277 3000 2316 om.

476 2342 735 2396 accutum
878 2346 909 2395 9
947 2340 1130 2395 forma
1165 2358 1461 2409 σημιουται
1496 2347 1636 2409 πρός
1680 2338 1705 2391 Ι
1753 2339 1958 2405 πλαγιό
2004 2356 2153 2392 ειστο
2190 2357 2357 2409 μερος
2393 2340 2613 2406 τοδεξιό
2662 2340 3002 2396 descendens

407 2419 744 2570 ᾱεῗιὲοιέἳζέε
890 2426 956 2475 10
992 2419 1279 2490 spectans]
1316 2422 1665 2490 spectantum
1811 2422 1870 2470 11
1914 2434 2080 2472 sonus
2226 2423 2292 2472 12
2330 2418 2599 2489 asscripta.
2624 2423 2852 2490 utroque
2888 2421 3002 2475 loco

583 2703 649 2751 12
687 2696 905 2753 dinosci
942 2696 1193 2752 videmus
1222 2695 1508 2750 Diomedes
1535 2712 1597 2766 p.
1626 2698 1811 2762 434‚6,
1845 2696 1991 2766 quod
2027 2695 2212 2767 legisse
2247 2694 2463 2750 videtur
2497 2698 2904 2768 qrammatieua,
2939 2702 3002 2754 ut

405 2780 470 2834 in
501 2781 712 2850 qraecis
744 2779 1089 2834 scribendum
1121 2779 1196 2833 sit
1230 2771 1612 2848 γινώσκεσθαι
1650 2769 1872 2846 ὁρῶμεν
1954 2804 1966 2819 ·

591 3046 685 3118 Τὰ
732 3044 1041 3134 ἑλληνικὰ
1100 3043 1422 3134 ὀνόματα,
1479 3043 1598 3113 ἐὰν
1653 3058 1792 3143 τοῖς
1850 3041 2078 3124 αὐτοῖς
2129 3043 2512 3134 γράμμασιν
2567 3050 3001 3137 προφέρηται,

410 3154 752 3244 ἑλληνικὰς
805 3156 1182 3245 προσῳδίας
1240 3154 1524 3233 ἕξουσιν.
1620 3151 1730 3219 καὶ
1783 3148 1912 3237 γὰρ
1969 3148 2133 3219 ὅταν
2198 3153 2492 3241 λέγωμεν
2549 3154 2756 3235 Θυιάς
2808 3161 3001 3244 Ναίς,

405 3261 528 3351 τὴν
575 3261 797 3346 ὀξεῖαν
846 3264 973 3343 ἕξει
1018 3258 1060 3349 ἡ
1106 3258 1350 3348 ὑστέρα
1396 3261 1803 3349 προσῳδίαν,
1848 3258 1961 3325 καὶ
2006 3254 2096 3338 ὥς
2140 3265 2438 3346 Θεμιστώ
2485 3266 2817 3346 Καλυψώ,
2875 3260 2998 3349 τὴν

405 3376 788 3441 τελευταίαν
842 3371 1293 3458 περισπᾶσθαι
1349 3362 1632 3454 ὁρῶμεν,
1691 3361 1854 3452 ὅπερ
1911 3363 2222 3452 ἑκάτερον
2269 3364 2304 3435 ὁ
2355 3375 2366 3451 Ι
2415 3366 2747 3457 ρωμαϊκὸς
2801 3368 3002 3456 λόγος

327 3512 355 3552 5
412 3462 547 3549 0²32(
581 3477 976 3565 ἐπιδέχεται,
1024 3479 1084 3543 εἰ
1127 3471 1216 3561 μὴ
1261 3471 1441 3541 πάνυ
1491 3469 1740 3561 ἀραιῶς
1785 3470 1982 3559 χάριν
2027 3476 2149 3541 τοῦ
2188 3476 2435 3559 διελεῖν
2477 3473 2597 3543 τὸν
2643 3478 2839 3560 νοῦν,
2913 3474 3002 3557 ὥς

405 3584 665 3677 ἀπαντᾷ
712 3581 748 3652 ὁ
798 3608 939 3670 ergo
986 3580 1389 3667 σύνδεσμος,
1449 3580 1522 3647 έν
1576 3569 1630 3670 ᾧ
1676 3575 1716 3665 ἡ
1763 3583 2103 3647 τελευταία
2157 3582 2620 3669 περισπωμένη
2673 3590 3000 3671 καταλαμ-

405 3692 706 3782 βάνεται·
753 3687 999 3778 ὁμοίως
1045 3685 1134 3767 ὡς
1177 3684 1252 3754 τὸ
1301 3688 1627 3773 ἐπίρρημα
1671 3710 1827 3772 pone
1887 3688 1968 3774 τῇ
2021 3682 2267 3778 ὑστέρᾳ
2313 3684 2535 3769 ὀξεῖαν
2588 3687 3001 3779 ἀναδέχεται,

408 3805 521 3869 ἵνα
568 3796 657 3888 μὴ
704 3806 805 3884 εἴη
853 3798 1048 3884 ῥῆμα·

563 3905 795 3975 Ἔστιν
844 3902 920 3972 δὲ
965 3914 1241 3990 σημεῖον
1286 3903 1403 3987 τῆς
1448 3897 1664 3981 ὀξείας
1705 3903 2087 3990 προσῳδίας
2129 3906 2156 3967 1
2200 3900 2489 3990 πλάγιον
2543 3906 2637 3983 εἰς
2681 3902 2757 3972 τὸ
2804 3906 3002 3993 μέρος

326 4047 379 4088 ιο
409 4012 629 4097 δεξιὸν
677 4010 1082 4098 ἀναβαῖνον,
1143 4012 1261 4095 τῆς
1320 4011 1590 4095 βαρείας
1633 4010 2015 4098 προσῳδίας
2060 4021 2338 4095 σημεῖον
2384 4014 2408 4075 1
2453 4008 2738 4095 πλάγιον
2785 4015 2879 4091 εἰς
2922 4011 2997 4079 τὸ

341 4163 356 4175 ·
407 4124 605 4212 μέρος
655 4119 732 4190 τὸ
789 4115 1011 4201 δεξιὸν
1069 4120 1494 4203 καταβαῖνον.
1582 4112 1707 4202 τὴν
1753 4116 2264 4202 περισπωμένην
2310 4120 2696 4203 σημειοῦται
2740 4137 2999 4209 προσῳ-

409 4235 564 4298 δίαν
602 4234 646 4296 C
681 4225 858 4296 κάτω
903 4225 1169 4313 βλέπον.
1256 4220 1378 4310 τὴν
1424 4219 1683 4309 μακρὰν
1728 4225 2115 4311 προσῳδίαν
2159 4227 2413 4314 πλαγίῳ
2459 4227 2550 4315 τῳ
2598 4229 2624 4289 Ι
2668 4222 3001 4310 γράμματι

408 4336 867 4424 σημειοῦνται,
911 4338 1231 4420 βραχεῖαν
1267 4335 1311 4397 C
1348 4328 1489 4397 ἄνῳ
1535 4329 1864 4415 βλέποντι.
1939 4325 2082 4397 ἀλλ’
2126 4330 2200 4396 ἐν
2237 4331 2515 4409 ἐκείνοις
2547 4327 2705 4409 τοὺς
2735 4330 3000 4415 τόνους,

409 4445 484 4512 ἐν
535 4441 797 4521 τούτοις
860 4437 1017 4519 τοὺς
1079 4437 1365 4528 χρόνους
1422 4434 1891 4522 γινώσκεσθαι.
1999 4433 2122 4522 τὴν
2197 4440 2471 4504 δασεῖαν
2534 4435 2609 4505 τὸ
2683 4442 2735 4503 H
2797 4456 3000 4523 προσ-

329 4581 381 4622 ιι
409 4549 869 4639 γεγραμμένον
914 4548 1208 4633 παρέχει·
1256 4543 1373 4614 ἐὰν
1419 4542 1494 4612 δὲ
1538 4540 1628 4632 μὴ
1674 4552 1775 4630 εἴη
1822 4543 2477 4632 προσγεγραμμένον,
2522 4541 2727 4630 ψιλὴν
2775 4542 2999 4631 ξηράν.

406 4655 678 4736 ταύταις
729 4652 1268 4743 προσβάλλουσιν
1320 4648 1446 4738 τὴν
1499 4647 1696 4737 ὑφέν,
1752 4646 1954 4718 ὁπότε
2009 4648 2132 4719 δύο
2188 4648 2445 4739 ῥήματα
2503 4647 2592 4730 ὡς
2645 4655 2739 4731 εἰς
2792 4654 2868 4719 ἓν
2919 4655 3001 4741 τῇ

587 4876 622 4924 5
657 4867 842 4939 χάριν]
881 4887 1029 4936 παρα
1174 4872 1240 4920 10
1278 4863 1534 4935 σημεῖον]
1572 4881 1868 4934 σημιουται
1903 4869 2048 4935 πρός
2083 4868 2146 4919 ut
2179 4865 2424 4933 videtur,
2460 4865 2634 4921 deleta
2669 4887 2701 4936 ρ
2738 4866 2922 4921 littera

409 4957 478 5007 15
516 4951 631 5021 εἴη]
668 4969 719 5005 ει

494 5076 500 5081 .
2468 5035 2579 5091 25*
