3613 5528
1255 394 1601 450 EXEMPLA
1642 393 2172 450 ELOCV'I'IONVM
2878 392 3010 456 499

446 526 456 537 .
486 498 578 537 252.
607 497 688 536 258
715 495 768 537 L.

593 580 938 642 Praefectus
968 579 1153 662 illius,
1193 580 1305 640 Sal.
1337 580 1636 641 hist.1de
1667 582 2040 661 praesecto
2079 579 2281 642 urbis
2310 581 2512 659 quasi
2552 581 3015 660 possessione

414 690 584 768 reip.
641 706 884 767 magna
941 690 1280 767 utrinque
1339 690 1404 752 vi
1459 688 2052 750 contendebatur.
2144 689 2481 768 praefectus
2529 688 2636 770 illi,
2690 687 2848 749 idem
2896 686 3015 765 lug.

413 796 617 870 (52,5)
655 814 860 874 quem
899 795 1310 875 elephantis
1347 804 1418 856 et
1454 797 1639 875 parti
1679 797 2047 875 copiarum
2088 796 2529 876 pedestrium
2567 795 3015 875 praelectum

413 920 629 982 supra
683 902 1008 963 diximus.
1100 903 1437 982 praefectus
1485 904 1545 962 in
1594 902 1720 983 illo,
1777 902 1895 964 Cic.
1944 921 2053 982 pro
2110 902 2310 963 Sextio
2367 903 2606 978 (18‚41)
2664 904 2880 981 inque
2938 918 3015 961 eo

334 1026 361 1067 s
416 1012 743 1070 exercitu
791 1012 1065 1070 inimici
1117 1011 1249 1070 mei
1295 1010 1591 1070 fratrem
1642 1012 2097 1090 praefecerat
2144 1057 2157 1071 .

592 1117 946 1178 Praefinitur
974 1115 1082 1177 tibi
1111 1115 1207 1176 illa
1237 1134 1361 1198 res,
1399 1117 1518 1178 Cic.
1557 1117 1765 1197 Philip.
1804 1117 1830 1177 I
1868 1118 2076 1192 (820)
2116 1136 2377 1178 census
2413 1116 2945 1197 praefiniebatu
2964 1135 3019 1196 r,

418 1226 691 1305 inquit,
738 1242 873 1284 non
912 1226 1327 1285 centurioni
1366 1225 1651 1304 quidem
1690 1224 1945 1306 solum,
1993 1224 2114 1286 scd
2163 1226 2389 1304 equiti
2439 1225 2649 1285 etiam
2688 1223 3015 1286 Romano.

385 1325 392 1336 '
591 1329 785 1391 Pluris
815 1349 990 1411 quam
1017 1331 1157 1411 hoc,
1196 1329 1309 1392 Sal.
1340 1331 1497 1419 bello·
1523 1331 1687 1392 Catil.
1717 1332 1922 1405 (52,5)
1961 1331 2194 1411 pluris
2230 1349 2433 1411 quam
2472 1349 2681 1410 remp.
2723 1330 2968 1391 fecere
3000 1376 3012 1389 .

416 1437 602 1517 pluris
659 1438 798 1518 hoc,
853 1437 971 1498 Cic.
1029 1456 1138 1518 pro
1187 1437 1388 1499 Sextio
1435 1437 1726 1512 (68,142)
1794 1439 1954 1517 quis
2011 1437 2717 1516 CarthagIniensium
2783 1435 3019 1516 pluris

340 1560 390 1599 ιο
416 1545 552 1606 suit
597 1541 1038 1606 Hannibale?
1078 1542 1086 1624 Ι

592 1651 835 1713 Praeter
881 1651 1038 1733 illos,
1085 1651 1202 1714 Cic.
1250 1653 1311 1712 in
1359 1651 1635 1713 Pisonem
1683 1661 1975 1732 praeter
2030 1669 2243 1714 unum
2300 1660 2739 1732 praetorem,
2793 1670 2826 1710 a
2882 1669 3017 1729 quo

417 1778 553 1818 non
636 1760 777 1819 fuit
856 1757 1394 1838 postulandum,
1475 1767 1909 1840 praeterque
1994 1759 2169 1820 duos
2252 1758 2334 1818 de
2417 1757 2655 1837 lapide
2739 1766 3018 1837 emptos

418 1864 752 1927 tribunos
800 1914 811 1926 .
859 1874 1096 1946 praeter
1144 1864 1284 1945 illis,
1332 1866 1445 1927 Sal.
1495 1865 1661 1928 Catil.
1709 1866 1918 1942 (36,2)
1975 1875 2266 1927 ceterae
2324 1864 2775 1926 multitudini
2833 1864 3016 1925 diem

418 1976 675 2034 statuit
720 1983 1015 2054 praeter
1062 1991 1298 2033 rerum
1348 1973 1764 2053 capitalium
1813 1973 2370 2034 condemnatis..

343 2095 394 2134 15
599 2079 934 2141 Praestolor
972 2079 1081 2162 illi,
1121 2079 1239 2140 Cic.
1281 2081 1340 2139 in
1381 2079 1545 2141 Catil.
1587 2082 1624 2140 I
1656 2080 1862 2154 (924)
1902 2082 2023 2159 qui
2073 2079 2204 2141 tibi
2252 2080 2331 2140 ad
2381 2080 2611 2140 sorum
2650 2078 3016 2140 Aurelium

417 2187 1052 2266 praestolarentur
1097 2188 1347 2247 armati
1396 2234 1408 2247 .
1456 2186 1786 2266 praestolor
1834 2188 2026 2268 illum,
2072 2187 2207 2250 Ter.
2254 2187 2405 2248 Eun.
2453 2187 2547 2260 (V
2586 2188 2717 2262 5,5)

749 2307 981 2374 ‘quem
1030 2294 1507 2374 praestolare,
1553 2294 1925 2378 Parmeno,
1971 2296 2086 2357 hic
2133 2303 2294 2356 aute
2343 2290 2649 2356 ostium?

593 2400 835 2462 Praesto
883 2411 1001 2484 est,
1049 2401 1167 2462 Cic.
1216 2401 1288 2462 de
1336 2410 1611 2482 praetura
1652 2402 1877 2464 urbana
1916 2402 2116 2463 Verris
2154 2407 2246 2476 (in
2302 2404 2469 2464 Verr.
2508 2410 2626 2463 act.
2663 2421 2781 2463 sec.
2825 2403 2863 2462 I
2890 2402 3018 2474 1‚2)

413 2517 704 2587 praesto
772 2516 905 2589 est,
969 2508 1390 2591 respondet,
1455 2509 1878 2571 defenditur
1926 2557 1939 2570 .
1985 2517 2223 2590 praesto
2280 2508 2474 2591 adest,
2530 2508 2664 2570 Ter.
2723 2507 2873 2569 Eun.
2932 2509 3025 2580 (Γ

336 2615 596 2690 205220)
653 2614 773 2674 sed
831 2614 951 2675 ubi
1008 2625 1117 2675 est
1173 2615 1401 2676 frater
1445 2612 1479 2676 Ῥ
1524 2623 1817 2694 praesto
1874 2615 2100 2688 adest,
2159 2614 2278 2677 Cic.
2325 2634 2434 2695 pro
2482 2615 2724 2677 Murena
2773 2616 3018 2691 (12‚26)

417 2730 706 2802 praesto
754 2721 1003 2784 aderat
1048 2725 1335 2803 sapiens
1382 2721 1534 2805 ille,
1582 2724 1700 2802 qui
1747 2724 1933 2783 inire
1985 2724 2159 2783 viam
2206 2721 2556 2784 doceret.

593 2830 764 2892 Parte
813 2834 1003 2913 prior,
1050 2830 1219 2911 Verg.
1267 2832 1409 2892 Aen.
1457 2830 1503 2887 V
1550 2831 1735 2903 (187)

940 2947 1144 3018 parte
1191 2941 1388 3018 prior
1436 2948 1706 3017 partem
1755 2946 1997 2998 rostro
2044 2940 2309 3017 premit
2354 2957 2402 2998 a.
2450 2957 2505 3018 p.

418 3055 643 3125 partem
665 3044 977 3118 demissus,
1009 3044 1120 3105 Sal.
1144 3044 1763 3106 hist.lllldemissis
1791 3053 2064 3123 partem
2096 3047 2300 3124 quasi
2332 3047 2617 3107 tertiam
2648 3049 3019 3107 antemnis,

336 3167 389 3207 25
595 3150 734 3213 Plus
788 3151 902 3212 hoc
949 3160 1244 3234 tempore,
1301 3152 1418 3213 Cic.
1475 3152 1683 3232 Philip.
1743 3153 1782 3211 J
1824 3153 1989 3225 (3,7)
2048 3153 2205 3232 plus
2262 3171 2395 3213 una
2454 3163 2662 3214 nocte
2721 3156 3021 3234 cupiens

417 3278 518 3319 me
579 3261 897 3319 retinere
955 3277 1088 3320 non
1145 3263 1383 3339 potuit
1428 3309 1442 3321 .
1489 3260 1623 3340 plus
1679 3259 1792 3319 hoc
1861 3268 2121 3340 tempus,
2184 3259 2354 3339 Verg.
2406 3278 2575 3336 θεον.
2634 3261 2781 3321 IIII
2826 3261 3021 3335 (207)

417 3384 645 3445 neque
711 3368 899 3426 enim
960 3366 1121 3445 plus
1185 3369 1488 3447 septima
1553 3367 1845 3428 ducitur
1910 3375 2147 3427 aestas
2212 3415 2226 3428 .
2290 3365 2426 3447 plus
2484 3369 2625 3427 satis
2680 3386 2798 3444 pro
2864 3363 3021 3448 ‘plus

417 3490 591 3551 quam
639 3475 782 3533 satis
828 3468 962 3553 est',
1008 3473 1142 3534 Ter.
1187 3474 1338 3534 Eun.
1388 3477 1457 3548 (I
1498 3476 1628 3548 2,5)

754 3580 1012 3640 accede
1060 3582 1138 3642 ad
1188 3585 1422 3661 ignem
1470 3583 1682 3661 hunc,
1730 3583 1862 3663 iam
1910 3582 2231 3643 calesces
2278 3582 2439 3662 plus
2484 3587 2684 3643 satis

596 3761 776 3816 Codex
816 3762 1107 3816 Parrhasii
1182 3769 1209 3816 1
1257 3761 1434 3834 illins]
1484 3761 1599 3816 illis
1761 3761 2137 3834 possessione]
2186 3763 2462 3833 possessio
2626 3770 2657 3818 6
2698 3764 2746 3834 Ι]
2794 3764 2846 3817 11
2992 3769 3021 3816 ’1

415 3854 528 3905 nbn
565 3850 899 3921 centurioni]
941 3853 1209 3906 nocentur
1245 3837 1368 3905 loni
1510 3858 1543 3906 8
1579 3869 1754 3922 remp.
1793 3851 1997 3923 fecere]
2040 3869 2099 3906 re
2135 3852 2416 3922 profecere
2566 3859 2631 3907 13
2668 3851 2808 3923 illis]
2846 3851 2934 3906 illi

417 3929 587 4000 diem]
618 3929 768 3985 idem
907 3936 973 3985 15
1002 3932 1027 3984 1
1055 3948 1154 3987 om.
1288 3937 1350 3986 17
1381 3931 1612 4004 ostium]
1643 3933 1829 3987 ortum
1964 3938 2032 3986 23
2063 3932 2271 4002 premit
2295 3935 2336 3988 t.
2365 3951 2415 3986 v.
2446 3951 2500 4002 p.
2631 3939 2700 3988 24
2727 3932 3021 4003 demissus]

418 4010 674 4065 dimissus
798 4017 865 4065 25
887 4012 909 4065 I
929 4029 1029 4066 om.
1156 4018 1225 4066 26
1246 4028 1394 4080 geor.
1416 4027 1517 4069 om.
1633 4016 1702 4065 27
1722 4027 1825 4081 pro
1845 4028 1946 4068 om.
2065 4019 2133 4066 29
2165 4012 2395 4067 calescis
2423 4014 2549 4083 plus
2576 4013 2686 4067 Par
2712 4013 2833 4081 (om.
2865 4012 3023 4081 satis)

601 4161 625 4208 1
647 4154 996 4223 possessione
1016 4155 1340 4210 Bon-damus
1358 4160 1406 4209 et
1427 4154 1742 4211 Dietschius.
1757 4154 1894 4211 Sall.
1914 4155 2037 4209 hist.
2061 4156 2259 4224 froom.
2272 4172 2333 4225 p.
2354 4162 2444 4222 10,
2465 4171 2774 4224 possessore
2797 4155 3024 4209 coniecit

416 4235 838 4290 Liosdemanms
979 4241 1012 4289 3
1049 4235 1394 4303 praefectum
1441 4235 1514 4289 ab
1549 4234 1822 4305 Iugurtha
1857 4251 2026 4304 supra
2062 4234 2303 4289 diximus
2341 4235 2641 4290 Sallustius
2783 4242 2817 4288 4
2854 4234 3023 4304 inque

418 4331 483 4369 eo
521 4314 768 4370 exercitu
804 4315 981 4384 ipsius
1017 4314 1228 4369 tribuni
1264 4314 1340 4383 pl.
1368 4313 1582 4369 inimici
1618 4313 1729 4368 mei
1767 4313 1953 4368 Cice-ro
2098 4320 2130 4369 8
2168 4313 2343 4382 pluris
2380 4331 2553 4384 quam
2587 4331 2704 4368 rem
2742 4313 3021 4383 publicam

417 4393 631 4449 fecistis
668 4395 971 4451 Sallustius
1132 4400 1164 4448 9
1203 4393 1378 4464 pluris
1416 4395 1693 4449 Annibale
1734 4394 1811 4448 M
1971 4400 2035 4448 12
2072 4393 2497 4463 postulandum,
2544 4393 2772 4449 fratrem
2808 4392 3019 4448 inimici

419 4476 561 4546 mei,
589 4479 920 4547 praeterque
942 4476 1130 4531 Cicero
1253 4476 1643 4544 praeterquam
1673 4476 1813 4530 duos
1842 4475 2261 4529 Lindemannus
2389 4481 2454 4528 13
2482 4476 2738 4531 tribunos
2766 4474 2946 4543 plebis
2971 4472 3027 4526 P

488 4559 710 4625 praeter
745 4556 885 4627 illis]
923 4557 994 4622 cf.
1033 4554 1206 4609 Prisc.
1245 4555 1278 4608 l.
1323 4554 1570 4608 XVIII
1594 4572 1654 4624 p.
1686 4560 1810 4610 343.
1842 4559 1949 4610 354
2097 4560 2161 4609 15
2189 4554 2531 4626 Praestolor]
2568 4555 2746 4609 Prisc.
2775 4556 2809 4608 l.
2851 4554 3027 4609 VIII

411 4652 471 4706 p.
511 4639 623 4690 378
666 4632 914 4689 XVIII
945 4651 1001 4703 p.
1039 4638 1154 4690 274
1322 4640 1387 4688 18
1423 4634 1626 4687 Verres
1671 4634 1900 4688 coniecit
1945 4634 2389 4690 Lindemannus:
2437 4636 2504 4703 cf.
2547 4652 2606 4703 p.
2647 4639 2809 4700 501‚4
2954 4640 3023 4687 20

417 4714 612 4786 frater]
652 4718 816 4786 pater
850 4732 917 4769 ex
957 4712 1010 4768 G
1048 4713 1221 4767 edidit
1256 4713 1673 4768 Mndemannus
1831 4722 1898 4770 23
1936 4717 2119 4770 rostro
2158 4714 2364 4785 premit
2396 4714 2620 4770 aemula
2656 4714 2844 4783 pristis
2894 4715 3018 4770 Ver-

416 4795 585 4864 9ilius
728 4799 799 4849 25
837 4795 962 4863 plus
1001 4810 1114 4848 una
1147 4812 1238 4849 me
1275 4796 1439 4849 nocte
1478 4793 1705 4865 cupiens
1741 4796 1981 4850 retinere
2018 4810 2127 4849 non
2164 4794 2351 4865 potuit·
2386 4796 2591 4851 codices
2628 4794 2904 4849 Ciceronis

418 4880 485 4929 29
525 4874 767 4929 calesces
801 4872 930 4943 plus
967 4873 1102 4929 sabis
1144 4873 1430 4931 Terentius
