3613 5528
619 389 749 454 458
1598 387 1947 445 ARVSIANI
1982 387 2221 446 MESSII

619 502 662 538 p.
693 493 781 532 217.
813 492 891 532 218
920 491 970 532 L.

798 578 977 638 Avius
1024 576 1095 637 ab
1151 575 1246 637 illa
1293 594 1387 657 re,
1434 576 1551 636 Cic.
1599 595 1708 656 pro
1758 576 1913 657 Sylla
1961 576 2212 652 (30,83)
2259 584 2329 637 et
2374 577 2572 636 avius
2620 594 2653 636 a
2699 577 3028 636 sanitate.

795 685 945 745 Ante
992 692 1394 764 exspectatum
1443 703 1552 764 pro
1600 692 1913 764 antequam
1961 691 2337 765 expectatur,
2386 682 2553 764 Verg.
2600 702 2760 763 geor.
2807 681 2887 742 111
2935 682 3120 755 (348)

910 801 1069 853 ante
1110 799 1604 872 exspectatum
1653 794 1918 873 positis
1966 800 2111 852 stat
2156 793 2225 851 in
2273 792 2549 868 agmine
2598 793 2864 852 castris
2913 838 2925 851 .

796 898 989 959 Audet
1041 899 1181 981 hoc,
1238 898 1355 960 Cic.
1405 899 1612 980 Philip.
1659 897 1713 958 Π
1760 896 1968 977 (7,16)
2035 896 2201 978 quid
2268 900 2452 958 enim
2519 906 2627 959 est
2692 898 2877 979 quod
2939 906 3017 959 tu
3081 915 3219 959 non

619 1001 921 1066 audeas?
967 1004 1145 1067 audet
1192 1006 1303 1067 hoc
1351 1008 1574 1088 facere,
1619 1005 1788 1086 Verg.
1839 1006 1979 1067 Aen.
2027 1004 2074 1063 V
2122 1004 2314 1076 (379)

913 1113 1128 1174 audet
1175 1112 1370 1174 adire
1417 1115 1646 1174 virum
1692 1113 2163 1192 manibusque
2211 1111 2554 1174 inducere
2603 1123 2914 1176 caestus

617 1220 794 1281 audet
839 1222 900 1281 in
947 1220 1087 1303 hoc,
1136 1219 1301 1300 Verg.
1349 1222 1490 1282 Aen.
1538 1219 1592 1280 Π
1638 1222 1831 1294 (347)

1070 1346 1246 1407 quos
1295 1327 1413 1390 ubi
1460 1328 1835 1389 confertos
1882 1326 2145 1389 audere
2193 1329 2263 1388 in
2309 1328 2584 1407 proelia
2631 1328 2792 1389 vidi.

793 1435 947 1497 Acer
993 1436 1086 1496 his
1133 1434 1342 1517 rebuS,
1388 1434 1557 1515 Verg.
1605 1453 1765 1514 geor.
1814 1432 1892 1493 lll
1940 1436 2043 1510 (7)
2092 1434 2532 1516 humeroque
2589 1435 2851 1515 Pelops
2907 1437 3218 1516 insignis

618 1541 918 1624 eburno,
966 1561 1132 1604 acer
1179 1544 1383 1622 equis
1432 1589 1444 1602 .

795 1651 1010 1710 Arrisit
1071 1648 1181 1725 illi,
1257 1647 1642 1729 Symmachus
1717 1648 1788 1709 ad
1854 1647 2252 1709 Theodosium
2316 1651 2733 1728 imperatorem
2799 1649 3037 1712 beatum
3103 1652 3219 1712 iam

617 1757 925 1836 parvulum
973 1776 1171 1818 meum
1219 1759 1315 1817 cui
1361 1758 1524 1836 pium
1574 1804 1587 1817 .

793 1863 952 1924 Bibit
994 1862 1163 1938 mad,
1210 1862 1381 1942 Verg.
1429 1843 1572 1924 Ae'n.
1621 1862 1646 1922 1
1692 1857 1889 1946 (749)

1069 1968 1321 2031 infelix
1370 1969 1544 2031 Dido
1590 1969 2018 2050 longumque
2066 1969 2706 2034 bibebat‘amorem
2753 2021 2767 2033 .

615 2076 768 2139 bibit
821 2078 920 2138 illo
975 2077 1217 2161 poculo,
1273 2076 1428 2138 idem
1486 2096 1645 2157 geor.
1693 2076 1746 2136 11
1793 2072 1992 2159 (506)
2048 2096 2313 2157 gemma
2368 2078 2569 2141 bibat
2614 2127 2628 2140 .
2675 2079 2881 2140 bibere
2928 2080 3053 2161 dat,
3099 2079 3219 2141 Cic.

617 2184 1085 2247 Tusculanarum
1134 2187 1204 2258 (I
1243 2185 1468 2261 20365)
1519 2194 1593 2246 ut
1636 2184 1786 2246 Iovi
1835 2183 2090 2246 bibere
2139 2188 2609 2248 ministraret.

797 2292 1023 2354 Bellum
1064 2312 1198 2354 cum
1246 2292 1345 2353 illo
1391 2296 1570 2373 gerit,
1627 2292 1746 2354 Cic.
1795 2295 1856 2354 in
1903 2291 2220 2354 Hortensio
2277 2296 2398 2373 qui
2463 2314 2616 2356 cum
2682 2295 2889 2357 hodie
2956 2293 3220 2356 bellum

618 2419 776 2462 cum
822 2409 1103 2461 mortuo
1149 2408 1436 2482 gerunt,
1482 2399 1654 2479 Verg.
1700 2400 1845 2460 Aen.
1892 2397 1971 2458 xl
2018 2400 2210 2473 (305)

973 2505 1233 2568 bellum
1282 2509 1796 2587 importunum,
1845 2509 2067 2587 civeS,
2115 2524 2269 2566 cum
2315 2494 2526 2586 gent!
2574 2507 2866 2569 deorum

974 2615 1421 2692 invictisque
1470 2615 1647 2673 viris
1692 2615 2010 2693 gerimus
2040 2660 2053 2673 .

617 2721 838 2783 bellum
885 2729 1090 2782 contra
1137 2720 1299 2782 illum
1348 2723 1530 2802 gerit,
1577 2719 1696 2782 Cic.
1742 2720 1951 2802 Philip.
2001 2719 2079 2781 111
2126 2716 2278 2803 (1‚1)
2334 2739 2487 2783 cum
2542 2720 2807 2784 bellurn
2867 2722 3220 2784 nefarium

618 2838 871 2890 contra
935 2830 1150 2890 vitam
1216 2829 1693 2908 fortunasque
1758 2838 2045 2889 nostras
2102 2847 2240 2890 non
2296 2831 2633 2910 cogitari,
2697 2829 2822 2890 sed
2880 2832 3032 2909 geri
3089 2832 3221 2892 iam

617 2937 979 2998 viderem.
1009 2935 1163 2996 bello
1193 2934 1412 3016 bonus,
1448 2934 1617 3014 Verg.
1648 2935 1788 2995 Aen.
1821 2933 1947 2994 Vlll
1976 2935 2169 3009 (480)
2199 2954 2369 3014 gens
2408 2935 2601 2997 bello
2637 2936 3010 3016 praeclara
3042 2986 3054 2998 .
3084 2936 3223 2999 belli

617 3063 725 3124 pro
757 3039 841 3104 ‘in
872 3037 1068 3123 bello'‚
1104 3042 1239 3103 Ter.
1269 3041 1476 3103 Heaut.
1508 3043 1779 3118 (11‚60)
1811 3060 1954 3102 rem
1994 3051 2062 3102 et
2099 3042 2397 3122 gloriam
2435 3046 2653 3105 armis
2690 3042 2867 3105 belli
2905 3047 3223 3126 repperi,

620 3151 734 3212 Sal.
779 3151 904 3231 lug.
951 3150 1157 3226 (41,7J
1204 3168 1596 3229 paucorum
1641 3149 1946 3210 arbitrio
1994 3148 2169 3210 belli
2216 3149 2548 3229 domique
2594 3149 3075 3231 agitabantur.
3118 3148 3129 3232 Ι

797 3256 1112 3319 Benivolus
1166 3255 1280 3338 illi,
1336 3256 1453 3317 Cic.
1510 3275 1619 3336 pro
1676 3254 1888 3317 Flacco
1954 3275 2155 3336 quam
2219 3256 2642 3320 benevolum
2706 3259 2896 3321 hunc
2955 3259 3222 3340 populo

619 3365 955 3446 Romano,
1010 3382 1214 3444 quam
1261 3362 1550 3425 fidelem
1595 3366 1887 3444 putatis,

799 3519 977 3575 Codex
1014 3518 1309 3573 Parrhasii
1382 3524 1408 3571 1
1449 3533 1553 3588 pro
1592 3517 1778 3586 Syllae
1816 3518 1876 3572 et
1911 3518 2042 3572 auia
2069 3517 2310 3573 sanitate
2453 3526 2485 3574 2
2515 3522 2868 3592 expectatur]
2898 3524 3244 3591 expectatus,

687 3600 791 3671 111]
830 3601 934 3654 IIII
1078 3606 1110 3655 6
1150 3602 1366 3654 caestus
1394 3614 1493 3655 om.
1639 3602 1672 3650 8
1700 3597 1938 3668 proelia]
1970 3599 2151 3667 prelia
2297 3605 2358 3653 11
2393 3599 2712 3669 Symmachi
2859 3607 2922 3655 13
2961 3603 3097 3656 Aen.
3118 3601 3225 3655 1111

618 3679 849 3734 infoelix
999 3684 1062 3733 15
1101 3677 1261 3735 bibat
1298 3678 1490 3733 bibere
1528 3677 1627 3733 dat
1661 3694 1776 3732 non
1812 3678 2057 3733 indicato
2102 3694 2275 3734 novae
2320 3681 2637 3734 elocutionis
2681 3682 2847 3736 initio
2994 3686 3058 3736 18
3097 3698 3225 3735 cum

617 3760 838 3814 mortuo
867 3758 1017 3814 cives
1045 3777 1172 3815 cum
1201 3761 1368 3828 gente
1389 3759 1634 3814 Deorum
1661 3760 1893 3829 gerunt,
1927 3759 2020 3814 sed
2046 3759 2232 3814 deletis
2257 3761 2433 3816 verbis
2461 3759 2609 3815 cives
2640 3778 2764 3815 cum
2793 3765 2962 3831 gente
2982 3763 3224 3818 Deorum

690 3846 759 3896 22
797 3857 910 3895 non
944 3856 1043 3895 om.

800 3992 829 4039 1
870 3985 1081 4040 adeone
1128 3983 1287 4040 vobis
1339 3983 1555 4039 alienus
1593 4000 1628 4038 a
1674 3981 1947 4047 sanitate,
2003 3982 2145 4037 adeo
2192 3983 2399 4038 oblitus
2448 3982 2795 4040 constantiae
2842 4001 3027 4055 meae,
3082 3986 3224 4043 adeo

618 4064 914 4122 immemor
948 4082 1133 4121 rerum
1172 4083 1206 4121 a
1243 4082 1331 4120 me
1369 4065 1655 4135 gestarum
1691 4079 1812 4118 esse
1859 4062 2055 4117 videor
2094 4061 2368 4118 Oieeronis
2405 4064 2610 4118 codices
2647 4103 2660 4117 .
2700 4063 2915 4121 alienus
2962 4069 3022 4122 et
3066 4067 3224 4122 avius

620 4149 805 4219 leqisse
839 4147 1057 4201 videtur
1092 4147 1415 4201 Arusianus
1452 4189 1465 4201 .
1504 4145 1747 4213 exempla
1781 4143 2143 4197 elocutionum
2196 4143 2443 4197 alienum
2497 4144 2601 4198 hac
2655 4161 2716 4198 re
2762 4150 2811 4200 et
2857 4146 3102 4202 alienum
3152 4149 3226 4204 ab

619 4228 725 4282 hac
763 4244 822 4282 re
851 4228 1040 4297 pos-ita
1074 4231 1204 4280 sunt
1238 4242 1413 4295 supra
1432 4242 1492 4295 p.
1516 4230 1678 4291 454,7
1822 4228 1853 4275 2
1894 4224 2022 4277 ante
2061 4224 2416 4293 expectatum
2455 4244 2468 4276 ε
2508 4223 2656 4278 dicto
2696 4223 2887 4295 citiuS,
2923 4228 3224 4296 antequam

620 4308 736 4363 eius
775 4308 1096 4378 expectetur
1141 4306 1415 4361 adventus
1463 4305 1687 4360 Servius
1730 4304 1794 4357 in
1844 4302 1996 4373 Verq.
2038 4304 2072 4358 l.
2111 4319 2155 4358 c.
2328 4309 2363 4357 4
2400 4303 2532 4372 quid
2579 4306 2770 4359 autem
2817 4307 2901 4361 est
2949 4306 3227 4363 Ciceronis

620 4389 828 4442 codices
975 4394 1034 4442 11
1090 4386 1453 4455 Symmachus
1505 4383 1624 4438 GP
1656 4426 1666 4437 .
1706 4382 2017 4453 Symmachi
2060 4385 2360 4452 exmplum
2407 4385 2790 4454 interpolatori
2834 4386 3031 4441 tribuit
3068 4386 3224 4443 Hou-

619 4483 786 4521 venus
796 4484 855 4536 p.
878 4471 951 4521 37
1079 4472 1143 4520 17
1174 4466 1395 4535 quicum
1426 4469 1646 4520 mortuo
1675 4462 1842 4518 hodie
1870 4463 2082 4518 bellum
2110 4468 2313 4534 gerunt
2335 4464 2387 4519 G
2407 4507 2421 4521 .
2441 4468 2671 4534 sortasse
2694 4465 2793 4535 qui
2819 4465 2985 4521 hodie
3014 4466 3224 4522 bellum

621 4562 746 4601 cum
785 4548 1004 4601 mortuo
1040 4551 1246 4617 gerunt
1391 4554 1456 4602 18
1494 4547 1696 4617 gerant
1734 4544 1811 4598 M
1949 4551 2016 4598 21
2056 4561 2181 4599 cum
2216 4546 2429 4600 bellum
2468 4547 2740 4601 nefarium
2777 4548 2972 4601 contra
3006 4562 3130 4602 aras
3167 4549 3226 4604 et

3246 1018 3274 1059 5

3247 1555 3304 1595 10

3250 2089 3305 2130 15

3249 3162 3302 3202 25

620 4626 799 4693 focos,
854 4632 1050 4681 contra
1105 4630 1280 4683 vitam
1335 4628 1696 4696 fortunasque
1752 4627 1971 4680 nostras
2019 4625 2091 4679 ab
2138 4625 2362 4680 homine
2409 4627 2707 4697 profligato
2744 4641 2812 4682 ac
2856 4625 3075 4696 perdito
3114 4640 3257 4683 non‘

620 4706 957 4776 comparari,
994 4706 1093 4761 sed
1131 4705 1252 4777 geri
1288 4706 1402 4760 iam
1437 4707 1686 4762 viderem
1724 4704 1910 4760 Cicero
2055 4711 2121 4758 22
2162 4725 2272 4762 non
2311 4707 2548 4778 eogitari
2588 4707 2730 4761 PM
2759 4723 2871 4761 non
2908 4707 3226 4779 cogitaviG

693 4791 760 4839 26
798 4785 1121 4857 agitabatur
1157 4786 1460 4841 Sallustius
1604 4792 1672 4841 26
1702 4801 1873 4855 quam
1911 4784 2232 4841 benivolum
2274 4787 2481 4841 GPM
2514 4830 2527 4844 .
2566 4789 2630 4843 in
2664 4805 2729 4843 ea
2756 4792 2921 4859 parte
2956 4791 3226 4845 orationis

621 4882 757 4932 quae
792 4872 1033 4934 superest
1067 4868 1229 4922 verba
1265 4884 1379 4922 non
1413 4868 1670 4937 leyuntur
1741 4916 1748 4921 ,
