3613 5528
1110 423 1308 478 VELII
1346 423 1573 479 LONGI
1612 425 1708 479 DE
1748 424 2327 481 ORTHOGRAPHIA
2929 424 3013 487 47

416 534 457 571 p.
486 525 600 563 2213.
632 526 683 563 14
712 523 759 563 P.

417 609 525 669 hoc
563 626 590 668 s
628 616 689 669 et
728 617 751 670 t
788 611 1010 688 pariter
1048 610 1354 671 renuntiat
1390 609 1708 687 silentium.
1776 610 1879 671 sed
1920 613 1970 671 si
2007 610 2120 672 hoc
2158 617 2484 691 sectentur,
2523 606 2535 691 l
2574 612 2806 689 possint
2843 611 3021 669 etiam

413 715 722 794 plerasque
761 725 1156 777 consonantes
1193 724 1253 777 et
1291 735 1495 778 omnes
1534 717 1915 779 semivocales
1951 736 2062 798 pro
2101 716 2337 797 syllabis
2373 735 2616 798 ponere.
2690 735 2825 777 nam
2865 714 3018 796 apud

412 820 700 882 Lucilium
755 826 818 883 in
874 841 1058 905 nono,
1114 826 1172 884 in
1231 841 1347 902 quo
1404 822 1477 883 de
1533 823 1748 885 litteris
1808 823 2095 905 disputat,
2156 842 2361 884 omnes
2416 825 2606 885 vicem
2665 822 3021 902 syllabarum

409 927 672 1011 implent,
718 948 855 991 cum
903 929 1047 992 dicit

359 1047 384 1088 ⁵
645 1031 692 1114 †
728 1055 760 1096 a
809 1055 882 1097 re
932 1055 1069 1099 non
1115 1038 1412 1100 multum
1459 1037 1663 1100 abest
1706 1040 1838 1099 hoc
1886 1038 2456 1118 cacosyntheton
2502 1046 2716 1118 atque
2764 1038 3019 1099 canina

424 1138 437 1147 ”
680 1135 695 1148 ’
726 1145 785 1203 si
831 1144 1073 1225 lingua
1121 1145 1280 1208 dico
1327 1146 1511 1207 nihil
1558 1146 1640 1207 ad
1695 1163 1799 1206 me
1849 1163 2103 1206 nomen
2147 1145 2280 1205 hoc
2326 1143 2437 1204 illi
2485 1151 2623 1227 est,

410 1249 548 1308 item

591 1366 596 1372 “
645 1349 691 1432 †
729 1375 758 1417 s
805 1366 1136 1419 nostrum
1183 1367 1252 1420 et
1297 1362 1472 1420 semi
1517 1377 1774 1439 graece
1824 1358 2012 1438 quod
2060 1359 2367 1419 dicimus
2413 1360 2636 1437 sigma

724 1464 827 1525 nil
874 1468 1194 1527 errroris
1241 1466 1471 1527 habet.

332 1584 381 1622 ιο
408 1579 650 1651 apparet
679 1590 821 1651 ergo
859 1573 1005 1633 haec
1037 1573 1181 1634 nihil
1211 1572 1367 1634 aliud
1399 1573 1808 1653 quam'locum
1847 1556 2100 1652 syllabae
2140 1581 2344 1633 tenere
2383 1591 2495 1633 nec
2533 1580 2729 1634 tamen
2770 1571 3019 1652 syllabas

406 1696 553 1739 esse.
629 1697 748 1738 non
794 1698 936 1759 ergo
984 1679 1386 1740 accedendum
1434 1688 1526 1741 est
1572 1682 1644 1740 iis
1691 1682 1793 1758 qui
1841 1686 2053 1760 putant
2115 1681 2244 1740 sine
2301 1679 2486 1741 vocali
2542 1678 2818 1759 syllabam
2873 1684 3023 1752 fieri

400 1804 590 1861 posse,
637 1793 705 1846 ut
753 1788 929 1846 etiam
969 1786 1456 1864 significationem
1498 1789 1658 1847 vocis
1698 1788 1993 1866 terminet,
2042 1788 2320 1874 quoniam
2357 1793 2412 1846 st
2449 1787 2750 1847 silentium
2789 1785 3015 1846 denun-

407 1893 527 1951 tiet.
602 1899 663 1952 et
718 1900 947 1954 errant:
1004 1910 1137 1953 nam
1195 1901 1254 1953 et
1300 1911 1335 1952 x
1385 1893 1674 1972 significat
1730 1892 1950 1972 aliquid
2012 1886 2128 1975 (sic
2177 1895 2335 1953 enim
2380 1898 2644 1954 litteram
2691 1887 3019 1974 vocamus),

407 2016 598 2077 neque
646 1987 841 2059 tamen
889 1982 1026 2060 ideo
1073 1997 1305 2078 syllaba
1344 2006 1445 2059 aut
1500 1997 1646 2058 lexis
1693 2006 1801 2059 est.
1877 2006 1936 2058 et
1995 1998 2140 2059 haec
2197 2002 2323 2079 ipsa
2379 2007 2612 2061 constat
2667 2017 2738 2059 ex
2785 2018 2817 2059 c
2866 2006 2925 2059 et
2972 2018 3019 2080 s,

332 2095 379 2156 1'6
407 2123 515 2165 nec
561 2104 694 2165 ideo
741 2114 804 2167 et
846 2104 1005 2166 illam
1053 2107 1365 2184 quisquam
1414 2103 1691 2184 syllabam
1741 2104 1914 2180 dixit,
1962 2104 2066 2165 sed
2119 2104 2413 2184 duplicem
2453 2106 2725 2167 litteram.
2801 2104 3014 2166 deinde

406 2211 543 2289 quid
601 2212 759 2290 quod
807 2220 867 2273 et
912 2231 1086 2274 voces
1133 2230 1250 2272 non
1299 2211 1596 2291 scriptiles
1642 2210 1863 2272 babent
1919 2219 2113 2272 tamen
2174 2213 2689 2293 significationem,
2745 2214 3012 2290 quamvis

407 2318 586 2379 scribi
625 2338 742 2380 non
780 2315 1056 2400 possint?
1101 2337 1236 2380 nam
1276 2327 1338 2380 et
1373 2319 1694 2399 digitorum
1724 2338 1872 2380 sono
1900 2336 2122 2399 pueros
2150 2318 2223 2379 ad
2253 2318 2732 2400 respondendum
2772 2320 3016 2380 ciemuS.

578 2424 934 2506 Incipiamus
982 2445 1141 2487 nunc
1185 2426 1259 2487 de
1306 2426 1639 2487 litterarum
1683 2432 1978 2506 potestate
2017 2426 2331 2487 disserere.
2406 2445 2472 2487 ac
2510 2427 2771 2505 primum
2810 2426 3012 2486 eadem

405 2541 495 2592 est
540 2542 877 2595 nostrarum
924 2540 1186 2614 potestas
1233 2533 1538 2615 vocalium,
1587 2551 1736 2614 quae
1785 2534 1899 2594 suit
1945 2533 2306 2595 Graecorum
2345 2532 2499 2613 apud
2539 2534 2816 2612 antiquos
2855 2534 3013 2592 circa

330 2649 379 2687 ²⁰
405 2642 836 2719 correptionem
885 2641 1486 2722 productionemque,
1533 2641 1825 2719 siquidem
1873 2640 2026 2720 apud
2075 2640 2206 2701 illos
2253 2642 2517 2719 quinque
2566 2646 2796 2699 tantum
2844 2639 3012 2700 fuere
3111 2714 3119 2723 .

406 2746 657 2829 vocales,
703 2768 748 2807 α
794 2768 823 2808 ε
870 2771 893 2808 ι
942 2768 979 2808 o
1026 2770 1099 2828 v,
1154 2757 1330 2827 atque
1387 2746 1496 2807 hae
1544 2745 1816 2809 similiter
1869 2747 2354 2828 producebantur
2401 2744 3014 2828 corripiebanturque,

407 2856 559 2914 sicut
620 2854 915 2934 hodieque
974 2875 1016 2916 α
1072 2877 1095 2915 ι
1150 2876 1224 2935 v,
1292 2873 1442 2934 quae
1498 2853 1871 2934 appellantur
1935 2855 2090 2934 apud
2145 2854 2276 2944 illos
2330 2853 2569 2915 κοιναί.
2653 2862 2886 2936 postea,
2944 2862 3011 2914 ut
3128 2851 3132 2857 ’

580 3061 763 3117 Godeoe
798 3062 1095 3116 Parrhasii
1167 3066 1195 3113 1
1236 3062 1468 3130 possent
1611 3066 1643 3113 9
1681 3061 1785 3132 nil]
1824 3059 1969 3115 nihil
2117 3066 2183 3115 10
2219 3061 2435 3129 syllaba
2472 3079 2498 3114 s
2536 3075 2657 3114 esse
2786 3066 2851 3113 11
2891 3060 3012 3114 fieri

404 3210 562 3263 posse
598 3212 699 3251 om.
884 3202 950 3250 12
986 3195 1291 3251 terminent
1325 3192 1589 3263 quoniam
1619 3191 1905 3247 silentium
1942 3152 2295 3263 denuntignt:
2334 3194 2519 3249 littera
2556 3209 2586 3247 e
2613 3193 2806 3260 prima
2841 3209 3013 3278 many

404 3332 770 3400 superscripta
827 3356 833 3362 ·
952 3335 1017 3383 13
1055 3327 1304 3383 litteram
1342 3344 1443 3382 om.
1609 3333 1676 3381 14
1713 3329 1772 3381 et
1806 3326 1949 3380 haec
1986 3273 2159 3412 eljli'ain
2196 3328 2417 3382 constat
2452 3344 2518 3382 ex
2557 3284 2590 3397 ξ)
2626 3327 2685 3380 et
2722 3343 2748 3378 s
2787 3325 2869 3410 0:-
2891 3326 3014 3396 ipsa

401 3451 664 3505 super-ser.
693 3454 740 3503 c,
777 3437 1013 3491 litteram
1041 3452 1071 3489 c
1098 3450 1364 3504 super-sor.
1395 3450 1423 3488 c
1440 3437 1470 3470 *
1617 3440 1681 3499 16
1720 3432 2018 3503 scriptiles]
2059 3432 2343 3518 simplices
2491 3439 2556 3489 18
2599 3450 2665 3489 ac
2701 3416 2886 3504 primii.

403 3521 466 3571 21
505 3516 646 3572 haec
684 3515 942 3571 similiter

581 3709 607 3756 1
647 3703 743 3759 sed
781 3700 1001 3757 scilicet
1035 3701 1083 3756 si
1117 3702 1224 3757 hoc
1262 3703 1562 3773 sectentur,
1597 3702 1826 3772 possent
1859 3699 1917 3754 R
2096 3703 2128 3751 5
2175 3700 2240 3754 in
2273 3699 2489 3755 Lucilii
2523 3700 2768 3757 versibus
2803 3699 3013 3755 retinui

401 3788 712 3851 corruptam
748 3783 949 3837 codicis
982 3784 1331 3852 scripturam,
1360 3783 1519 3837 cuius
1546 3787 1693 3836 certa
1727 3779 2028 3835 emendatio
2061 3779 2288 3834 inventa
2321 3796 2436 3835 non
2472 3787 2563 3837 est.
2619 3799 2655 3835 a
2680 3798 2710 3834 r
2737 3795 2846 3848 pro
2883 3794 2919 3832 a
2948 3795 3009 3832 re

401 3865 625 3917 coniecit
669 3863 742 3917 F.
782 3864 1007 3919 Iunius.
1087 3865 1163 3916 At
1206 3879 1320 3917 non
1363 3862 1606 3916 multum
1652 3862 1775 3917 abit
1819 3860 1926 3914 hoc
1972 3860 2435 3929 cacosyntheton,
2481 3863 2652 3929 atque
2699 3860 2901 3914 canina
2950 3859 3008 3913 Si

400 3941 592 4012 lingua
627 3942 777 4010 dico,
816 3941 958 3996 nihil
996 3958 1058 3995 ar
1094 3958 1209 4009 me;
1246 3958 1452 3997 nomen
1488 3942 1594 3995 hoc
1630 3940 1717 3994 illi
1753 3943 1840 3995 est
1876 3941 1932 3994 I.
1971 3940 2168 3996 Dousa
2202 3939 2382 3994 Lucil.
2412 3945 2515 3993 sat.
2544 3941 2638 3995 rel.
2669 3956 2730 4008 p.
2761 3944 2848 4008 44,
2887 3957 2922 3993 a
2948 3956 3009 3993 re

401 4038 509 4076 non
553 4022 792 4076 multum
838 4022 1000 4076 abest
1044 4040 1094 4087 r;
1140 4021 1262 4075 Hoc
1305 4021 1763 4090 cacosyntheton,
1813 4021 1981 4088 atque
2033 4019 2234 4074 canina.
2281 4019 2330 4072 si
2379 4018 2486 4073 tibi
2532 4019 2728 4090 lingua
2766 4020 2815 4073 R.
2861 4020 3003 4085 dice,

401 4101 539 4155 nihil
584 4102 802 4157 adtinet
839 4102 911 4156 ad
946 4118 1065 4170 me,
1111 4117 1315 4156 nomen
1361 4099 1468 4154 hoc
1504 4099 1591 4153 illi
1628 4101 1713 4154 est
1750 4099 2045 4154 Cora-senus
2081 4099 2284 4152 Philol.
2321 4114 2368 4152 v.
2412 4098 2662 4152 XVIII
2687 4116 2747 4168 p.
2789 4105 2921 4168 726,
2959 4098 3010 4151 R

400 4182 726 4236 nonnullum
762 4181 937 4238 habet
971 4184 1079 4238 hoc
1108 4181 1564 4250 cacosyntheton3
1601 4182 1777 4248 utque
1812 4179 2011 4234 canina
2041 4178 2132 4233 Sic
2168 4178 2366 4247 lingua
2401 4177 2528 4233 dico
2567 4179 2733 4233 ‘nihil
2771 4196 2835 4234 ar
2870 4180 3008 4252 me':

404 4278 601 4317 nomen
637 4263 707 4316 ab
744 4262 852 4317 hoc
888 4265 975 4318 est
1008 4264 1099 4317 Illi
1135 4265 1201 4317 L.
1245 4262 1549 4317 Muellerus
1584 4260 1650 4313 de
1685 4276 1743 4314 re
1778 4265 1928 4314 metr.
1959 4265 2104 4329 poet.
2142 4261 2237 4316 lat.
2266 4277 2327 4328 p.
2360 4265 2466 4314 139
2496 4265 2546 4314 et
2571 4259 2752 4313 Lucil.
2783 4263 2886 4312 sat.
2917 4257 3012 4311 rel.

1405 4344 1445 4382 ri

395 4412 452 4462 p.
491 4400 564 4449 48
626 4461 633 4468 ,
706 4402 739 4451 6
777 4396 825 4450 si
859 4395 967 4450 tibi
1002 4397 1199 4467 lingna
1234 4396 1314 4464 R,
1353 4395 1400 4448 si
1436 4394 1631 4464 lingua
1666 4395 1833 4449 codex
1880 4394 2073 4447 Vrsini
2217 4400 2250 4447 8
2287 4410 2314 4447 s
2343 4394 2596 4447 nostrum
2635 4393 2804 4461 atque
2843 4391 3008 4447 semi-

404 4492 596 4543 graece
635 4474 708 4529 F.
747 4474 943 4529 Dousa
978 4475 1158 4530 Lucil.
1195 4481 1297 4530 sat.
1335 4476 1428 4530 rel.
1463 4493 1520 4544 p.
1559 4481 1690 4542 123,
1729 4493 1754 4527 s
1792 4476 2106 4529 nostrorum
2144 4474 2316 4529 etiam
2353 4490 2552 4545 graece
2594 4472 2900 4526 Mueller-as

406 4561 436 4607 9
472 4554 612 4608 nihil
639 4553 842 4609 erroris
871 4552 944 4622 R,
972 4553 1055 4607 nil
1082 4554 1281 4609 erroris
1310 4554 1505 4606 Dousa
1652 4561 1715 4609 11
1756 4555 2038 4624 syllabam
2066 4554 2283 4608 scilicet
2310 4569 2430 4609 esse
2467 4552 2523 4606 R
2666 4551 2786 4606 sine
2822 4553 3008 4607 vocali

406 4634 674 4703 syllabam
701 4635 767 4688 ut
793 4633 966 4688 etiam
986 4632 1447 4702 significationem
1469 4634 1622 4691 vocis
1648 4635 1973 4703 terminent,
1994 4634 2257 4703 quoniam
2286 4632 2571 4709 silentium
2599 4631 2936 4686 denuntient
2952 4631 3009 4684 R

525 4720 589 4768 13
628 4714 711 4768 sic
749 4714 896 4768 enim
933 4730 1193 4769 vocamus
1228 4713 1285 4768 R
1467 4721 1531 4769 15
1566 4716 1801 4782 fortasse
1836 4715 1936 4770 sed
1974 4714 2255 4784 duplicem
2290 4712 2542 4768 litteram
2578 4711 2834 4767 dicimus.
2872 4711 3009 4780 quid

403 4793 547 4861 quod
582 4799 677 4849 etc.
853 4801 917 4849 16
956 4810 1119 4849 voces
1153 4810 1265 4849 non
1305 4792 1586 4862 simplices
1623 4793 1835 4848 habent
1869 4793 1926 4846 R
2099 4801 2165 4849 18
2202 4811 2268 4849 ac
2304 4793 2484 4863 primo
2521 4793 2578 4847 R
2751 4800 2816 4848 19
2865 4811 3009 4862 quae

405 4878 530 4930 sunt
566 4875 905 4930 Graecorum
939 4875 996 4928 R
