3613 5528
595 447 726 512 524
1469 445 1839 517 [CORNELII
1874 445 2316 520 FRONTONIS]

592 559 636 596 p.
666 550 786 590 2196.
813 547 924 589 2197
950 548 999 590 P.

769 632 1062 695 Virtutem
1106 641 1166 694 et
1213 631 1622 694 fortitudinem
1668 641 1728 694 et
1772 635 2036 713 vigorem
2090 641 2152 693 et
2207 632 2576 696 velocitatem
2629 641 2689 695 et
2744 634 3191 695 vehementiam.

591 741 781 801 virtus
827 741 1130 801 hominum
1181 758 1476 801 summum
1525 740 1748 802 bonum
1793 749 1910 821 est,
1957 759 2107 820 quae
2156 743 2214 801 in
2263 742 2530 802 oratione
2569 749 2630 801 et
2676 743 2736 801 in
2776 760 2957 803 cursu
2993 750 3194 822 potest

589 847 802 910 videri:
869 847 1151 909 fortitudo
1206 850 1293 909 vis
1349 850 1617 928 corporis
1672 846 1744 908 ad
1801 847 2180 909 sustinendos
2238 846 2496 908 labores:
2559 849 2725 927 vigor
2778 850 2959 909 animi
3013 847 3194 910 habet

589 954 928 1016 elationem:
1008 954 1285 1016 velocitas
1341 954 1664 1035 corporalis
1728 954 2024 1037 celeritaS‚
2090 957 2258 1034 quasi
2329 952 2455 1013 velo
2520 955 2663 1015 cita:
2734 955 3103 1017 vehementia
3157 974 3192 1016 a

591 1062 644 1121 vi
691 1072 751 1122 et
796 1065 1022 1142 impetu
1067 1065 1300 1123 mentis
3248 1078 3277 1118 5

765 1166 1126 1229 Facultatem
1182 1178 1243 1230 et
1298 1168 1651 1230 facilitatem.
1744 1168 1992 1230 facultas
2058 1168 2398 1250 locupletia,
2464 1169 2710 1231 facilitas
2775 1171 3018 1230 artificis
3080 1180 3188 1230 est.

587 1275 786 1354 itaque
850 1275 1013 1336 dives
1078 1276 1415 1336 facultatem
1481 1274 1657 1337 habet
1712 1275 1893 1337 multa
1948 1275 2039 1336 vel
2104 1274 2340 1337 emendi
2401 1275 2490 1336 vel
2558 1275 2914 1358 redimendi,
2979 1277 3189 1338 artifex

586 1400 765 1461 opera
811 1381 1156 1463 perficiendi
1205 1365 1558 1443 facilitatem.

765 1488 952 1549 Silere
1009 1498 1069 1550 et
1125 1499 1336 1551 tacere.
1429 1489 1564 1550 silet
1619 1491 1791 1550 cuius
1849 1488 2150 1570 loquentis
2206 1508 2402 1550 sermo
2458 1493 2872 1571 comprimitur
2925 1490 2997 1553 ab
3061 1493 3188 1571 ipsa

587 1598 1012 1676 significatione
1059 1597 1289 1658 litterae
1338 1617 1394 1680 S,
1441 1606 1597 1659 tacet
1643 1599 1746 1677 qui
1793 1616 1867 1657 ne
1914 1596 2076 1677 loqui
2123 1597 2360 1676 quidem
2407 1588 2617 1677 coepit.
3219 1614 3273 1653 ιο

762 1703 1075 1784 ignoscere
1124 1713 1184 1765 et
1229 1704 1573 1765 concedere.
1666 1705 1920 1783 ignoscit
1966 1706 2067 1783 qui
2115 1704 2445 1766 dissimulat
2490 1724 2554 1765 se
2604 1724 2776 1765 nosse
2825 1706 2981 1785 quod
3029 1725 3185 1768 com-

586 1813 740 1891 perit
786 1821 846 1872 et
891 1813 971 1873 ita
1009 1811 1242 1872 silentio
1280 1821 1520 1892 peccata
1549 1808 1595 1890 †
1626 1812 1862 1886 feeerit,
1910 1812 2184 1873 concedit
2221 1813 2326 1892 qui
2362 1814 2557 1872 omnia
2595 1819 2835 1891 peccata
2874 1811 3184 1875 condonat.

761 1917 989 1979 Habere
1021 1927 1081 1979 et
1106 1918 1429 1999 possidere.
1494 1918 1712 1980 habere
1740 1920 2140 1999 potest·etiam
2169 1914 2217 1996 †
2247 1918 2344 1979 fur
2373 1936 2654 2000 nequam3
2693 1918 2956 1998 possidet
2993 1938 3187 2003 nemo,

584 2028 698 2086 nisi
753 2027 854 2105 qui
909 2035 1011 2087 aut
1069 2024 1307 2087 relictae
1367 2035 1469 2087 aut
1522 2026 1771 2087 donatae
1832 2027 1920 2086 rei
1985 2034 2087 2086 aut
2143 2033 2373 2104 emptae
2440 2024 2715 2086 dominus
2779 2034 2886 2087 est.
2986 2028 3065 2088 ita
3121 2029 3184 2088 in

583 2131 836 2193 habente
883 2150 1067 2215 onus,
1112 2134 1173 2193 in
1218 2131 1559 2213 possidente
1607 2150 1752 2193 usus
1802 2140 1908 2192 est.
3216 2147 3272 2186 15

759 2240 976 2300 Munus
1032 2248 1091 2300 et
1146 2238 1383 2299 donum.
1478 2257 1695 2301 munus
1752 2238 1908 2318 quod
1958 2240 2182 2299 amicus
2231 2238 2321 2298 v'el
2368 2237 2553 2299 cliens
2592 2239 2681 2299 vel
2720 2238 2968 2301 libertus
3004 2240 3183 2301 officii

582 2365 757 2407 causa
804 2350 1072 2428 mittunt,
1119 2344 1210 2406 vel
1261 2363 1475 2406 munus
1525 2344 1962 2427 gladiatorium3
2010 2344 2228 2406 donum
2278 2344 2433 2423 quod
2482 2345 2595 2405 diis
2642 2347 2844 2408 datur:
2889 2345 3027 2407 inde
3077 2346 3179 2408 ubi

581 2453 1110 2534 dona'pouuntur‚
1166 2453 1476 2512 donarium
1524 2451 1868 2532 appellatur.
1960 2460 2212 2532 possunt
2270 2459 2332 2512 et
2385 2450 2481 2511 illa
2539 2453 2721 2514 nihilo
2775 2455 2973 2514 minus
3030 2453 3183 2514 dona

575 2560 724 2642 dici,
779 2580 929 2640 quae
984 2560 1205 2620 donant
1259 2557 1621 2638 pauperihus
1677 2557 1888 2618 divites
1947 2557 2036 2619 vel
2091 2565 2366 2637 potentes
2413 2605 2426 2616 .
2476 2557 2619 2618 illud
2667 2577 2903 2639 quoque
2960 2559 3182 2621 donum

579 2667 906 2747 putandum
953 2675 1074 2745 est,
1123 2666 1278 2746 quod
1331 2663 1613 2726 militibus
1660 2664 1915 2725 donatur
1960 2666 2020 2724 in
2070 2666 2306 2746 castriS,
2354 2671 2420 2724 ut
2465 2664 2696 2726 vallaris
2742 2684 2976 2727 corona.
3210 2683 3269 2723 20

757 2775 979 2836 Noxam
1025 2784 1086 2836 et
1132 2776 1380 2834 noxiam.
1473 2790 1623 2832 noxa
1669 2790 1857 2852 poena
1906 2780 2025 2850 est,
2071 2773 2244 2832 noxia
2293 2771 2481 2851 culpa.

758 2881 1056 2942 Scientem
1111 2889 1171 2942 et
1225 2882 1456 2940 scitum.
1550 2880 1744 2939 sciens
1801 2880 1905 2958 qui
1965 2880 2104 2959 scit,
2161 2880 2348 2939 scitus
2394 2881 2499 2958 qui
2545 2882 2733 2941 scitur
2778 2880 2868 2941 vel
2917 2882 3180 2944 festivus

754 2990 1084 3049 Animantia
1132 2995 1191 3048 et
1237 2986 1522 3047 animalia.
1615 2987 1927 3046 animantia
1984 2987 2235 3046 animam
2293 2986 2542 3068 faciunt,
2602 2988 2869 3049 animalia
2926 2992 3181 3052 animam

576 3095 809 3156 habent.

752 3201 1109 3281 Abspulsum
1165 3210 1226 3293 et
1279 3200 1601 3280 repulsum.
1702 3198 2016 3279 abspulsus
2073 3208 2166 3260 est
2219 3198 2292 3259 ab
2348 3198 2542 3280 aliquo
2597 3196 2833 3283 pulsus,
2900 3202 3179 3284 repulsus
3206 3218 3262 3258 a

576 3318 737 3369 retro
784 3309 1009 3388 pulsus

753 3414 955 3476 Visum
1002 3423 1063 3476 et
1107 3416 1421 3475 visitatum.
1516 3415 1704 3474 visum
1752 3413 1962 3495 semel,
2011 3416 2304 3475 visitatum
2355 3418 2589 3497 saepius
2635 3417 2784 3476 scito
2832 3435 2980 3478 esse.
3021 3411 3034 3497 Ι

752 3524 973 3585 Metum
1039 3532 1098 3584 et
1161 3525 1434 3583 timorem
1500 3531 1561 3583 et
1625 3519 2000 3582 formidinem
2064 3530 2124 3582 et
2186 3540 2481 3602 pavorem.
2582 3532 2776 3584 metus
2833 3532 3028 3585 motus
3083 3533 3178 3584 est

575 3632 780 3711 animi,
828 3633 1004 3691 timor
1050 3638 1275 3710 tumor,
1332 3627 1581 3688 formido
1631 3627 1747 3689 fert
1790 3626 2095 3688 interdum
2149 3631 2466 3704 rationem,
2530 3648 2710 3709 pavor
2764 3630 3011 3710 puerilis
3065 3639 3173 3692 est.

749 3736 1034 3817 Reperire
1081 3744 1141 3796 et
1188 3737 1450 3796 invenire
1499 3781 1511 3793 .
1560 3736 1894 3813 reperimus
1943 3741 2172 3813 nostra,
2218 3736 2550 3797 invenimus
2596 3735 2799 3798 aliena.
3202 3754 3258 3793 so

749 3841 955 3904 Videte
1003 3853 1063 3904 et
1107 3842 1383 3903 videtote.
1477 3840 1667 3901 videte
1715 3842 1995 3922 imperat,
2042 3839 2299 3901 videtote
2344 3842 2597 3904 mandat.

747 3949 1062 4030 Proprium
1111 3958 1171 4010 et
1215 3950 1523 4030 privatum.
1616 3948 1924 4027 proprium
1973 3948 2263 4026 cuiusque
2319 3952 2654 4032 proprium,
2711 3952 3006 4030 privatum
3054 3969 3172 4015 non

569 4056 891 4138 publicum.

745 4248 779 4297 2
816 4236 1130 4309 hominum]
1167 4235 1408 4292 hominis
1445 4251 1479 4293 5
1623 4250 1768 4303 qnae
1806 4235 1867 4288 et
1900 4231 1959 4286 in
1999 4234 2252 4289 oratione
2280 4236 2587 4291 Fabricius
2727 4243 2760 4292 3
2800 4236 2960 4308 uigor
2995 4236 3169 4294 animi

567 4322 740 4377 habet
776 4321 1081 4376 elationem
1117 4335 1151 4378 5
1187 4319 1348 4390 uigos
1397 4317 1456 4372 ui
1502 4316 1562 4369 et
1609 4314 1853 4370 elatione
1897 4319 1960 4367 ut
2003 4316 2289 4370 videbatur
2335 4315 2402 4369 N
2431 4356 2446 4371 .
2481 4316 2714 4383 fortasse
2749 4316 2911 4387 vigor
2946 4336 2981 4373 a
3019 4320 3078 4374 vi
3113 4325 3172 4377 et

568 4402 809 4457 elatione
954 4408 988 4455 4
1023 4397 1184 4468 quasi
1219 4397 1465 4453 uelocita
1492 4412 1526 4455 5
1553 4394 1714 4464 quasi
1739 4393 2014 4449 uelocitas
2043 4394 2110 4448 N
2245 4395 2590 4450 uehimentia
2614 4395 2682 4450 N
2821 4402 2887 4451 10
2914 4414 2986 4452 ne
3013 4397 3171 4467 loqui

569 4481 887 4546 Fabricius,
924 4497 1028 4536 nee
1065 4480 1219 4549 loqui
1253 4480 1320 4534 N
1332 4494 1366 4536 5
1530 4483 1597 4533 12
1635 4477 1870 4546 peccata
1906 4473 2182 4545 impunita
2218 4475 2412 4531 fecerit
2448 4491 2480 4534 5
2628 4482 2692 4530 13
2732 4476 2821 4531 fur
2854 4494 3096 4548 nequam
3135 4494 3170 4537 5

565 4571 718 4662 forma
752 4622 922 4674 quam
959 4604 1026 4658 N
1053 4604 1143 4659 fur
1179 4606 1237 4660 et
1270 4619 1512 4673 nequam
1551 4601 1854 4657 Fabricius
1997 4606 2063 4654 14
2101 4603 2201 4656 aut
2234 4602 2572 4656 testamento
2609 4600 2839 4657 relictae
2871 4601 3170 4658 Putachius

674 4690 739 4739 15
775 4685 934 4757 usus]
985 4684 1070 4739 ins
1110 4684 1414 4739 Fabricius
1581 4688 1650 4736 20
1688 4678 1919 4734 uallatis
1956 4694 1990 4737 5
2025 4679 2230 4734 uallari
2266 4679 2333 4733 N
2493 4686 2563 4734 23
2601 4680 2912 4738 animantia
2948 4683 3168 4738 animus

566 4765 701 4820 facit
739 4781 773 4822 5
931 4770 1000 4819 25
1038 4764 1376 4835 Abspulsum
1417 4794 1481 4804 -
1519 4765 1669 4817 retro
1705 4760 1901 4830 pulsus
1942 4765 2067 4829 post
2101 4764 2180 4815 27
2217 4759 2359 4815 scito
2406 4777 2525 4816 esse
2572 4763 2833 4817 collocata
2867 4767 2999 4817 sunt
3032 4763 3097 4817 iu
3133 4778 3169 4820 5

653 4845 726 4898 ab
763 4844 955 4914 aliquo
992 4843 1309 4911 Fabricius,
1347 4860 1383 4898 a
1419 4860 1529 4913 quo
1564 4843 1633 4897 N
1640 4857 1674 4899 5
1819 4845 1887 4894 27
1918 4840 2060 4894 seito
2089 4855 2124 4898 5
2151 4840 2267 4894 scio
2292 4840 2361 4894 N
2496 4846 2565 4897 29
2593 4840 2763 4895 timor
2791 4841 2952 4909 qnasi
2979 4843 3170 4898 tumor

564 4922 867 4979 Fabricius
1009 4930 1077 4979 30
1113 4923 1415 4995 Repperire
1452 4923 1519 4976 N
1654 4918 2000 4992 repperimus
2036 4919 2105 4974 N
