3613 5528
606 410 691 473 26
1342 448 1352 457 .
1584 407 1937 463 TERENTII
1974 408 2239 463 SCAVRI

606 522 650 558 p.
680 511 787 550 2260
813 510 862 549 P.

604 603 746 656 sunt
791 602 1096 674 quattuor,
1141 593 1162 654 l
1207 612 1267 654 m
1314 612 1352 654 n
1400 586 1487 674 r),
1543 596 1756 654 amissa
1817 593 2134 653 novissima
2182 595 2276 654 sui
2323 603 2490 674 parte
2538 596 2844 672 sequentis
2890 595 3055 656 verbi
3101 598 3219 676 pri-

607 720 762 762 mam
825 702 1079 764 litteram
1140 702 1467 781 geminant,
1529 708 1597 761 ut
1657 701 1823 780 rapio
1886 702 2105 780 arripio
2166 708 2228 761 et
2287 701 2545 780 corripio
2606 709 2667 761 et
2723 703 3000 781 surripio,
3074 704 3217 764 item

607 828 866 890 accerso,
913 810 1179 889 quamvis
1224 807 1323 869 alii
1369 826 1607 867 arcesso
1655 808 1856 868 dicant
1903 825 2020 867 non
2067 809 2194 867 sine
2243 810 2490 889 ratione,
2539 807 2697 887 quod
2746 811 2924 870 etiam
2969 811 3031 871 in
3079 829 3112 871 r
3156 813 3218 871 in

604 918 733 977 eius
782 917 941 977 modi
988 914 1517 997 compositionibus
1563 915 1600 975 d
1650 914 1847 975 littera
1897 916 2127 996 transit,
2174 934 2288 995 qua
2336 915 2407 975 ad
2454 917 2815 996 praepositio
2863 917 3094 997 finitur,
3150 926 3216 978 ut

602 1026 838 1104 arripio.
913 1024 1016 1085 sed
1063 1023 1300 1104 quidam
1349 1023 1742 1085 differentiam
1790 1040 1922 1083 esse
1971 1022 2304 1105 voluerunt,
2351 1030 2419 1083 ut
2464 1041 2702 1084 arcesso
2742 1024 2981 1102 quidem
3027 1024 3099 1084 ab
3146 1044 3217 1085 eo
3248 1038 3274 1076 ⁵

603 1130 783 1191 verbo
832 1138 1009 1212 esset,
1056 1130 1212 1209 quod
1261 1140 1353 1193 est
1400 1148 1592 1203 arce0,
1639 1148 1882 1189 accerso
1921 1147 2061 1188 vero
2100 1128 2172 1188 ab
2213 1146 2282 1187 eo
2324 1129 2479 1207 quod
2520 1138 2611 1191 est
2648 1134 2827 1193 accio.
2886 1132 2989 1192 sed
3029 1131 3219 1213 nobiS,

606 1248 930 1317 utcumque
979 1236 1381 1313 scribendum,
1429 1238 1498 1298 ad
1547 1237 1794 1298 eandem
1836 1237 2321 1316 significationem
2367 1235 2643 1299 videntur
2685 1240 3004 1318 pertinere.
3061 1241 3218 1300 simi-

607 1345 744 1405 liter
790 1344 952 1425 lege,
1000 1343 1171 1423 alligo
1220 1344 1430 1424 colligo
1478 1343 1712 1424 pelligo,
1761 1351 1829 1404 ut
1874 1361 2081 1404 omnes
2129 1346 2356 1423 antiqui
2402 1345 2707 1406 dixerunt:
2755 1345 2912 1406 unde
2961 1353 3020 1406 et
3066 1347 3219 1426 apud

604 1450 924 1531 Vergilium
963 1450 1279 1530 legendum
1318 1447 1793 1532 ‘pelligerent
1832 1446 2128 1533 oculis-,⁹
2176 1469 2294 1512 non
2334 1447 2792 1532 ‘perlegerent’
2857 1455 3001 1515 item
3040 1461 3221 1536 muto,

605 1565 903 1619 commuto
964 1577 1072 1638 per
1128 1558 1245 1620 duo
1310 1578 1366 1619 m
1424 1568 1484 1620 et
1539 1560 1786 1619 immuto
1844 1566 1904 1619 et
1963 1560 2231 1619 imminet
2289 1557 2378 1636 [et
2421 1558 2686 1640 impius}
2763 1561 2822 1620 in
2880 1559 2973 1620 his
3019 1570 3216 1622 autem
3248 1572 3299 1609 10

607 1672 803 1726 servat
846 1660 1205 1745 praepositio
1240 1666 1500 1747 litteram
1555 1683 1739 1747 suam,
1788 1663 1910 1742 [ut]
1951 1664 2398 1726 innumerabilis
2436 1673 2495 1727 et
2533 1668 2780 1746 innupta
2819 1675 2880 1727 et
2915 1670 3220 1750 innocens,

607 1774 885 1852 quoniam
932 1776 1241 1853 sequentia
1287 1773 1464 1834 verba
1512 1773 1584 1834 ab
1623 1773 1827 1833 eadem
1869 1771 2062 1833 littera
2100 1774 2409 1854 incipiunt.
2483 1777 2545 1834 in
2584 1775 3033 1837 semivocalibus
3071 1794 3214 1856 quo-

607 1898 723 1960 que
770 1881 1071 1959 geminant
1115 1882 1588 1959 praepositiones
1635 1881 1886 1958 primam
1942 1882 2248 1957 sequentis
2303 1879 2468 1941 verbi
2524 1880 2806 1964 litteram,
2869 1892 2937 1943 ut
2991 1884 3220 1965 effatuS,

607 2005 724 2046 non
765 1987 995 2048 exsatus
1033 2006 1144 2047 nec
1181 1987 1428 2067 ecfatuS,
1474 1994 1543 2047 ut
1578 1984 1818 2066 quidam
1854 1991 2234 2068 putaverunt,
2281 1996 2339 2047 ct
2376 1988 2694 2050 effervens:
2739 1992 2881 2051 item
2922 1992 2981 2051 in
3021 1992 3220 2071 mutiS,

607 2102 673 2153 ut
729 2093 925 2156 attulit
979 2113 1089 2174 per
1135 2103 1160 2155 t
1205 2102 1267 2155 et
1320 2096 1513 2174 attigit
1567 2102 1629 2155 et
1682 2094 1939 2154 attinuit.
2014 2094 2073 2154 in
2136 2093 2387 2155 contulit
2447 2103 2639 2157 tamen
2699 2115 2816 2159 non
2876 2105 3064 2160 mutat
3110 2116 3220 2158 nec
3252 2104 3301 2145 ¹⁵

790 2274 856 2321 14
894 2268 1031 2322 item
1067 2267 1125 2322 in
1163 2267 1335 2322 mutis
1362 2285 1425 2337 Ρ.
1464 2271 1553 2333 13,
1589 2271 1659 2322 14

792 2437 816 2482 1
859 2428 1089 2501 amissa]
1140 2429 1311 2484 missa
1346 2428 1515 2482 ΒΡω
1698 2433 1728 2479 2
1777 2424 2169 2496 geminandam
2219 2427 2282 2480 ut
2327 2427 2487 2497 rapio
2531 2430 2699 2484 ΒΡω
2880 2430 3120 2501 corripio
3167 2433 3226 2487 et

608 2509 848 2579 surripio
887 2530 928 2563 ω
968 2508 1207 2579 corripio
1247 2512 1305 2563 et
1341 2507 1592 2578 subripio
1628 2507 1685 2559 Β
1723 2504 1961 2574 corripio
2000 2504 2240 2574 surripio
2278 2506 2334 2558 P
2537 2514 2569 2562 3
2618 2511 2769 2578 quod
2814 2510 2984 2565 etiam
3033 2511 3091 2565 in
3130 2527 3223 2567 ,er.

610 2588 747 2656 (etia
783 2609 840 2644 m
877 2608 906 2643 r
943 2590 1000 2643 P
1027 2589 1200 2644 etiam
1235 2608 1264 2643 r
1301 2592 1368 2656 ω)
1412 2589 1471 2643 in
1520 2587 1795 2642 eiusmodi
1842 2584 2340 2656 compositionibus
2385 2585 2446 2641 in
2492 2588 2563 2643 do
2609 2589 2688 2657 (in
2725 2590 2762 2644 d
2800 2591 2927 2659 Pm)
2962 2589 3227 2644 retra-nsit

614 2669 765 2738 quod
803 2671 861 2724 et
896 2670 1204 2740 propositio
1240 2670 1433 2725 finitur
1468 2669 1670 2723 ΒΡω·
1714 2669 1783 2736 cf.
1827 2668 1937 2723 Vel.
1974 2668 2146 2736 Lony.
2175 2682 2237 2734 Ρ.
2275 2670 2438 2722 2232
2477 2667 2514 2721 (1
2550 2668 2698 2723 enim
2737 2688 2848 2726 non
2884 2669 3066 2724 minus
3103 2669 3162 2723 in
3198 2688 3226 2723 r

609 2748 860 2805 litteram
895 2749 1100 2805 transit
1134 2768 1305 2821 quam
1341 2750 1401 2805 in
1437 2769 1484 2819 c,
1522 2769 1649 2806 cum
1686 2749 1812 2806 dico
1841 2751 1899 2805 et
1935 2747 2139 2804 accedo
2176 2748 2236 2801 et
2271 2749 2650 2820 accommodo,
2688 2769 2856 2822 quam
2893 2749 3044 2820 apud
3081 2747 3225 2804 anti-

609 2847 750 2898 quos
788 2829 845 2885 in
885 2848 1139 2899 arvoree,
1177 2832 1237 2886 in
1273 2831 1583 2887 arvorsario
1727 2837 1760 2885 4
1798 2833 1863 2885 ut
1897 2830 1955 2884 in
1992 2826 2201 2898 arripio
2241 2825 2348 2880 Ρω
2512 2835 2543 2883 5
2583 2832 2682 2885 sed
2721 2832 2948 2902 quidam
2984 2831 3090 2883 Pm
3129 2830 3226 2883 sed

609 2909 750 2978 qui.
781 2912 1040 2967 ‚duabus
1068 2913 1264 2968 litteris
1290 2914 1475 2968 deletis
1500 2913 1556 2966 Β
1720 2914 1784 2966 ut
1811 2926 2030 2966 accesso
2060 2927 2198 2965 corr.
2226 2910 2293 2963 ut
2319 2925 2539 2966 arcesso
2566 2912 2622 2965 Β
2749 2919 2782 2967 6
2812 2912 2982 2983 esset]
3015 2927 3138 2966 esse
3170 2910 3226 2963 Β

748 3007 911 3046 arceo
951 2991 1100 3046 Pbm
1139 2991 1290 3047 arcio
1326 2992 1382 3046 B
1570 3008 1791 3047 accerso
1839 3008 1971 3045 uero
2016 2990 2087 3045 ab
2144 3006 2210 3045 eo
2248 2990 2400 3058 quod
2438 2993 2526 3045 est
2562 2991 2714 3048 accio
2753 3013 2795 3047 ω
2834 3009 3054 3049 accerso
3093 3007 3226 3047 uero

610 3070 760 3138 quod
798 3074 887 3126 est
921 3071 1008 3127 cio
1034 3072 1089 3126 Β
1127 3089 1351 3129 accerso
1390 3090 1523 3127 uero
1560 3072 1633 3128 ab
1667 3089 1733 3127 eo
1763 3070 1914 3140 quod
1950 3072 2038 3126 est
2071 3069 2205 3139 pigo
2234 3069 2297 3126 P.
2338 3068 2494 3125 accio
2532 3076 2756 3126 tuentur
2785 3073 2971 3127 Velius
2999 3070 3227 3141 Lonyus

609 3151 643 3204 Ζ.
683 3166 725 3205 c.
766 3154 825 3206 et
858 3152 918 3206 in
955 3169 1021 3207 eo
1060 3154 1211 3222 quod
1249 3155 1334 3209 est
1369 3170 1586 3209 arcesso
1625 3155 1683 3207 et
1726 3168 1951 3207 accerso
1998 3151 2342 3220 putaverunt
2387 3151 2618 3220 quidam
2669 3151 3038 3208 differentiam
3086 3168 3223 3218 esse,

608 3232 674 3284 ut
720 3247 939 3286 accerso
978 3231 1054 3286 sit
1097 3248 1263 3300 voco,
1310 3235 1555 3289 tractum
1591 3235 1664 3288 ab
1713 3230 2005 3296 sociando,
2053 3245 2272 3285 arcesso
2308 3248 2442 3286 vero
2477 3250 2828 3302 summoveO,
2874 3231 2945 3286 ab
2983 3231 3223 3286 arcendo

608 3313 875 3378 tractum,
913 3316 963 3364 ct
1003 3311 1334 3366 Priscianus
1370 3313 1406 3367 l.
1446 3313 1489 3366 Ι
1515 3331 1576 3381 Ρ.
1615 3319 1706 3381 35,
1745 3319 1779 3367 5
1817 3305 1963 3367 mide
2002 3311 2316 3366 ostenditur
2353 3315 2504 3368 recte
2542 3330 2761 3369 arcesso
2801 3312 2914 3367 dici
2959 3311 3032 3366 ab
3069 3309 3223 3366 arcio

608 3389 806 3455 verbo,
844 3391 992 3459 quod
1031 3409 1177 3446 nunc
1214 3392 1370 3446 accio
1408 3392 1676 3460 dicimus,
1713 3393 1863 3461 quod
1900 3395 1986 3447 est
2023 3408 2090 3446 ex
2125 3390 2199 3445 ad
2237 3393 2294 3445 et
2332 3390 2419 3446 cio
2460 3392 2829 3461 compositum
2995 3398 3024 3446 ’1
3065 3390 3223 3446 simi-

607 3468 737 3524 liter
774 3471 891 3540 ligo
928 3470 1102 3541 alligo
1130 3470 1240 3524 Bm
1279 3470 1537 3526 similiter
1573 3472 1690 3541 ligo
1728 3470 1918 3541 adligo
1947 3471 2012 3525 P.
2051 3469 2225 3539 alligo
2262 3488 2298 3524 a
2335 3471 2554 3540 leycndo
2591 3473 2797 3527 dictum
2825 3477 3008 3526 tuctur
3038 3471 3226 3525 Velius

606 3549 833 3619 Longus
869 3568 929 3619 Ρ.
976 3556 1155 3620 2225,
1202 3553 1301 3606 ubi
1336 3551 1597 3634 elligere,
1642 3568 1756 3606 non
1798 3551 2044 3621 allegere
2080 3550 2346 3618 scriptum
2380 3555 2457 3605 cst
2501 3553 2565 3606 in
2610 3552 2805 3606 codice.
2868 3552 3226 3620 orthoyraphi

612 3630 928 3687 Cas-sicciori
956 3648 1015 3701 Ρ.
1046 3637 1223 3699 2285,
1259 3640 1436 3700 2293,
1471 3639 1642 3699 2318,
1679 3633 1777 3701 qui
1812 3630 1985 3701 alligo
2024 3632 2088 3684 in
2108 3632 2367 3700 exemplo
2394 3638 2644 3700 ponunt,
2683 3637 2870 3687 utrum
2905 3634 2966 3687 id
3004 3632 3072 3687 ab
3101 3633 3224 3687 aui-

607 3712 782 3782 qmdo
830 3728 908 3766 an
952 3711 1021 3765 ab
1069 3710 1353 3779 alligando
1398 3729 1505 3768 csse
1537 3714 1812 3767 voluerint
1845 3728 1960 3766 non
1996 3716 2206 3766 constat
2423 3716 2455 3765 8
2493 3711 2702 3780 pelligo
2738 3712 2862 3766 BP
2900 3712 3125 3782 pellego
3164 3732 3225 3765 ω.

607 3791 831 3860 pellego
866 3807 969 3860 pro
1006 3788 1239 3860 perlego
1276 3791 1601 3848 Priscianus
1637 3794 1672 3847 Ζ.
1713 3793 1797 3844 ΙΙ
1824 3809 1886 3861 Ρ.
1924 3797 2014 3858 50,
2036 3797 2087 3846 6
2249 3789 2509 3844 dixerunt
2545 3808 2658 3846 non
2695 3792 3041 3862 perlegerem
3079 3795 3226 3861 (per-

609 3870 796 3940 legere
835 3871 974 3938 ωΡ)
1011 3869 1158 3925 unde
1195 3873 1254 3924 et
1290 3871 1459 3940 (unde
1495 3891 1532 3942 p
1570 3875 1650 3940 et,
1687 3874 1780 3927 scd
1816 3872 1983 3926 deleto
2019 3889 2057 3941 p
2093 3871 2171 3941 Β)
2209 3871 2362 3940 apud
2391 3870 2693 3940 uei-gilium
2729 3871 3027 3942 legendum
3063 3873 3226 3943 pelli·

609 3951 809 4020 gerent
854 3948 1206 4018 (pellicerent
1251 3970 1293 4004 ω
1338 3952 1685 4021 pellegerent
1720 3953 2034 4022 Putschius)
2080 3951 2256 4006 oculis
2304 3951 2441 4006 item
2480 3952 2666 4008 ΒΡω.
2707 3954 3027 4023 transposui
3062 3954 3227 4007 verba

609 4033 674 4086 in
709 4031 985 4085 codicibus
1022 4034 1285 4098 corrupta
1321 4037 1370 4085 et
1407 4032 1585 4086 alieno
1622 4033 1735 4090 loco
1765 4035 1980 4105 posita,
2031 4049 2142 4087 non
2178 4030 2548 4102 perlegerent.
2604 4050 2934 4103 quamquam
2978 4032 3230 4087 dubitari

601 4115 781 4181 potest
825 4127 903 4165 cm
947 4110 1332 4178 interpolatori
1361 4113 1549 4179 potius
1584 4129 1748 4183 quam
1782 4115 1949 4168 veteri
1982 4112 2338 4183 yrammatico
2375 4113 2669 4168 tribuenda
2704 4115 2819 4168 sint
2998 4117 3029 4165 9
3066 4110 3227 4180 pelli-

610 4191 834 4262 gerent]
886 4190 1039 4258 Verq.
1079 4191 1217 4245 Aen.
1269 4191 1359 4244 VI
1393 4197 1467 4246 34
1619 4195 1775 4249 muto
1814 4195 2098 4249 commuto
2134 4190 2245 4244 Βω
2283 4191 2449 4247 mitto
2487 4193 2780 4249 committo
2819 4192 2875 4246 P
3023 4197 3089 4246 10
3124 4190 3228 4243 im-

610 4327 767 4381 muto
814 4327 874 4379 et
915 4323 1174 4379 imminet
1220 4327 1279 4380 et
1324 4326 1530 4397 impius
1575 4328 1633 4382 in
1669 4329 1759 4384 his
1798 4349 1841 4382 ω
1897 4286 2113 4381 ἱιῗῐιηυῑο
2153 4328 2229 4394 (m
2267 4343 2531 4396 superscr.
2572 4329 2624 4397 b)
2662 4326 2919 4381 imminet
2953 4324 3012 4379 in
3049 4323 3137 4379 his
3172 4323 3229 4375 Β

611 4406 859 4461 immitto
897 4408 954 4460 et
988 4403 1252 4460 imminet
1287 4409 1345 4461 et
1380 4407 1585 4478 impius
1621 4408 1680 4464 in
1718 4408 1828 4464 hiis
1864 4408 1920 4461 P
2077 4414 2140 4461 11
2182 4409 2248 4461 nt
2282 4404 2629 4462 inmutabilis
2667 4410 2725 4462 et
2759 4406 2942 4462 inuita
2979 4409 3037 4461 et
3070 4406 3227 4461 inno-

612 4503 742 4541 cens
776 4486 833 4538 Β
870 4488 936 4539 ut
972 4486 1185 4541 innuba
1221 4489 1280 4542 et
1315 4487 1497 4543 inuita
1533 4492 1593 4544 et
1628 4489 1895 4544 innocens
1933 4489 2049 4541 mP
2195 4492 2258 4542 12
2296 4486 2380 4559 in]
2419 4488 2491 4542 Et
2516 4489 2641 4542 BP
2660 4488 2745 4542 Ex
2773 4510 2816 4543 ω
2966 4494 3030 4543 13
3068 4505 3230 4557 prae-

608 4566 915 4636 positiones
945 4586 988 4619 ω
1026 4567 1456 4637 praepositionis
1487 4569 1542 4623 P
1570 4567 2078 4639 praepositionibus
2105 4569 2161 4623 B
2305 4567 2485 4640 verbi]
2516 4567 2703 4624 uerbis
2737 4569 2793 4622 P
2931 4572 2997 4624 ut
3033 4568 3230 4625 effatus

610 4664 721 4701 non
758 4645 975 4701 exfatus
1013 4666 1056 4700 ω
1094 4649 1159 4702 ut
1195 4648 1397 4703 effatus
1434 4665 1544 4702 non
1582 4652 1646 4703 ut
1682 4649 1901 4704 exfatus
1936 4651 2062 4703 BP
2250 4655 2316 4703 14
2352 4665 2457 4703 nec
2495 4647 2728 4704 ecffatus
2766 4649 2822 4702 P
3007 4650 3066 4703 et
3102 4655 3231 4704 ante

613 4725 880 4782 effervens
917 4742 1017 4783 om.
1054 4730 1110 4782 Β
1127 4729 1228 4782 Ρω
1399 4728 1540 4783 item
1575 4726 1635 4781 in
1673 4728 1844 4783 mutis
1880 4730 1935 4782 B
1971 4730 2110 4785 item
2147 4730 2320 4785 mutis
2360 4749 2402 4783 ω
2440 4728 2580 4784 item
2617 4728 2799 4784 mittis
2838 4729 2895 4782 P
3059 4734 3124 4783 15
3163 4731 3227 4783 ut

613 4822 713 4860 om.
752 4806 927 4861 ΒΡω
1072 4806 1267 4863 attulit
1303 4823 1403 4876 per
1438 4809 1465 4861 t
1501 4810 1561 4861 et
1595 4807 1790 4862 attulit
1826 4812 1887 4862 et
1920 4810 2115 4880 attigit
2151 4811 2209 4864 et
2246 4806 2477 4864 attinuit
2511 4806 2567 4860 B
2726 4824 2839 4862 non
2876 4810 3063 4862 mutat
3099 4829 3142 4862 ω
3181 4814 3231 4864 ct

614 4887 830 4942 duabus
866 4888 1062 4943 litteris
1098 4894 1226 4943 ante
1261 4888 1447 4942 mutat
1482 4888 1669 4942 deletis
1705 4887 1776 4955 B,
1813 4904 1924 4942 non
1962 4889 2158 4945 mittat
2194 4889 2251 4942 P
