3613 5528
654 437 786 502 312
1307 429 1313 434 ’
1525 434 1775 490 ALBINI
1815 433 2393 490 ORTHOGRAPHIA

650 550 692 586 p.
722 537 940 580 new—50
965 538 1016 576 P.

651 633 743 685 est
780 623 946 702 quasi
985 619 1191 681 valide.
1258 619 1485 701 Vellus,
1524 622 1575 679 si
1612 619 1805 680 lanam
1846 620 2165 701 significat,
2200 637 2310 698 per
2339 638 2399 699 v;
2438 619 2489 677 si
2525 615 2734 699 belluS,
2771 616 2831 677 id
2871 624 2964 676 est
2999 614 3268 696 pulcher,

648 739 759 800 per
804 719 843 780 b
889 718 1189 780 scribitur.
1280 716 1396 778 Ver
1442 726 1505 778 et
1549 719 1639 778 vir
1684 736 1874 797 per,v
1921 715 2232 777 scribenda
2281 725 2439 777 sunt.
2522 714 2627 776 Vel
2672 716 2723 776 si
2769 716 3111 774 coniunctio
3159 723 3268 788 est,

649 837 757 898 per
803 837 864 899 νς
921 818 970 877 si
1024 816 1336 877 humorem
1396 816 1711 895 significat,
1766 833 1877 894 per
1932 815 1983 896 ἲς
2040 817 2091 875 si
2145 812 2396 895 idolum,
2451 832 2559 893 per
2615 812 2653 874 b
2712 810 3094 873 scribendum
3158 814 3272 872 esti

626 916 798 998 ‘VoS,
844 918 896 976 si
951 931 1281 995 pronomen
1329 911 1825 994 monosyllabum,
1878 930 1987 992 per
2031 931 2093 994 v;
2152 914 2202 972 si
2249 909 2598 990 disyllabum
2647 912 2788 992 erit,
2843 912 3010 990 prior
3049 906 3266 989 syllaba

650 1014 723 1076 ab
781 1033 840 1096 v,
897 1030 1155 1092 sequens
1212 1029 1242 1071 a
1290 1009 1328 1070 b
1383 1012 1620 1092 incipit,
1675 1019 1743 1071 ut
1796 1009 1991 1070 vobis:
2049 1011 2099 1069 si
2155 1007 2369 1068 animal
2425 1010 2739 1090 siguificat,
2797 1007 3266 1088 monosyllabum
3324 1022 3348 1061 ⁵

648 1132 758 1193 per
796 1112 863 1194 b3
910 1114 961 1173 si
999 1108 1375 1191 disyllabum,
1421 1111 1590 1188 prior
1626 1107 1844 1188 syllaba
1883 1127 1914 1167 a
1953 1106 2019 1189 b,
2066 1123 2325 1185 sequens
2364 1104 2436 1166 ab
2474 1125 2508 1166 v
2554 1108 2789 1187 incipit,
2836 1113 2902 1166 ut
2947 1104 3054 1165 bos
3101 1104 3270 1167 bovis

652 1210 788 1272 bovi
831 1209 979 1270 bove
1027 1208 1137 1269 bos
1184 1227 1217 1268 a
1262 1207 1428 1269 bove.
1520 1205 1740 1288 Verba,
1795 1207 1962 1286 prior
2007 1203 2223 1285 syllaba
2270 1203 2343 1264 ab
2390 1223 2443 1286 v,
2497 1205 2797 1285 posterior
2841 1222 2873 1264 a
2922 1202 2961 1264 b
3007 1206 3268 1284 incipiat.

653 1309 918 1370 Vlciscor
956 1307 1119 1368 ultus
1157 1324 1290 1367 sum
1341 1306 1496 1365 facit.
1579 1303 1723 1364 Volo
1771 1302 1931 1363 volas
1976 1321 2009 1363 a
2059 1302 2330 1384 volando,
2378 1301 2507 1362 volo
2546 1304 2634 1362 vis
2671 1320 2703 1361 a
2743 1301 3061 1381 voluntate,
3109 1302 3268 1382 quod

652 1409 1063 1487 imperativum
1121 1401 1468 1465 naturaliter
1525 1420 1644 1463 non
1700 1400 1905 1481 habet,
1961 1402 2098 1480 quia
2155 1402 2440 1479 imperata
2499 1401 2873 1461 necessitatis
2925 1407 3091 1480 sunt,
3149 1417 3268 1460 non

654 1503 991 1566 voluntatis
1080 1500 1181 1561 Vis
1228 1500 1527 1579 duplicem
1575 1500 2065 1580 significationem
2111 1496 2315 1577 babet,
2374 1506 2435 1559 et
2479 1499 2717 1558 virtutis
2764 1495 3061 1576 videlicet,
3108 1498 3266 1576 quod
3298 1511 3350 1549 ιο

651 1621 862 1682 graece
911 1594 1194 1678 δύναμις
1240 1597 1477 1678 dicitur,
1533 1606 1594 1657 et
1647 1597 1988 1676 violentiae,
2051 1594 2209 1675 quod
2264 1613 2476 1675 graece
2522 1594 2638 1675 βία
2682 1602 2945 1655 vocatur.
3037 1593 3269 1655 Verbex

653 1702 778 1761 ovis
824 1699 897 1760 ab
948 1719 980 1758 v
1033 1696 1434 1777 incipiendum
1482 1705 1575 1757 est
1621 1702 1683 1756 et
1727 1695 1870 1756 facit
1913 1695 2253 1773 genetivum
2300 1694 2569 1755 verbecis
2615 1693 2788 1771 longa
2836 1710 2868 1752 e
2905 1693 2964 1752 in
3009 1692 3270 1754 secunda

654 1796 896 1878 syllaba,
943 1796 1086 1859 dum
1132 1805 1337 1859 vertex
1384 1804 1589 1856 cortex
1629 1792 1813 1854 codex
1861 1794 1882 1854 i
1929 1790 2169 1853 brevem
2216 1791 2438 1853 babent
2483 1793 2544 1852 in
2590 1789 2847 1868 obliquis
2894 1788 3156 1871 casibuS,
3203 1800 3272 1850 ut

653 1897 895 1956 verticis
944 1891 954 1975 Ι
1004 1897 1247 1956 corticis
1308 1893 1530 1955 codicis
1588 1900 1649 1954 et
1703 1900 1902 1952 cetera
1960 1890 2110 1951 talia.
2209 1888 2467 1951 Vlterior
2525 1899 2585 1950 et
2641 1886 2883 1948 ultimus
2948 1889 3269 1967 positivum

652 1993 900 2072 gradum
939 2011 1057 2052 non
1094 1990 1336 2053 habent.
1408 1990 1668 2051 Veniunt
1705 1990 1806 2067 qui
1846 1987 2136 2063 vendunt,
2184 1996 2445 2048 veneunt
2481 1988 2584 2065 qui
2620 1984 2977 2045 vemluntur.
3043 1984 3267 2046 Veloci·
3301 1999 3352 2038 15

652 2097 743 2149 tas
780 2089 996 2168 pedum
1037 2098 1098 2150 et
1135 2106 1472 2169 corporum,
1510 2087 1784 2149 celeritas
1823 2086 2157 2146 animorum
2196 2096 2256 2148 et
2294 2087 2600 2146 factorum.
2665 2081 2844 2142 Vlcus
2883 2080 3038 2160 quod
3079 2084 3267 2142 nasci-

656 2196 774 2269 tur,
811 2187 1022 2249 vulnus
1061 2187 1218 2266 quod
1256 2205 1366 2266 per
1394 2186 1573 2246 alium
1612 2186 1692 2246 fit.
1748 2182 1960 2264 Vrge0,
1998 2201 2116 2244 non
2146 2203 2401 2265 urgueo,
2438 2179 2735 2260 Vergilius
2763 2171 2943 2261 (Aen.
2989 2181 3076 2239 VI
3095 2172 3268 2262 560)

663 2278 958 2363 ‘quibus
1005 2293 1359 2364 urgentur
1405 2276 1720 2363 poenae',
1766 2299 1924 2360 ungo
1972 2283 2141 2363 unxi,
2187 2300 2307 2361 quo
2355 2281 2528 2342 modo
2577 2281 2754 2360 pingo
2801 2278 2992 2358 pinxi,
3038 2286 3266 2339 utrum-

658 2400 773 2461 que
806 2385 932 2443 sine
971 2402 1039 2463 u3
1076 2390 1334 2443 attamen
1372 2381 1445 2441 ad
1483 2398 1699 2442 nomen
1737 2380 2126 2441 derivativum
2166 2378 2345 2461 addit,
2381 2386 2448 2440 ut
2479 2370 2698 2461 (Vero.
2722 2393 2933 2452 yeorq.
2969 2368 3268 2458 111450)

658 2474 987 2560 ‘pinguis
1026 2476 1391 2559 unguine'.
1434 2476 1443 2560 Ι
1483 2479 1664 2541 Vulva
1703 2478 1888 2540 malva
1927 2479 2073 2539 stiva
2112 2496 2219 2558 per
2250 2497 2282 2536 v
2320 2476 2451 2538 loco
2481 2477 2864 2538 consonantis
2902 2473 3265 2535 scribuntur.
3296 2488 3349 2526 20

656 2577 769 2638 Vas
815 2578 978 2639 vadis
1025 2577 1097 2638 de
1144 2577 1351 2638 fenore
1397 2596 1615 2657 genere
1665 2576 2017 2656 masculino,
2062 2593 2165 2636 vas
2210 2576 2365 2636 vasis
2411 2575 2486 2635 de
2531 2572 2770 2634 vasculo
2818 2580 3058 2653 neutro,
3106 2578 3265 2632 utra-

657 2694 772 2755 que
809 2694 920 2756 per
956 2695 1019 2757 v;
1066 2677 1153 2737 fas
1190 2693 1300 2755 per
1338 2675 1366 2735 f
1404 2663 1844 2755 indeclinabile,
1890 2672 2048 2734 unde
2088 2674 2225 2734 fasti
2262 2672 2417 2754 dies,
2454 2671 2672 2752 quibus
2710 2673 2804 2732 ius
2843 2671 3018 2731 fatur.
3085 2668 3267 2730 Villus

656 2784 749 2836 est
779 2777 1139 2857 vestimenti,
1169 2773 1301 2834 villa
1329 2776 1644 2854 possessio.
1702 2772 1925 2852 Vesper
1953 2774 2168 2833 incerti
2196 2774 2433 2851 generis
2464 2779 2582 2853 est,
2620 2780 2687 2832 ut
2713 2770 3018 2831 Prisciano
3046 2767 3266 2848 placet:

655 2871 789 2933 ideo
837 2871 1192 2950 evangelista
1239 2871 1387 2932 dixit
1433 2866 1765 2951 ‘vespere
1814 2889 1992 2950 quae
2039 2870 2353 2931 lucescit
2397 2872 2467 2930 in
2514 2871 2739 2949 prima
2787 2860 3120 2928 sabbati'.

833 3051 865 3098 2
913 3061 1013 3100 uer
1047 3046 1107 3099 et
1141 3042 1230 3098 uir
1273 3058 1449 3113 per-u
1484 3042 1778 3097 scribenda
1814 3043 1947 3095 sunt
1981 3040 2119 3110 ΡΜ
2155 3041 2381 3095 ueretur
2424 3056 2526 3110 per
2560 3058 2600 3094 u
2644 3038 2806 3095 scrib.
2844 3036 3050 3092 dicitur
3083 3035 3130 3091 S

654 3131 687 3179 3
725 3126 1017 3180 humorem
1045 3123 1183 3193 ΡΜ
1208 3123 1505 3178 humerum
1541 3122 1587 3178 S
1711 3127 1741 3177 7
1781 3120 1979 3191 verba]
2016 3121 2255 3175 uerbera
2290 3119 2366 3173 Μ
2488 3126 2554 3175 10
2591 3119 2819 3174 uirtutis
2847 3117 2982 3187 ΡΜ
3010 3117 3188 3172 uirtus
3225 3116 3269 3170 S

757 3211 820 3259 11
850 3207 1121 3260 uocantur
1148 3204 1193 3260 S
1315 3221 1521 3261 vervex
1548 3235 1615 3244 —
1644 3202 1893 3259 vervecis
1922 3219 1966 3271 Ρ
2094 3208 2161 3256 16
2199 3202 2351 3271 quod
2380 3202 2628 3256 nascitur
2655 3216 2701 3269 Ρ
2738 3199 2839 3269 qui
2874 3196 3122 3253 nascitur
3147 3196 3278 3253 SM

756 3291 820 3340 17
856 3303 970 3341 non
1005 3302 1218 3355 urgueo
1254 3285 1300 3341 S
1333 3301 1447 3341 non
1481 3300 1660 3354 urguo
1689 3300 1734 3352 Ρ
1770 3299 1885 3338 non
1919 3298 2061 3353 urgo
2089 3281 2165 3335 Μ
2300 3286 2366 3337 18
2403 3281 2605 3352 quibus
2640 3282 2914 3351 urgentur
2947 3294 3162 3349 poenae
3200 3278 3277 3332 Μ

653 3367 923 3434 urgentur
957 3383 1139 3434 poena
1175 3365 1220 3421 S
1254 3368 1523 3437 urgentur
1557 3364 1753 3435 poenis
1782 3380 1828 3433 Ρ
1978 3366 2279 3433 utrumque
2308 3362 2441 3432 ΡΜ
2478 3364 2715 3431 uterque
2752 3360 2798 3415 S
2944 3365 3009 3413 19
3052 3358 3271 3413 deriva-

648 3446 830 3501 tivum
882 3463 982 3501 om.
1021 3445 1098 3500 Μ
1231 3444 1392 3501 addit
1427 3463 1466 3500 u
1492 3462 1537 3514 Ρ
1582 3463 1622 3499 ιι
1665 3442 1829 3497 addit
1859 3443 2022 3499 Beda
2057 3460 2118 3512 Ρ.
2157 3448 2291 3510 294,
2325 3447 2403 3499 25
2548 3447 2618 3497 20
2662 3439 2978 3495 scribuntur
3023 3438 3100 3493 Μ
3139 3438 3267 3493 scri-

652 3525 856 3580 bentur
892 3524 938 3579 S
980 3524 1296 3580 scribantur
1331 3542 1377 3594 Ρ
1558 3531 1626 3578 23
1665 3521 2066 3579 uestimentum
2103 3522 2180 3576 M
2348 3514 2626 3592 possessio
2654 3520 2789 3591 ΡΜ
2831 3520 3037 3590 positio
3082 3520 3128 3575 S

650 3604 963 3676 Prisciano]
1009 3606 1045 3660 1.
1096 3604 1148 3657 V
1178 3622 1241 3674 Ρ.
1277 3610 1408 3671 169,
1446 3609 1520 3659 18
1663 3608 1734 3657 24
1788 3603 2013 3659 sabbati
2047 3607 2172 3661 ’1336
2206 3620 2307 3674 per
2341 3602 2392 3655 X
2429 3603 2488 3658 et
2523 3600 2747 3656 Xrisma
2781 3600 2984 3656 FINIT
3024 3617 3189 3656 amen
3225 3599 3271 3655 S

650 3685 889 3741 sabbati.
953 3686 1098 3740 Acer
1133 3685 1349 3757 lignum
1389 3687 1475 3740 est
1510 3685 1571 3739 et
1605 3684 1749 3739 Acer
1785 3683 1993 3738 dicitur
2028 3685 2458 3754 purgamentum
2496 3680 2764 3737 frumenti
2793 3698 2840 3750 Ρ
