3613 5528
649 405 781 469 492
1630 406 1983 464 ARVSIANI
2018 407 2260 464 MESSII

648 517 691 555 p.
721 508 811 547 πω.
841 508 918 547 247
949 506 1001 547 L.

648 590 772 652 ille
837 592 1090 672 pedum
1156 601 1346 654 motu
1411 592 1665 653 melior
1712 642 1726 656 .
1774 594 1985 656 melior
2045 590 2148 654 hic
2212 612 2390 673 quam
2455 593 2579 675 ille,
2646 593 2765 655 Cic.
2822 594 3099 656 frument.
3155 595 3253 667 (in

663 699 832 760 Verr.
881 700 996 760 III
1033 698 1254 774 16,43)
1312 707 1381 760 tu
1438 702 1902 762 innocentior
1956 719 2160 781 quam
2215 699 2551 762 Metellus
2597 748 2610 762 .
2661 700 2867 763 melior
2922 701 3081 764 illius
3138 720 3250 782 pro

648 807 705 867 in
763 806 889 887 illo,
946 805 1058 868 Sal.
1108 806 1229 885 lug.
1278 807 1486 889 (49,2)
1541 809 1757 870 rudes
1815 812 1970 871 cum
2024 807 2198 870 belli
2257 808 2682 870 melioribus
2746 828 3017 872 manum
3081 827 3250 870 con-

645 931 891 974 serere
939 961 953 975 .

819 1020 1082 1083 Medicor
1120 1022 1204 1084 illi
1241 1024 1355 1105 rei,
1401 1021 1570 1102 Verg.
1609 1024 2023 1103 georgicorum
2054 1023 2104 1083 ΙΙ
2133 1024 2314 1098 (135)
2353 1031 2422 1085 et
2459 1022 2759 1085 senibus
2797 1022 3253 1085 medicantur
3314 1036 3343 1077 r·

644 1126 952 1210 anheliS‚
1006 1128 1142 1190 Ter.
1199 1129 1344 1190 And.
1403 1129 1658 1205 (5,1‚12)
1714 1139 1878 1192 nato
1935 1139 2012 1192 ut
2066 1132 2469 1192 medicarer
2523 1140 2644 1192 tuo
2701 1178 2715 1192 .
2772 1130 3037 1192 medicor
3088 1129 3253 1192 illam

644 1254 795 1317 rem,
842 1236 998 1297 idem
1046 1237 1186 1298 Aen.
1236 1235 1337 1297 vn
1384 1237 1580 1311 (756)

1049 1343 1171 1404 sed
1220 1362 1357 1405 non
1405 1343 1797 1407 Dardaniae
1846 1344 2191 1406 medicari
2239 1344 2565 1425 cuspidis
2610 1347 2828 1406 ictum

1051 1450 1325 1513 evaluit
1370 1499 1383 1512 .

641 1558 882 1618 medeor
938 1557 1052 1618 illis
1117 1557 1327 1640 rebuS,
1392 1558 1507 1668 (ἕο.
1557 1577 1665 1639 pro
1720 1558 1937 1619 Roscio
1995 1561 2078 1636 (p.
2128 1560 2307 1621 Rosc.
2355 1560 2555 1621 Amer.
2602 1561 2864 1636 53,154)
2919 1558 3248 1619 homines
3280 1575 3339 1614 ιο

639 1666 1224 1744 sapientissimos
1270 1665 1434 1740 iud„
1483 1665 1746 1747 quibus
1792 1665 2010 1727 rebus
2050 1685 2084 1722 *
2123 1684 2223 1726 me
2272 1666 2545 1728 mederi
2591 1669 2971 1729 convenit.
3003 1667 3249 1728 medeor

637 1769 766 1831 illas
812 1790 936 1852 τρε,
981 1771 1116 1834 Ter.
1161 1772 1336 1834 Phor.
1385 1773 1478 1846 (V
1518 1773 1649 1847 4,2)

2058 1883 2125 1941 in
2175 1882 2409 1942 animo
2456 1881 2923 1961 cupiditateS,

890 2006 1088 2068 quaS,
1136 2005 1288 2048 cum
1336 2005 1453 2048 res
1500 1987 1843 2048 adversae
1890 1988 2101 2068 fient,
2148 1986 2356 2067 paulo
2403 1987 2673 2048 mederi
2720 1990 2957 2068 possis
3004 2035 3017 2048 .

811 2093 992 2155 Multa
1049 2112 1157 2174 pro
1215 2093 1415 2155 multis
1470 2093 1562 2155 vel
1619 2094 1899 2177 multum,
1964 2092 2135 2174 Verg.
2190 2095 2331 2155 Aen.
2376 2093 2459 2160 111
2516 2093 2707 2167 (610)
2774 2094 2955 2155 haud
3020 2094 3244 2157 multa
3280 2111 3334 2152 ιε

634 2209 983 2282 moratuS,
1030 2204 1188 2262 idem
1234 2203 1375 2262 Aen.
1425 2199 1525 2261 vll
1574 2200 1759 2275 (593)

1041 2308 1265 2369 multa
1310 2307 1482 2370 deos
1527 2326 1884 2387 aurasque
1931 2315 2136 2388 pater
2183 2315 2496 2370 testatur
2542 2310 2823 2390 inanes,

636 2418 791 2476 idem
845 2416 988 2477 Aen.
1035 2414 1115 2475 XI
1172 2415 1359 2490 (471)
1425 2414 1786 2494 multaque
1853 2422 1923 2475 te
1989 2417 2333 2476 incusat:
2381 2416 2467 2475 sic
2533 2423 2594 2475 et
2657 2433 2871 2495 pauca,
2936 2413 3051 2475 Sal.
3114 2414 3239 2494 lug.

633 2521 845 2599 (49,oe
893 2541 1112 2602 pauca
1161 2541 1287 2602 pro
1336 2530 1654 2601 tempore
1704 2521 1974 2583 milites
2020 2521 2354 2583 hortatus
2399 2569 2413 2582 .

810 2629 1075 2691 Maturus
1121 2631 1327 2705 animi,
1385 2628 1551 2709 Verg.
1601 2630 1741 2690 Aen.
1789 2628 1836 2688 V
1882 2631 2029 2702 (73)
2095 2631 2248 2690 aevi
2315 2637 2637 2690 maturus
2692 2629 3015 2711 AcesteS,
3078 2628 3239 2690 idem
3272 2650 3332 2689 so

632 2737 771 2797 Aen.
822 2734 975 2796 vnn
1023 2736 1215 2812 (246)
1263 2738 1477 2799 animi
1524 2745 1847 2800 maturus
1894 2737 2139 2800 Aletes
2177 2785 2190 2799 .
2231 2746 2496 2799 maturus
2544 2736 2682 2799 huic
2730 2738 2845 2818 rei,
2889 2737 3045 2798 idem
3092 2738 3237 2799 Aen.

633 2842 731 2903 vn
791 2845 933 2917 (53)
990 2847 1121 2906 iam
1180 2853 1449 2907 matura
1506 2847 1657 2905 viro
1706 2892 1720 2906 .
1772 2842 1781 2926 Ι
1833 2854 2065 2907 maturo
2120 2844 2275 2906 illam
2326 2863 2480 2925 rem,
2541 2843 2711 2924 Verg.
2766 2845 2909 2905 Aen.
2967 2843 2990 2902 Ι
3048 2846 3238 2918 (137)

632 2961 981 3013 maturate
1038 2954 1297 3035 fugam,
1353 2952 1559 3014 Cicero
1613 2971 1723 3034 pro
1772 2952 2044 3014 Cluentio
2093 2951 2378 3027 (61,171)
2434 2951 2600 3014 huic
2655 2960 2955 3013 mortem
3011 2959 3234 3013 matu-

630 3059 833 3121 rabat
879 3062 1245 3141 inimicus‚
1291 3059 1405 3121 Sal.
1452 3060 1586 3122 hist.
1633 3059 1659 3119 1
1709 3061 1941 3140 sugam
1990 3058 2393 3122 maturabat
2439 3107 2452 3121 .

805 3166 1099 3228 Ministrat
1145 3166 1303 3227 illam
1357 3186 1513 3247 rem,
1569 3167 1736 3247 Verg.
1783 3167 1927 3227 Aen.
1975 3167 1997 3226 1
2045 3163 2235 3245 (150)
2293 3167 2498 3227 furor
2555 3184 2741 3226 arma
2798 3167 3173 3227 ministrat
3221 3215 3235 3228 .
3267 3185 3328 3225 25

630 3274 924 3334 ministrat
967 3273 1083 3334 illis
1129 3272 1339 3355 rebuS,
1385 3273 1539 3334 idem
1585 3274 1727 3335 Aen.
1774 3272 1828 3333 X
1875 3274 2054 3347 (218)

929 3383 1081 3459 ipse
1130 3380 1393 3440 sedens
1439 3381 1857 3461 clavumque
1908 3385 2097 3459 regit
2145 3381 2474 3460 velisque
2522 3382 2886 3442 ministrat
2931 3428 2946 3442 .

803 3486 1074 3548 Metuens
1120 3486 1304 3569 illius,
1352 3486 1520 3566 Verg.
1569 3490 1708 3549 Aen.
1759 3487 1804 3545 V
1852 3488 2044 3560 (716)

812 3602 882 3654 et
929 3593 1271 3673 quicquid
1323 3602 1554 3655 tecum
1603 3590 1998 3656 invalidum
2047 3604 2521 3676 metuensque
2567 3596 2830 3676 pericli
2877 3605 2992 3658 est
3037 3644 3051 3657 .

806 3809 986 3867 Codex
1026 3809 1326 3865 Pom-hasii
1399 3817 1426 3864 1
1467 3809 1665 3865 melior
1709 3808 1804 3865 hic
1840 3826 2009 3880 quam
2048 3809 2145 3867 ille
2185 3813 2269 3866 est
2302 3811 2411 3867 hae
2445 3828 2533 3881 re,
2568 3812 2661 3867 sed
2696 3814 2785 3867 est
2820 3812 2926 3867 hac
2952 3828 3012 3867 re
3039 3812 3234 3879 deleta,

625 3892 716 3947 hic
753 3908 922 3961 quam
959 3892 1279 3963 corriqendo
1315 3892 1526 3960 scripta
1559 3894 1690 3945 sunt
1843 3897 1874 3945 2
1913 3890 2112 3946 melior
2147 3891 2324 3963 illius]
2362 3892 2562 3947 melius
2597 3891 2752 3948 illius
2914 3899 2947 3948 6
2984 3892 3231 3965 anhelis]

624 3973 840 4029 hanelis
984 3979 1016 4028 8
1053 3973 1333 4029 medicare
1371 3970 1645 4042 cupidinis
1680 3970 1855 4026 ictum
2003 3977 2065 4025 11
2096 3971 2239 4043 iud.]
2269 3972 2380 4028 vid.
2529 3979 2592 4028 13
2622 3972 2680 4027 in
2708 3973 2891 4029 amico
2921 3972 3234 4044 cupiditate

625 4072 763 4125 quas
916 4058 984 4108 15
1025 4055 1137 4125 vel]
1177 4055 1241 4107 ut
1395 4059 1460 4107 16
1497 4051 1646 4108 idem
1685 4069 1785 4107 om.
1935 4058 2001 4107 18
2038 4052 2188 4107 idem
2224 4069 2326 4108 om.
2469 4059 2534 4108 21
2578 4053 2797 4126 Aletes]
2837 4054 3016 4110 Alit-es

583 4186 586 4191 .
623 4141 692 4190 29
729 4134 1034 4191 invalidam

804 4337 832 4385 1
872 4331 971 4386 ille
1015 4332 1219 4401 pedum
1268 4331 1465 4387 melior
1510 4334 1666 4387 motu
1714 4331 1990 4401 Vergilium
2158 4336 2190 4385 3
2228 4346 2300 4383 ne
2343 4330 2635 4399 pauciores
2674 4348 2801 4386 cum
2838 4331 3092 4401 pluribus
3130 4335 3234 4388 aut

621 4412 786 4468 rudes
825 4430 950 4468 cum
988 4412 1125 4467 belli
1163 4410 1488 4468 melioribus
1525 4429 1750 4466 manum
1798 4413 2155 4467 consererent
2189 4409 2492 4465 Sallustius
2660 4417 2693 4466 ὅ
2731 4410 3004 4483 Medicor]
3047 4413 3229 4468 Prisc.

623 4493 657 4548 1.
700 4493 949 4547 XVIII
979 4510 1034 4563 p.
1071 4498 1187 4549 273
1225 4495 1260 4550 l.
1309 4493 1486 4547 VIII
1513 4510 1570 4562 p.
1610 4497 1725 4549 388
1903 4498 1936 4547 8
1975 4490 2240 4547 medicari
2277 4489 2520 4561 cuspidis
2555 4490 2732 4547 ictum
2784 4492 3056 4563 Veranius

627 4579 692 4628 10
731 4573 982 4628 homines
1021 4574 1302 4645 sapientes
1351 4575 1410 4628 et
1453 4572 1565 4628 ista
1609 4572 1943 4629 auctoritate
1995 4574 2054 4627 et
2103 4572 2387 4643 potestate
2431 4570 2746 4643 praeditos,
2794 4590 2907 4642 qua
2940 4590 3041 4628 vos
3079 4574 3230 4644 estis,

623 4669 690 4707 ex
726 4653 928 4723 quibus
964 4654 1130 4709 rebus
1168 4652 1409 4710 maxime
1444 4670 1533 4709 res
1569 4651 1797 4723 publica
1831 4653 2077 4721 laborat,
2113 4651 2185 4708 iis
2221 4651 2463 4706 maxime
2500 4652 2715 4707 mederi
2750 4654 3012 4709 convenit
3040 4654 3229 4710 Cicero

681 4739 762 4799 ,13
800 4750 997 4804 parare
1032 4733 1090 4788 in
1138 4734 1324 4788 animo
1371 4732 1732 4804 cupiditates,
1778 4749 1919 4802 quas
1957 4748 2085 4785 cum
2120 4750 2209 4787 res
2246 4731 2510 4787 adversae
2556 4733 2705 4788 sieut
2739 4734 2944 4789 codices
2985 4734 3231 4790 Terentii

621 4818 670 4868 et
699 4812 982 4869 Prisciani
1126 4821 1191 4868 15
1229 4831 1331 4884 pro
1367 4813 1561 4870 multis
1589 4815 1689 4869 aut
1713 4814 1955 4869 multum
1983 4830 2050 4868 ex
2081 4812 2134 4867 G
2162 4814 2333 4870 edidit
2361 4811 2785 4869 Lindemannus
2928 4820 2994 4870 18
3023 4813 3228 4871 multa-

622 4911 730 4963 que
767 4910 825 4948 se
861 4894 1084 4950 incusat
1131 4894 1408 4964 Verqilius
1569 4901 1636 4949 20
1671 4894 1906 4961 fortasse
1940 4895 2194 4951 maturus
2232 4892 2398 4949 huius
2434 4892 2514 4948 rei
2669 4899 2737 4950 2¹2
2775 4893 2946 4966 regit]
2983 4893 3133 4964 gerit
3173 4895 3229 4949 G
