3613 5528
667 457 798 523 212
1127 497 1138 516 ι
1746 457 2206 517 CASSIODORII

659 570 702 610 p.
731 561 824 602 ωε.
853 561 931 601 525
959 559 1013 600 o.

662 642 876 706 latinae
921 644 1159 723 linguae
1196 644 1472 705 nesciunt
1509 646 1734 707 servire
1771 645 2076 726 disposite.
2153 664 2185 705 a
2231 648 2293 706 in
2340 645 2457 705 fine
2496 643 2758 706 adverbii
2795 664 2914 707 non
2954 645 3271 725 relinquaS,

656 768 690 811 a
744 752 965 812 iterum
1012 751 1177 813 casui
1230 753 1503 830 genetivo
1557 771 1677 813 non
1733 752 2064 814 subtrahas
2150 753 2335 815 multa
2382 754 2561 814 etiam
2620 762 2897 832 respectu
2945 753 3274 833 euphoniae

655 865 903 938 propter
940 857 1375 938 subsequentes
1420 857 1648 919 litteras
1685 858 2072 939 probabiliter
2108 862 2520 941 immutamus,
2566 868 2635 920 ut
2678 859 3030 921 illuminatio
3076 860 3275 919 irrisio

656 964 1043 1026 immutabilis
1078 965 1298 1045 impius
1334 963 1661 1046 improbus.
1726 984 1758 1026 r
1795 966 2053 1028 litteram
2082 968 2408 1028 narrationi
2438 965 2575 1028 tolle
2607 966 2995 1046 superfluam:
3032 985 3065 1026 a
3093 983 3276 1045 gnaro

659 1072 848 1154 enim,
901 1071 961 1131 id
1009 1078 1101 1133 est
1148 1074 1297 1133 scito
1345 1051 1453 1133 seu
1498 1074 1721 1154 perito,
1776 1074 1939 1135 venit
1984 1075 2241 1133 nominis
2286 1074 2403 1134 ista
2448 1075 2818 1153 compositio.
2900 1073 3086 1155 quod,
3142 1090 3278 1134 cum
3304 1083 3330 1124 ⁵

657 1196 988 1259 pronomen
1044 1187 1167 1260 est,
1223 1198 1330 1259 per
1376 1179 1442 1261 d,
1497 1198 1618 1240 non
1671 1198 1781 1260 per
1828 1187 1855 1239 t
1904 1179 2194 1262 litteram3
2251 1198 2387 1241 cum
2442 1198 2584 1268 yero
2640 1179 2982 1241 adverbium
3044 1182 3280 1241 numeri

660 1293 780 1369 est,
823 1304 934 1366 per
971 1295 1022 1368 t,
1063 1304 1183 1347 non
1223 1304 1330 1366 per
1373 1285 1411 1347 d
1450 1285 1705 1347 litteram
1744 1285 2126 1348 scribendum
2166 1296 2272 1348 est.
2338 1290 2656 1367 quicquam
2695 1307 2728 1349 c
2766 1291 2951 1368 magis
2987 1290 3048 1348 in
3088 1289 3279 1367 prima

661 1392 880 1474 syllaba
914 1394 1258 1474 ponendum
1296 1398 1388 1454 est
1426 1410 1601 1471 quam
1639 1392 1675 1453 d
1723 1400 1970 1473 propter
2009 1393 2392 1476 euphoniam,
2441 1413 2615 1475 quam
2653 1396 3052 1475 praecipimus
3090 1396 3277 1473 sequi.

661 1500 804 1580 quid
848 1497 1063 1581 plura?
1109 1500 1438 1562 secundum
1476 1498 1710 1579 regulas
1760 1500 2239 1580 artigraphorum
2286 1519 2436 1581 quae
2484 1510 2681 1563 tamen
2727 1509 2868 1562 sunt
2914 1499 3279 1562 emendanda

663 1625 981 1690 percurre,
1033 1626 1110 1669 ne
1156 1605 1500 1669 articulatae
1548 1608 1710 1667 vocis
1754 1606 2005 1686 pulchra
2050 1606 2372 1668 modulatio
2430 1610 2762 1687 peregrinis
2818 1608 3035 1669 litteris
3080 1625 3277 1667 macu-
3308 1619 3357 1658 ιο

665 1714 781 1776 lata
828 1712 1047 1775 absona
1103 1716 1305 1794 potius
1352 1721 1412 1775 et
1467 1712 1746 1774 indecora
1793 1713 2091 1775 reddatur.
2168 1713 2599 1794 orthographos
2656 1717 2886 1795 priscos
2932 1715 3279 1793 frequenter

665 1821 891 1903 relege,
954 1813 1106 1900 quos
1168 1838 1278 1901 ego
1336 1822 1588 1882 inferius
1648 1821 1820 1882 titulo
1886 1823 2258 1903 tricensimo,
2330 1821 2434 1883 ubi
2495 1823 2569 1884 de
2631 1825 2979 1903 antiquariis
3045 1821 3280 1902 legitur,

667 1938 916 2009 propter
946 1931 1216 1990 notitiam
1245 1927 1623 1989 librariorum
1654 1928 1882 1990 utiliter
1910 1929 2319 1990 instruendam
2350 1929 2723 1991 deflorandos
2760 1948 2892 1990 esse
2920 1929 3192 2002 iudicavi,
3222 1937 3282 1988 et

667 2039 1041 2097 extrinsecus
1078 2035 1220 2096 huic
1257 2034 1411 2097 libro
1442 2035 1516 2095 de
1546 2035 1965 2114 orthographia
2004 2034 2240 2097 titulum
2271 2035 2424 2098 dedi.
2472 2038 2553 2097 ita
2590 2038 2881 2115 contingit
2920 2045 2987 2096 ut
3022 2045 3083 2097 et
3119 2034 3279 2096 istud

667 2142 934 2204 studioso
972 2142 1163 2221 prosit
1190 2140 1407 2223 legere,
1434 2141 1538 2202 ubi
1577 2144 1883 2220 cognoscit
1920 2161 2071 2222 quae
2100 2145 2169 2204 in
2201 2145 2516 2224 scripturis
2544 2146 2763 2204 sanctis
2799 2145 3042 2204 minime
3071 2141 3284 2202 debeat
3311 2153 3362 2192 1⁵

667 2249 885 2310 violare
934 2258 994 2310 et
1039 2246 1182 2310 illud
1231 2250 1567 2309 necessario
1617 2247 1791 2309 latius
1840 2249 2130 2332 discatur,
2170 2249 2269 2312 ubi
2317 2250 2673 2330 generaliter
2714 2259 3096 2330 praesumpta
3146 2251 3283 2311 vitia

668 2359 1064 2436 corrigantur.

599 2434 628 2458 ‘
669 2515 698 2552 ι,
740 2504 820 2546 525
848 2502 919 2544 „d-
946 2502 1052 2544 Q
1451 2462 1533 2523 ιιι
1580 2464 1680 2524 Ex
1725 2465 1993 2531 eiusdem
2039 2466 2186 2526 libri
2229 2483 2281 2525 c.
2312 2465 2511 2525 XXX

848 2580 1092 2642 Accedit
1137 2581 1314 2640 etiam
1361 2577 1634 2640 laudibus
1673 2597 1881 2640 eorum
1929 2582 2029 2658 qui
2079 2581 2297 2641 factum
2346 2580 2566 2641 domini
2614 2582 2811 2661 aliquo
2858 2580 3034 2642 modo
3082 2580 3282 2641 viden-

672 2695 772 2747 tur
830 2688 1076 2769 imitari,
1136 2687 1237 2767 qui
1305 2685 1498 2766 legem
1558 2703 1752 2768 suam,
1813 2685 1953 2747 licet
2012 2687 2337 2768 figuraliter
2397 2691 2475 2748 sit
2543 2688 2796 2770 dictum,
2862 2688 3284 2768 omnipotentis
3311 2695 3361 2735 2⁰

675 2795 846 2875 digiti
890 2796 1233 2874 operatione
1281 2796 1650 2874 conscripsit.
1725 2793 1910 2855 multa
1957 2802 2097 2856 sunt
2143 2795 2382 2875 quidem
2420 2813 2570 2874 quae
2610 2796 2682 2857 de
2730 2803 2847 2857 tam
2893 2797 3112 2875 insigni
3158 2802 3284 2856 arte

672 2902 1041 2982 referantur,
1100 2901 1204 2962 sed
1267 2901 1490 2962 sufficit
1548 2918 1651 2961 eos
1711 2901 1828 2962 dici
1888 2899 2162 2962 librarios
2221 2904 2325 2980 qui
2383 2900 2568 2963 librae
2624 2902 2848 2963 domini
2905 2903 3285 2980 iustitiaeque

672 3008 1034 3070 deserviunt.
1108 3008 1212 3068 sed
1259 3026 1333 3068 ne
1383 3015 1545 3068 tanto
1592 3006 1748 3068 bono
1787 3010 2028 3069 mutatis
2075 3008 2291 3069 litteris
2329 3011 2654 3089 scriptores
2691 3006 2868 3070 verba
2907 3010 3115 3070 vitiosa
3151 3026 3283 3088 per-

673 3118 963 3177 misceant
1018 3123 1121 3176 aut
1175 3114 1510 3176 ineruditus
1557 3114 1903 3175 emendator
1951 3117 2175 3176 nesciat
2220 3124 2414 3176 errata
2470 3118 2800 3196 corrigere,
2854 3114 3285 3194 orthographos

674 3226 951 3302 antiquos
996 3222 1219 3303 legant,
1264 3222 1322 3282 id
1372 3229 1463 3282 est
1509 3219 1735 3282 Velium
1783 3219 2089 3304 Longum,
2135 3221 2404 3283 Curtium
2442 3220 2845 3303 Valerianum,
2890 3221 3286 3301 Papirianum,
3312 3232 3361 3271 25

673 3329 1087 3390 Adamantium
1132 3327 1478 3408 Martyrium
1526 3328 1600 3389 de
1647 3347 1682 3388 v
1729 3336 1789 3389 et
1836 3326 1902 3411 b,
1960 3329 2227 3390 eiusdem
2273 3328 2345 3389 de
2399 3330 2610 3409 primis
2670 3327 2881 3389 mediis
2926 3336 3103 3407 atque
3150 3326 3285 3387 ulti·

677 3438 790 3498 mis
837 3434 1101 3517 syllabiS,
1147 3436 1415 3498 eiusdem
1461 3435 1535 3496 de
1581 3435 1619 3496 b
1666 3434 1863 3496 littera
1911 3436 2197 3497 trifariam
2240 3437 2301 3496 in
2339 3438 2577 3497 nomine
2614 3438 2834 3517 posita,
2880 3442 2942 3495 et
2977 3433 3285 3514 Eutychen

675 3543 749 3605 de
805 3545 1187 3623 aspiratione,
1260 3542 1361 3603 sed
1419 3530 1488 3604 et'
1525 3543 1739 3603 Focam
1794 3543 1869 3603 de
1924 3542 2255 3605 differentia
2315 3545 2580 3625 generis,
2635 3560 2786 3622 quos
2840 3559 2977 3623 ego,
3037 3551 3289 3620 quantos

675 3651 873 3729 potui,
919 3649 1184 3710 studiosa
1231 3653 1575 3712 curiositate
1623 3649 1849 3730 collegi.
1925 3658 1985 3710 et
2022 3669 2096 3711 ne
2135 3651 2471 3730 quempiam
2517 3656 2979 3710 memoratorum
3017 3647 3288 3708 codicum

676 3755 1010 3818 obscuritas
1065 3756 1345 3818 derelicta
1402 3756 1699 3839 turbaret,
1754 3759 2033 3837 quoniam
2089 3759 2468 3836 antiquarum
2515 3756 2976 3817 declinationum
3033 3756 3288 3835 permix·
3317 3768 3366 3805 ³⁰

678 3865 838 3925 tiene
884 3882 994 3943 pro
1033 3866 1284 3925 maxima
1329 3871 1498 3945 parte
1547 3864 1779 3925 confusi
1827 3871 1993 3943 sunt,
2039 3881 2251 3943 magno
2290 3862 2487 3923 studio
2533 3862 2754 3923 laboris
2798 3860 3071 3943 incubui,
3118 3868 3185 3921 ut
3229 3863 3287 3920 in

677 3968 830 4030 libro
877 3978 1250 4050 sequestrato
1298 3980 1474 4051 atque
1522 3973 1881 4052 composite,
1937 3972 2040 4049 qui
2087 3969 2434 4032 inscribitur
2479 3969 2553 4031 de
2600 3968 3016 4049 orthographia
3063 3968 3135 4028 ad
3188 3985 3290 4028 vos

678 4074 996 4138 defloratae
1051 4078 1291 4158 regulae
1345 4080 1729 4158 pervenirent
1784 4085 1847 4139 et
1903 4075 2204 4139 dubietate
2261 4076 2489 4139 sublata
2554 4076 2798 4139 liberior
2852 4079 3085 4137 animus
3140 4076 3291 4135 viam

678 4182 784 4189 ---——
803 4184 888 4189 —---
919 4184 1103 4190 ---....-.

861 4222 889 4268 1
929 4214 987 4284 a]
1027 4230 1093 4270 ae
1130 4219 1358 4283 utroque
1394 4215 1507 4268 loco
1546 4229 1579 4272 ς
1723 4219 1757 4267 4
1793 4231 1823 4266 r
1857 4211 2107 4269 litteram
2142 4213 2449 4269 narrationi
2484 4214 2624 4269 tolle
2660 4212 2939 4283 superflua
2965 4211 3021 4265 Β
3058 4211 3107 4266 G
3144 4210 3291 4265 litte-

677 4310 800 4349 ram
828 4311 863 4348 a
888 4295 1208 4350 narratione
1235 4294 1371 4350 tolle
1400 4295 1737 4365 superfluam
1766 4310 1801 4353 ς’
1929 4298 1961 4347 8
1991 4310 2156 4362 quam
2186 4293 2561 4363 praecipimus
2590 4309 2623 4352 ς
2652 4308 2766 4362 qua
2791 4291 3132 4362 precipimur
3156 4290 3212 4344 Β

682 4380 749 4429 13
786 4375 1073 4446 notitiam]
1112 4376 1329 4431 notiam
1365 4375 1421 4429 Β
1569 4380 1635 4430 16
1673 4374 1879 4430 debeat
1911 4372 2184 4427 diuiolare
2220 4373 2275 4426 B
2422 4380 2488 4428 16
2526 4373 2759 4429 discitur
2793 4373 2894 4430 Βς

859 4456 1289 4510 Institutionum
1315 4457 1636 4511 divinarum
1663 4459 1831 4524 caput
1853 4452 2045 4507 XXX
2072 4469 2100 4507 c
2125 4453 2338 4510 duobus
2365 4454 2643 4509 codicibus
2668 4452 3040 4508 Beruensibus
3066 4455 3172 4506 171
3201 4448 3294 4517 (G)

680 4539 732 4588 et
775 4540 897 4591 225
932 4536 1041 4604 (D)
1084 4537 1424 4591 mendatum
1467 4536 1641 4590 edidit
1684 4535 1955 4603 Hayeuus
1999 4535 2183 4589 anecd.
2232 4534 2441 4588 Helvet.
2481 4533 2662 4602 praef.
2705 4550 2768 4602 p.
2808 4530 3157 4585 CXXXXI

687 4621 750 4670 19
789 4615 997 4670 accidit
1030 4615 1146 4670 BG
1265 4623 1335 4671 22
1372 4616 1688 4670 referuntur
1724 4616 1784 4669 D
1919 4616 2005 4671 set
2040 4613 2279 4670 sufficite
2315 4613 2417 4667 hos
2455 4612 2595 4667 dicit
2629 4611 2888 4667 librarios
2924 4610 2979 4665 B
3114 4609 3293 4664 librae

682 4693 897 4749 domini
922 4695 1041 4750 BG
1069 4696 1245 4751 libere
1273 4694 1500 4750 domino
1527 4694 1587 4748 D
1695 4699 1764 4749 25
1801 4694 2155 4765 papirianum
2184 4694 2285 4750 Ds
2322 4692 2695 4763 papurianum
2727 4691 2786 4761 0,
2823 4707 2923 4746 om.
2960 4690 3016 4744 Β
3116 4695 3183 4744 27
3223 4689 3292 4744 de

681 4775 720 4828 b
755 4773 951 4830 littera
988 4774 1037 4829 0
1138 4775 1359 4831 trifaria
1397 4774 1508 4828 GD
1543 4772 1820 4844 tripharia
1855 4774 1911 4828 Β
2019 4772 2283 4828 eutichen
2313 4771 2413 4829 Βς
2450 4769 2673 4826 euticen
2709 4771 2769 4825 D
2876 4776 2945 4825 28
2986 4776 3014 4824 1
3053 4772 3294 4839 quantos

683 4856 845 4924 potui
879 4856 936 4909 Β
972 4858 1184 4925 quanto
1220 4855 1380 4926 potui
1419 4855 1467 4909 0
1497 4856 1712 4923 quanta
1746 4854 1907 4924 potui
1943 4853 2003 4907 D
2039 4856 2311 4923 quantum
2347 4852 2508 4921 potui
2544 4866 2580 4909 ς
2724 4858 2793 4907 30
2829 4848 3291 4919 declinationum]

684 4934 1060 4990 declinatione
1097 4935 1153 4987 B
1296 4942 1363 4990 31
1402 4953 1503 5005 pro
1540 4936 1787 4991 maxima
1824 4937 1986 5004 parte
2023 4933 2262 5005 confusi]
2300 4932 2530 5003 propria
2564 4933 2727 5002 parte
2763 4930 2999 4986 confusa
3038 4928 3087 4983 G
