3613 5528
584 396 666 458 74
1410 456 1413 457 ⁷
1649 396 1850 451 VELII
1887 398 2115 455 LONGI

580 508 622 544 p.
650 498 766 538 2233.
796 499 850 537 ⁸4
876 498 924 536 r.

579 582 957 663 servandum,
1013 592 1076 643 ut
1133 584 1191 642 in
1249 602 1320 642 eo
1375 582 1531 660 quod
1589 592 1679 644 est
1736 602 1882 663 urps
1936 593 1998 644 et
2055 586 2230 665 nupsi
2291 594 2352 646 et
2395 585 2563 666 pleps
2609 606 2678 647 ac
2724 591 2956 650 ceteris.
3041 591 3182 650 mibi

579 708 718 749 vero
769 689 959 770 placet
1007 699 1071 750 ut
1117 691 1175 749 in
1224 690 1403 757 latino
1453 708 1725 751 sermone
1773 693 2141 770 antiquitatis
2189 692 2393 771 religio
2446 691 2455 768 Ι
2508 704 2806 774 servetur,
2860 705 2928 755 ut
2983 698 3184 775 potius

577 795 780 858 sorbui
840 794 959 876 [ut]
1009 794 1338 858 secundum
1395 800 1805 860 auctoritatem
1864 798 2403 860 eruditissimorum
2464 809 2523 860 ct
2579 799 2980 880 eloquentium
3031 805 3180 863 viro-

575 921 707 964 rum
753 899 1037 985 dicamuS,
1083 923 1259 984 quam
1307 908 1518 986 sorpsi,
1565 924 1699 967 cum
1748 925 1960 966 recens
2006 906 2152 968 haec
2198 906 2513 967 declinatio
2553 927 2584 968 a
2623 909 2844 970 sordidi
2892 913 3184 971 sermonis

576 1011 715 1071 viris
753 1013 1035 1092 coeperit.
1114 1014 1255 1072 item
1294 1015 1449 1073 terui
1489 1021 1549 1073 et
1595 1015 1729 1073 trivi
1778 1031 1896 1073 non
1945 1013 2216 1073 adscribo
2264 1014 2403 1076 huic
2450 1014 2854 1098 disputationi,
2901 1018 3002 1078 sed
3044 1037 3180 1079 cou-
3211 1043 3236 1082 5

573 1116 908 1178 suetudinis
954 1137 1137 1179 novae
1186 1128 1247 1180 et
1294 1121 1510 1179 veteris
1547 1118 1928 1180 adnotationi.
2006 1139 2138 1180 nam
2177 1130 2238 1182 et
2277 1121 2568 1201 Vergilius
2605 1133 2851 1185 secutus
2888 1127 3182 1204 antiquoS‚

573 1242 709 1285 cum
754 1233 958 1304 posset
1005 1225 1204 1285 dicere
1252 1227 1506 1286 teruisse
1555 1244 1671 1286 non
1720 1226 2080 1307 impediente
2129 1236 2338 1308 metro,
2385 1228 2591 1290 maluit
2636 1229 2836 1291 dicere

892 1351 1021 1393 nec
1068 1341 1136 1393 te
1182 1337 1555 1413 paeniteat
1601 1334 1872 1395 calamo
1921 1337 2221 1396 trivisse
2267 1335 2605 1396 labellum

571 1446 631 1499 et
679 1430 875 1500 ‘hinc
924 1439 1163 1501 radios
1212 1443 1481 1501 trivere
1528 1436 1763 1502 rotis'.

748 1546 899 1608 Hinc
940 1557 1264 1610 nascuntur
1301 1550 1475 1609 etiam
1526 1549 1895 1611 diversarum
1942 1552 2437 1630 significationum
2485 1555 2881 1633 quaestiones,
2928 1554 3183 1613 actarios
3215 1576 3267 1615 ιο

572 1647 645 1716 an
711 1657 1006 1716 actuarios
1073 1665 1132 1716 et
1195 1656 1393 1716 dicere
1459 1665 1520 1717 et
1577 1656 1840 1717 scribere
1897 1657 2246 1739 debeamus,
2302 1677 2437 1719 cum
2485 1661 2780 1720 actuarios
2827 1659 3183 1736 generaliter

572 1762 809 1842 quidem
857 1761 930 1822 ab
976 1771 1110 1825 actu
1159 1761 1539 1845 appellemus,
1585 1766 1840 1826 actarios
1886 1783 2026 1825 vero
2074 1767 2398 1845 scriptores
2445 1775 2729 1827 actorum.
2808 1786 2917 1827 nec
2957 1786 3073 1827 non
3123 1775 3185 1828 et

570 1887 707 1930 eum
755 1871 857 1949 qui
905 1879 1101 1932 actum
1148 1873 1267 1950 agit
1314 1873 1643 1931 actuarium
1690 1875 1886 1933 vocari
1934 1872 2275 1934 voluerunt:
2323 1876 2464 1935 item
2512 1871 2691 1933 alium
2730 1891 2862 1933 esse
2911 1872 3184 1949 cilonem,

568 1977 748 2038 alium
803 1976 1125 2058 chilonem,
1189 1986 1249 2037 et
1306 1976 1528 2037 cilones
1603 1979 1797 2037 vocari
1864 1977 2132 2038 homines
2206 1981 2439 2057 angusti
2510 1981 2721 2058 capitis
2791 1988 2852 2040 et
2918 1980 3173 2063 oblongi,

568 2083 833 2145 chilones
899 2102 1038 2145 vero
1104 2084 1566 2161 improbioribus
1638 2084 1819 2145 labris
1886 2086 2157 2145 homines
2217 2105 2248 2146 a
2308 2104 2521 2164 graeco
2591 2077 2769 2167 παρὰ
2830 2079 2909 2147 τὰ
2972 2087 3176 2167 χείλη.
3209 2110 3261 2149 15

572 2192 700 2253 talis
739 2194 1007 2271 quaestio
1052 2200 1144 2252 est
1182 2201 1238 2252 cc
1277 2194 1432 2251 circa
1472 2192 1748 2252 cohortes
1787 2202 1849 2253 et
1885 2201 2141 2273 coorteS,
2179 2192 2280 2253 ubi
2318 2192 2612 2253 diversam
2651 2192 2966 2254 voluerunt
3002 2196 3179 2273 signi—

568 2301 901 2360 ficationem
942 2318 1073 2360 esse
1111 2302 1495 2380 grammatici,
1541 2308 1609 2361 ut
1646 2310 1882 2362 coortes
1922 2301 2041 2360 sint
2077 2299 2364 2381 villarum,
2412 2301 2569 2361 unde
2608 2300 2879 2361 homines
2917 2304 3182 2363 coorian·

570 2416 668 2467 tur
727 2407 948 2486 pariter
1004 2400 1181 2489 (oriri
1237 2409 1395 2468 enim
1452 2407 1604 2486 apud
1663 2409 1939 2486 antiquos
1987 2425 2232 2485 surgere
2282 2408 2630 2486 frequenter
2676 2408 3069 2490 significabat,
3116 2417 3185 2470 ut

466 2502 471 2503 ⁷
569 2522 813 2593 apparet
846 2532 916 2574 ex
955 2532 1025 2574 eo
1065 2514 1222 2593 quod
1274 2514 1492 2574 dicitur
1541 2509 1823 2573 ‘oriens
1871 2512 2124 2573 consul
2175 2515 2594 2591 magistrum
2641 2513 2890 2592 populi
2938 2512 3183 2598 dicat',

570 2620 726 2698 quod
775 2628 869 2681 est
906 2614 1213 2705 surgens):
1260 2630 1318 2682 at
1356 2620 1634 2681 cohortes
1672 2619 1927 2681 militum
1964 2637 1994 2680 a
2036 2628 2235 2680 mutua
2276 2619 2700 2680 cohortatione.
2767 2638 2902 2680 nam
2942 2620 3183 2682 chortes
3212 2643 3266 2680 20

572 2726 844 2789 audimus
905 2728 1145 2808 quidem
1204 2727 1395 2811 vulgo,
1457 2726 1558 2788 sed
1621 2726 1869 2788 barbare
1931 2726 2063 2788 dici.
2158 2726 2230 2787 de
2285 2727 2594 2806 superiore
2651 2725 2981 2789 differentia
3035 2729 3179 2791 mihi

571 2833 732 2896 aliud
780 2836 1013 2896 videtur
1069 2829 1237 2918 (cum
1285 2838 1561 2916 superius
1608 2835 1681 2895 de
1730 2834 2128 2914 adspiratione
2176 2833 2472 2915 loquerer,
2534 2834 2768 2895 ostendi
2814 2834 2874 2895 id
2922 2855 3180 2919 quoque,

747 3026 926 3082 Codex
967 3027 1266 3082 Parrhasii
1341 3034 1366 3081 1
1407 3027 1539 3081 urbs
1577 3029 1635 3081 et
1671 3024 1837 3094 nupsi
1874 3026 1932 3079 et
1966 3023 2128 3093 plebs
2273 3030 2307 3077 4
2345 3023 2647 3080 declinatio
2678 3027 2778 3079 aut
2813 3025 3028 3081 sordidi
3066 3043 3179 3081 ser-

568 3106 749 3162 monis
784 3107 919 3162 uiris
957 3108 1243 3177 coeperint
1388 3111 1419 3160 5
1457 3105 1556 3160 sed
1594 3102 1983 3160 consuetudini
2021 3103 2120 3158 sed
2154 3120 2335 3159 nouae
2374 3107 2432 3158 et
2467 3106 2646 3160 ueteri
2684 3105 3036 3161 adnotationi

568 3193 598 3242 '¹1
636 3186 812 3257 possit
954 3195 985 3244 8
1024 3190 1314 3259 poeniteat
1459 3193 1521 3240 11
1564 3185 1926 3255 generaliter]
1966 3200 2132 3239 canes
2292 3191 2358 3239 14
2396 3188 2454 3240 et
2490 3186 2743 3257 oblongi]
2783 3189 2842 3242 et
2877 3188 3032 3256 longi

568 3272 632 3320 15
656 3265 1101 3340 inprobioribus]
1140 3268 1199 3322 in
1240 3266 1622 3337 proprioribus
1732 3270 1798 3318 16
1830 3265 1914 3317 est
1942 3263 2089 3317 citoa
2201 3271 2263 3319 19
2293 3268 2531 3334 apparet
2556 3264 2614 3320 in
2645 3283 2710 3321 eo
2818 3272 2889 3323 20
2926 3268 3175 3340 chortes]

571 3346 827 3402 cohortes
990 3354 1059 3403 22
1099 3349 1169 3404 de
1206 3346 1642 3417 adspirationem
1661 3387 1674 3411 ,
1711 3344 1804 3398 sed
1841 3343 1910 3396 de
1939 3343 2130 3410 prima
2164 3361 2335 3400 manu
2371 3347 2538 3402 deleto

743 3522 774 3570 3
826 3517 1017 3571 sorbui
1054 3517 1359 3572 secundum
1395 3513 1792 3571 auctoritatem
1830 3514 1886 3568 R
2065 3519 2099 3566 4
2145 3515 2285 3569 haec
2321 3514 2624 3570 declinatio
2663 3515 2873 3571 sordidi
2910 3519 3181 3574 sermonis

564 3596 716 3651 virus
755 3599 966 3666 ceperit
1002 3598 1058 3652 R
1238 3603 1269 3651 5
1318 3597 1412 3652 sed
1452 3594 1866 3662 consuetudini,
1915 3594 2012 3650 sed
2057 3610 2240 3649 nouae
2276 3597 2334 3649 et
2383 3595 2560 3649 ueteri
2597 3595 2946 3650 adnotationi
2981 3596 3038 3650 R

569 3682 599 3730 7
640 3693 767 3730 cum
804 3677 986 3746 possit
1020 3677 1204 3732 dicere
1240 3676 1296 3731 R
1458 3682 1491 3729 8
1529 3691 1631 3730 nec
1668 3675 1748 3746 te]
1800 3675 1954 3745 Vera.
1996 3676 2164 3730 bucol.
2204 3682 2264 3742 2,
2302 3680 2374 3731 34
2531 3682 2563 3729 9
2602 3675 2758 3746 hinc]
2811 3675 2963 3745 Very.
3000 3693 3177 3747 yeory.

566 3756 651 3808 II
683 3758 789 3810 444
975 3763 1039 3810 10
1086 3758 1326 3812 actarios
1374 3775 1447 3811 an
1494 3754 1774 3812 actuarios
1812 3786 1880 3795 —
1913 3760 1979 3808 15
2027 3753 2181 3824 χείλη
2231 3754 2415 3809 Velius
2459 3755 2686 3825 Lonyus
2736 3757 2891 3824 apud
2937 3756 3178 3812 Cassiod.

556 3852 617 3904 p.
656 3840 817 3891 2287
937 3842 1001 3890 11
1054 3851 1181 3890 cum
1217 3835 1494 3891 actuarios
1530 3853 1695 3892 canes
1732 3835 1957 3904 quidem
1994 3834 2065 3888 R.
2106 3835 2342 3889 actuarii
2377 3834 2736 3889 nominantur
2772 3835 3004 3891 diversis
3041 3838 3180 3891 acti-

564 3915 668 3969 bus
694 3915 1030 3985 generaliter
1058 3918 1317 3988 occupati
1343 3922 1596 3987 excerpta
1612 3917 1951 3971 Cassiodorii
2078 3920 2142 3969 13
2171 3914 2306 3969 item
2334 3915 2511 3969 alium
2540 3931 2660 3969 esse
2689 3915 2927 3971 cilonem
2950 3949 3012 3958 -
3038 3925 3123 3987 75,
3145 3926 3179 3974 ὅ

566 3997 796 4064 possent
832 4014 894 4066 p.
935 4002 1027 4066 68,
1068 4001 1139 4051 14
1296 4004 1361 4051 14
1407 3997 1543 4051 item
1591 3996 1747 4051 aliud
1792 3999 1881 4049 est
1926 4012 2046 4049 esse
2094 3993 2358 4063 cilonem,
2406 3993 2562 4048 aliud
2609 3995 2904 4051 chilonem.
2969 3997 3209 4053 cilones·

566 4077 837 4130 vocantur
871 4077 1126 4134 homines
1164 4078 1391 4150 angusti
1427 4077 1628 4148 capitis
1658 4079 1717 4131 et
1752 4075 1934 4146 longi,
1974 4078 2032 4130 et
2067 4074 2505 4145 adspirationem
2533 4092 2647 4131 non
2683 4076 2872 4131 habet.
2931 4077 3179 4134 chilones

562 4173 695 4211 vero
741 4174 866 4212 cum
913 4158 1292 4228 adspiratione
1338 4158 1535 4229 scripti
1579 4174 1615 4212 a
1659 4154 2007 4210 brevioribus
2052 4155 2221 4209 labiis
2269 4155 2522 4211 homines
2570 4156 2891 4211 vocitantur
2926 4163 3181 4226 excerpta

566 4240 920 4295 Cassiodorii.
978 4239 1188 4295 cilones
1226 4238 1485 4294 dicuntur
1522 4254 1758 4308 quorum
1788 4236 1980 4306 capita
2008 4235 2253 4305 oblonga
2280 4238 2340 4291 et
2375 4252 2694 4305 compressa
2731 4239 2887 4305 sunt,
2925 4238 3178 4293 chilones

563 4321 754 4375 autem
791 4335 917 4374 cum
946 4318 1323 4390 adspiratione
1362 4336 1428 4373 ex
1464 4334 1667 4388 graeco
1708 4334 1743 4372 a.
1778 4316 1951 4371 labris
1987 4315 2438 4384 improbioribus,
2478 4335 2620 4386 quae
2656 4316 2744 4372 illi
2781 4320 2988 4372 vocant
3022 4320 3179 4387 χείλη

566 4399 852 4456 Charisius
882 4418 942 4471 p.
980 4405 1112 4466 102,
1150 4404 1199 4454 1.
1257 4398 1465 4453 cilones
1503 4413 1738 4467 quorum
1778 4395 1970 4465 capita
2009 4395 2254 4464 oblonga
2291 4397 2519 4450 Placidi
2553 4399 2760 4466 ylo-asae
2791 4413 2850 4465 p.
2889 4402 2985 4461 25,
3025 4403 3058 4450 5
3096 4398 3175 4452 ed.

564 4481 868 4551 Deuerliny
1024 4487 1089 4535 16
1127 4479 1259 4534 talis
1297 4477 1554 4547 quaestio
1592 4481 1678 4531 est
1714 4477 1862 4531 circa
1898 4476 1954 4529 R
2125 4482 2190 4530 19
2244 4478 2480 4546 apparet
2513 4476 2572 4529 in
2612 4492 2676 4530 eo
2713 4476 2769 4530 R
2940 4482 3009 4530 20
3047 4492 3176 4530 nam

563 4563 743 4616 cortes
789 4561 1047 4616 audimus
1084 4561 1140 4615 R
1347 4566 1411 4614 21
1450 4560 1679 4627 fortasse
1718 4559 1818 4613 sed
1865 4556 2099 4611 barbare
2146 4556 2352 4611 dicitur
2550 4556 2690 4611 mihi
2736 4555 2890 4610 aliud
2938 4554 3178 4624 videtur,

564 4641 713 4709 quod
753 4658 879 4696 cum
909 4641 1161 4712 superius
1198 4642 1268 4697 de
1297 4638 1643 4710 aspiratione
1681 4639 1965 4708 loquerer,
2004 4636 2238 4693 ostendi.
2294 4635 2359 4689 Id
2396 4651 2618 4704 quoque
2653 4635 2815 4689 illum
2845 4634 2953 4690 sibi
2989 4633 3175 4689 locum
3249 4675 3260 4684 .

564 4720 761 4777 fecisse
788 4721 859 4777 R.
888 4723 1019 4776 haec
1052 4739 1191 4793 quae
1226 4739 1293 4776 ex
1319 4721 1599 4791 superiore
1624 4719 1997 4786 disputatione
2023 4720 2088 4772 de
2116 4717 2493 4784 adspiratione
2524 4732 2581 4783 p.
2604 4721 2697 4780 68,
2717 4719 2785 4768 14
2801 4731 2912 4784 sqq.
2934 4732 2970 4768 a
2995 4730 3176 4783 yram·

567 4802 765 4856 maoico
800 4803 1058 4871 repetita,
1093 4803 1186 4857 sed
1219 4817 1334 4856 non
1368 4801 1506 4854 satis
1541 4804 1667 4868 apte
1699 4799 1798 4852 hoc
1835 4798 1948 4851 loco
1984 4797 2309 4866 interposita
2342 4801 2500 4862 sunt,
2535 4796 2617 4849 vel
2642 4800 2772 4864 post
2811 4801 2875 4849 15
2913 4790 3068 4864 παρὰ
3105 4792 3175 4849 τὰ

566 4881 720 4949 χείλη
756 4881 839 4935 vel
865 4886 992 4949 post
1032 4885 1112 4948 ⁷5,
1156 4887 1188 4935 6
1226 4880 1379 4950 φῦλα
1415 4877 1479 4935 δὲ
1520 4874 1723 4948 φύλοις
1757 4878 2015 4932 videntiu-
2051 4877 2464 4946 branaponenda
2501 4891 2609 4930 esse
