3613 5528
606 406 737 470 330
1742 410 2062 466 AVDACIS

603 517 648 554 p.
677 509 729 548 10
756 507 816 547 H.

605 590 907 653 habebunt
951 600 1290 673 accentum,
1343 600 1408 654 ut
1453 594 1580 675 pix,
1626 596 1753 676 nix,
1802 595 1895 656 sax
1944 643 1957 656 .
2005 612 2414 675 quaecumque
2462 602 2671 655 natura
2719 594 2928 674 longae
2975 595 3217 676 suerint,

605 699 983 760 circumflexo
1013 707 1262 761 accentu
1291 701 1866 783 pronuntiabuntur,
1897 711 1963 763 ut
1998 701 2131 783 doe,
2172 704 2335 782 speS‚
2373 710 2487 762 res.
2536 700 2606 761 ln
2643 700 2943 781 disyllabis
2975 695 2984 785 Ι
3026 698 3216 782 quid?

605 804 667 866 Si
724 808 890 885 prior
947 816 1155 868 natura
1212 804 1384 886 longa
1449 806 1632 868 fuerit
1694 810 2026 888 posteriore
2095 816 2399 888 correpta,
2461 811 2628 888 prior
2692 808 3215 889 circumflectetur,

514 939 543 966 x
601 920 669 973 ut
712 912 889 992 hora,
946 913 1129 974 Roma
1180 961 1193 974 .
1241 913 1394 984 Quid
1443 915 1492 974 si
1541 919 1848 991 posterior
1894 917 2209 993 producta
2268 916 2387 975 sit?
2459 913 2658 997 Prior,
2713 934 2821 977 seu
2876 916 3050 996 longa
3106 933 3218 976 seu

407 2654 551 2704 isaei

601 1018 799 1081 brevis
848 1022 1055 1101 suerit,
1101 1029 1349 1082 acuatur
1396 1040 1641 1083 necesse
1689 1031 1808 1103 est,
1853 1030 1923 1083 ut
1967 1022 2154 1104 leges,
2206 1021 2365 1083 salus
2406 1070 2417 1084 .
2458 1024 2509 1083 si
2547 1020 2750 1083 ambae
2799 1021 3011 1084 breves
3057 1031 3215 1102 sunt,
3272 1037 3298 1076 s

601 1135 848 1190 acuetur
895 1130 1113 1209 prima,
1161 1138 1227 1190 ut
1272 1128 1448 1210 deus,
1494 1127 1670 1189 homo
1710 1176 1723 1189 .
1762 1128 1917 1200 Quid
1959 1132 2018 1190 in
2055 1128 2375 1209 trisyllabis
2414 1138 2476 1190 et
2513 1129 2903 1210 tetrasyllabis
2931 1140 3034 1192 aut
3061 1147 3210 1209 quae

599 1234 802 1314 plures
849 1234 1153 1297 habebunt
1198 1232 1492 1315 syllabas?
1565 1235 1628 1296 Si
1666 1236 2028 1316 paenultima
2064 1235 2261 1297 brevis
2300 1237 2508 1317 suerit,
2555 1256 2705 1317 quae
2743 1255 2870 1298 eam
2909 1236 3214 1316 praecedit

600 1352 875 1424 acuetur,
911 1352 980 1404 ut
1016 1342 1273 1423 Tullius,
1310 1342 1668 1404 Hortensius
1698 1390 1711 1403 .
1742 1342 1897 1414 Quid
1937 1342 2179 1423 deinde,
2224 1345 2275 1404 si
2313 1344 2672 1423 paenultima
2702 1348 3004 1422 positione
3038 1344 3213 1424 longa

599 1447 823 1512 fuerit?
870 1450 1001 1531 Ipsa
1030 1459 1269 1511 acutum
1298 1449 1538 1512 habebit
1565 1458 1876 1512 accentum
1886 1499 1904 1531 ,
1942 1450 2397 1530 praecedentem
2427 1461 2628 1513 autem
2655 1470 2895 1531 gravem
2924 1452 3116 1532 saciet,
3143 1458 3213 1511 ut

599 1557 891 1639 Catullu8‚
938 1557 1208 1619 Metellus
1256 1605 1268 1618 .
1317 1557 1471 1629 Quid
1519 1560 1569 1618 si
1617 1558 1976 1638 paenultima
2026 1558 2373 1621 naturaliter
2418 1559 2708 1639 producta
2755 1561 2962 1640 suerit,
3017 1561 3097 1620 ita
3141 1565 3212 1619 ut
3240 1572 3295 1612 ιο

598 1664 801 1726 ultima
852 1664 1048 1725 brevis
1095 1661 1216 1727 sit?
1288 1664 1717 1726 paenultimam
1765 1664 2333 1746 circumflectemuS,
2379 1675 2447 1727 ut
2484 1665 2810 1748 Cethegu3‚
2855 1666 3156 1728 Romanus
3196 1712 3210 1726 .

598 1771 754 1843 Quid
801 1775 851 1833 si
897 1771 1071 1852 longa
1117 1773 1298 1833 suerit
1345 1768 1594 1833 ultima?
1667 1771 2070 1833 Paenultimae
2116 1778 2359 1832 acutum
2419 1771 2690 1833 dabimus
2745 1779 3082 1854 accentum,
3144 1780 3211 1832 ut

597 1878 886 1960 Athenae,
949 1878 1207 1940 Fidenae
1266 1924 1281 1939 .
1340 1878 1494 1950 Quid
1557 1897 1765 1958 graeca
1823 1875 2104 1940 nomina?
2186 1878 2250 1939 Si
2307 1877 2496 1939 isdem
2544 1878 2757 1940 litteris
2803 1878 3211 1957 proferuntur,

595 2004 840 2065 graecos
888 1994 1170 2047 accentus
1216 1984 1535 2048 habebunt.
1612 2004 1745 2047 nam
1793 1994 1854 2046 et
1899 2003 2036 2046 cum
2084 1985 2337 2046 dicimus
2384 1984 2600 2065 Thyias
2646 1994 2708 2046 et
2753 1984 2922 2064 Nais,
2967 1992 3206 2046 acutum

595 2092 899 2155 habebunt
935 2096 1267 2174 posteriore
1305 2101 1644 2175 accentum3
1692 2102 1919 2154 etcum
1949 2092 2285 2175 Themisto,
2322 2092 2597 2174 Calypso,
2634 2091 2905 2171 Theano,
2943 2090 3207 2152 ultimam
3237 2107 3288 2146 15

595 2200 983 2262 circumflecti
1019 2201 1288 2262 videmus
1337 2249 1350 2262 .
1397 2209 1719 2279 utrumque
1766 2199 1986 2261 latinus
2033 2217 2230 2260 sermo
2278 2217 2396 2260 non
2443 2200 2694 2280 patitur,
2741 2200 2854 2259 nisi
2891 2196 3204 2258 admodum

598 2324 746 2368 raro.
822 2306 944 2368 sola
982 2311 1247 2369 occurrit
1284 2326 1426 2387 ergo
1465 2308 1835 2388 coniunctio,
1871 2309 1930 2367 in
1974 2325 2087 2386 qua
2124 2309 2422 2386 posterior
2462 2305 2841 2367 circumflexa
2878 2304 3203 2385 deprehen-

594 2412 756 2475 ditur
805 2462 817 2474 .
864 2417 1007 2476 item
1054 2413 1394 2476 adverbium
1452 2433 1606 2494 pone
1654 2415 1986 2496 posteriore
2034 2422 2273 2474 acutum
2329 2414 2544 2494 recipit
2599 2419 2939 2494 accentum,
2996 2430 3071 2472 ne
3129 2413 3207 2472 sit

594 2520 857 2581 verbum.
2438 2577 2443 2581 .

774 2626 936 2698 Quae
998 2636 1091 2689 est
1150 2629 1334 2707 figura
1396 2630 1556 2689 acuti
1615 2623 1943 2688 accentus?
2028 2627 2053 2688 1
2115 2627 2420 2708 obliquum
2480 2631 2542 2689 in
2605 2629 2910 2690 dexteram
2973 2635 3203 2707 partem
3233 2642 3288 2681 20

593 2733 882 2796 scandens
912 2736 991 2796 ita
1001 2730 1034 2815 s
1049 2783 1061 2795 .
1084 2734 1247 2806 Quae
1277 2744 1369 2797 est
1389 2736 1573 2797 forma
1603 2737 1796 2816 gravis
1827 2732 2152 2798 accentus?
2198 2736 2547 2813 lobliquum
2566 2738 2627 2797 in
2652 2735 2954 2797 dexteram
2974 2741 3204 2816 partem

739 2887 763 2933 1
806 2879 921 2950 fax]
961 2896 1071 2950 pax
1112 2881 1185 2933 M
1299 2881 1707 2952 quaecumque]
1749 2897 1896 2949 quae
1935 2882 2011 2935 M
2122 2890 2155 2938 2
2195 2883 2550 2939 circumflexu
2588 2882 2882 2936 accentum
2921 2880 2997 2934 M
3101 2879 3203 2934 dos

591 2977 715 3031 spes
752 2977 838 3015 res
888 2960 940 3013 V
971 2959 1073 3015 dos
1106 2976 1206 3030 pes
1244 2976 1334 3014 res
1369 2959 1498 3014 BF
1530 2959 1630 3015 dos
1667 2978 1753 3016 res
1788 2978 1888 3030 pes
1945 2962 2020 3015 M
2141 2963 2248 3020 lnt.
2287 2963 2344 3019 in
2396 2963 2703 3018 dissillabis
2749 2960 2901 3030 quod
2955 2958 3002 3014 si
3052 2958 3205 3028 prior

589 3041 791 3095 natura
854 3040 1026 3110 longa
1086 3039 1258 3094 fuerit
1309 3041 1374 3094 R.
1414 3039 1730 3110 posteriora
1784 3045 2045 3111 correpta
2097 3045 2251 3112 prior
2295 3043 2750 3098 circumflectitur
2792 3042 2859 3095 ut
2903 3056 3002 3095 ora
3045 3056 3205 3095 roma

590 3120 694 3174 Int.
769 3119 905 3188 quid
977 3120 1025 3175 si
1100 3119 1252 3190 prior
1315 3119 1504 3174 breuis
1566 3119 1737 3175 fuerit
1799 3124 2035 3177 acuatur
2095 3140 2322 3179 necesse
2385 3125 2451 3177 ut
2513 3122 2668 3192 agies
2731 3120 2870 3175 alies
2933 3118 2984 3173 si
3036 3120 3201 3174 ambe

589 3199 793 3255 braeue
838 3203 968 3255 sunt
1011 3205 1242 3256 acuetur
1290 3199 1474 3270 prima
1519 3203 1583 3254 ut
1627 3199 1763 3256 deus
1810 3203 1977 3258 homo
2022 3202 2131 3258 Int.
2183 3202 2321 3274 quid
2366 3196 2454 3258 ini,
2517 3199 2838 3256 trissillabis
2902 3202 2961 3254 et
3029 3200 3202 3254 tetra·

588 3280 820 3349 syllabis
883 3283 1052 3350 atque
1114 3281 1305 3352 plures
1367 3278 1658 3335 habebunt
1719 3282 1968 3352 syllabas
2023 3283 2088 3337 R„
2146 3283 2195 3337 si
2247 3282 2559 3352 penultima
2610 3280 2798 3337 breuis
2859 3278 3032 3334 fuerit
3093 3296 3202 3349 que

590 3377 713 3415 eam
778 3360 1067 3430 praecedit
1129 3362 1359 3416 acuetur
1422 3361 1487 3414 ut
1544 3358 1742 3414 tullius
1805 3360 2120 3415 hortentius
2177 3361 2253 3415 M
2314 3361 2419 3415 Int.
2484 3361 2543 3416 in
2597 3359 2906 3431 dysyllabis
2961 3358 3097 3428 quid
3154 3359 3203 3414 si

587 3439 710 3508 prio
755 3440 928 3511 longa
973 3440 1096 3496 erit.
1143 3442 1208 3495 R.
1255 3440 1561 3511 posteriore
1609 3444 1868 3510 correpta
1912 3439 2065 3510 prior
2117 3440 2587 3496 circumflectetur
2633 3445 2698 3497 ut
2734 3457 2834 3496 ora
2869 3457 3027 3496 roma
3063 3439 3202 3509 quid

587 3517 635 3572 si
670 3519 825 3587 prior
858 3519 1046 3574 breuis
1082 3520 1268 3575 fuerit.
1306 3522 1372 3576 R.
1409 3520 1688 3591 posterior
1732 3537 1832 3575 seu
1882 3520 2054 3590 longa
2100 3537 2198 3575 seu
2243 3519 2430 3576 breuis
2476 3522 2648 3577 tuerit
2695 3523 2929 3575 acuatur
2974 3535 3200 3574 necesse

587 3600 673 3652 est
710 3598 896 3654 ALES
942 3599 1142 3655 AGER
1186 3603 1245 3656 et
1289 3600 1338 3655 si
1385 3602 1587 3656 ambae
1632 3601 1803 3655 breue
1855 3601 1988 3655 sunt
2034 3602 2265 3655 acuetur
2308 3599 2491 3670 prima
2536 3604 2601 3657 ut
2646 3601 2781 3656 deus
2832 3601 3000 3656 homo
3040 3643 3052 3655 .
3090 3598 3199 3652 lnt.

587 3678 723 3748 quid
764 3678 825 3733 in
873 3679 1014 3747 trib3
1061 3680 1293 3749 syllabis
1349 3684 1409 3737 et
1461 3679 1845 3750 tetrasyllabis
1902 3681 2000 3734 aut
2059 3696 2203 3749 quae
2258 3680 2447 3749 plures
2502 3679 2746 3750 syllabas
2806 3679 3097 3734 habebunt
3151 3675 3198 3731 si

585 3758 900 3828 penultima
935 3759 1121 3814 breuis
1156 3758 1329 3814 fuerit
1365 3776 1508 3829 quae
1545 3776 1671 3815 eam
1708 3761 1941 3815 acuetur
1975 3761 2042 3815 ut
2068 3760 2265 3815 tullius
2295 3759 2568 3816 ortentius
2597 3764 2656 3817 et
2684 3759 2875 3816 anima
2902 3758 2966 3813 F
2995 3759 3101 3814 Int.
3139 3758 3200 3813 in

591 3837 912 3907 dissyllabis
949 3838 1083 3908 quid
1123 3839 1171 3893 si
1216 3839 1371 3910 prior
1414 3842 1620 3894 natura
1664 3841 1838 3911 longa
1882 3841 1991 3896 erit
2025 3840 2089 3894 R.
2127 3841 2441 3910 posteriora
2484 3843 2742 3911 correpta
2775 3839 2931 3909 prior
2965 3838 3198 3893 circum·

585 3916 840 3973 flectetur
876 3921 940 3974 ut
975 3935 1132 3974 roma
1166 3920 1274 3973 Int.
1315 3919 1453 3988 quid
1488 3919 1537 3975 si
1572 3919 1725 3991 prior
1760 3920 1949 3976 breuis
1999 3918 2172 3976 fuerit
2206 3918 2274 3973 R.
2312 3919 2464 3988 prior
2509 3936 2606 3975 seu
2650 3920 2823 3989 longa
2868 3935 2967 3973 seu
3011 3916 3198 3973 breuis

584 3996 757 4052 fuerit
792 4015 937 4067 quae
975 4015 1041 4054 ea
1076 3998 1369 4069 praecedit
1403 4001 1637 4055 acuetur
1671 4002 1734 4055 ut
1770 4000 1969 4056 tullius
2004 3999 2321 4056 hortensius
2348 3999 2421 4053 Β.
2458 4001 2832 4070 supplementa
2859 3997 3122 4067 praebuit
3153 3996 3203 4048 V

657 4086 688 4133 8
726 4079 1004 4147 positione
1041 4096 1142 4134 om.
1170 4079 1315 4133 ΒΜ
1323 4078 1399 4148 F,
1436 4080 1563 4135 add.
1607 4080 1659 4135 V
1798 4087 1832 4134 9
1869 4081 1995 4151 ipsa
2030 4082 2220 4135 autem
2258 4080 2517 4133 accutum
2555 4080 2612 4134 Β
2755 4077 2967 4149 autem]
3005 4079 3105 4131 aut
3141 4075 3202 4129 F

654 4160 826 4216 faciet
859 4161 916 4215 Β
951 4160 1091 4216 facit
1127 4160 1204 4213 Μ
1229 4159 1404 4215 faciat
1440 4159 1501 4213 F
1609 4168 1674 4216 10
1713 4160 1991 4233 Catullus]
2024 4160 2258 4216 catellus
2286 4159 2341 4212 Β
2452 4166 2516 4214 11
2557 4159 2928 4230 penultimam
2965 4157 3200 4212 circum·

587 4239 865 4296 flectimus
904 4242 979 4296 M
986 4241 1048 4295 F
1078 4239 1392 4311 penultima
1430 4241 1920 4297 circumflectimus
1957 4239 2013 4293 Β
2122 4239 2350 4294 cetheus
2377 4238 2434 4292 Β
2544 4247 2610 4295 12
2638 4239 2811 4295 fuerit
2838 4237 2902 4293 F
2925 4237 3034 4293 erit
3058 4236 3200 4291 ΒΜ

585 4327 651 4375 14
689 4323 926 4378 dicimus
981 4322 1162 4378 ethias
1211 4324 1271 4376 et
1316 4320 1439 4376 nais
1493 4320 1568 4374 Μ
1577 4320 1639 4374 F
1677 4321 1916 4377 dicimus
1961 4319 2219 4375 ethianas
2264 4319 2320 4373 Β
2468 4325 2533 4374 15
2571 4319 2941 4389 posteriorem
2986 4316 3132 4371 ΒΜ
3142 4315 3203 4369 F

689 4402 902 4472 calipso
958 4403 1164 4458 theano
1222 4402 1297 4456 Μ
1349 4399 1566 4471 calipso
1612 4404 1781 4456 teano
1836 4400 1969 4456 BF
2123 4402 2382 4457 ultimam
2438 4417 2540 4456 om.
2600 4401 2676 4455 Μ
2832 4406 2896 4456 16
2952 4397 3197 4452 uidimus

584 4482 881 4551 utramque
918 4487 991 4537 M
1126 4481 1377 4553 patiatur
1417 4482 1493 4536 M
1639 4487 1702 4536 18
1748 4498 1928 4551 poene
1977 4498 2117 4536 corr.
2164 4498 2311 4551 pone
2347 4481 2404 4535 Β
2546 4480 2857 4552 posteriore
2901 4480 3200 4535 Dositheus

576 4577 634 4628 p.
673 4566 764 4630 10,
800 4563 1080 4632 posterior
1115 4562 1260 4617 ΒΜ
1269 4561 1330 4615 F
1469 4568 1538 4616 20
1577 4561 1701 4615 Indi
1739 4562 2033 4631 obliquum
2070 4563 2357 4618 dexteram
2394 4563 2612 4631 partem
2651 4560 2923 4616 scandens
2959 4562 3044 4617 ita
3077 4580 3198 4618 una

581 4642 765 4696 littera
794 4648 922 4712 post
958 4643 1041 4698 ita
1076 4644 1250 4698 deleta
1275 4642 1331 4696 Β
1368 4643 1395 4697 1
1431 4641 1673 4697 oblicum
1713 4642 2002 4697 dexteram
2030 4645 2249 4713 partem
2278 4640 2549 4697 scandens
2575 4639 2663 4695 ita
2687 4644 2778 4696 est
2806 4640 2882 4694 M
2905 4641 3196 4711 obliquum

584 4721 872 4776 dexteram
907 4725 1127 4794 partem
1165 4722 1470 4778 ascendens
1510 4721 1572 4776 F
1592 4728 1728 4776 nota
1764 4724 1917 4778 acidi
1953 4729 2205 4779 accentus
2240 4725 2305 4779 in
2338 4723 2590 4778 omuibus
2625 4722 2826 4776 omissa
2966 4727 3032 4776 21
3073 4721 3100 4775 I
3136 4722 3197 4777 in

580 4798 867 4856 dexteram
905 4805 1121 4873 partem
1160 4802 1491 4859 discendens
1527 4803 1611 4857 ita
1647 4807 1712 4861 Α·
1749 4803 1806 4857 Β
1844 4803 1902 4858 in
1940 4804 2228 4859 dexteram
2264 4806 2485 4874 partem
2520 4802 2852 4859 discendens
2890 4801 2975 4858 ita
3009 4804 3095 4857 est
3125 4802 3203 4856 M

582 4878 637 4934 in
675 4882 954 4937 dexteram
1010 4886 1229 4953 partem
1277 4883 1618 4940 descendens
1667 4884 1748 4940 ita
1785 4886 1812 4939 Ι
1853 4883 1916 4939 F
