3613 5528
568 386 699 452 352
1708 385 2026 442 AVDACIS

568 499 612 538 p.
639 489 706 529 31.
733 490 786 530 32
814 488 875 531 Η.

569 572 780 634 verbis.
867 573 1235 652 Praepositio
1296 579 1441 651 quot
1505 590 1683 633 sonos
1754 568 1976 634 habet?
2075 572 2335 634 Numero
2409 573 2832 651 quinquaginta
2905 572 3168 650 quinque

570 689 815 742 tantum.
923 679 1356 759 praepositioni
1428 687 1572 758 quot
1645 674 1966 740 accidunt?
2072 679 2216 740 Tria
2281 726 2294 740 .
2369 681 2578 753 Quae?
2681 677 2894 761 Casus,
2967 678 3172 759 figura,

570 796 867 848 accentus.

745 895 1093 956 Accusativo
1133 895 1297 954 casui
1334 901 1479 972 quot
1518 886 1528 975 Ι
1568 895 2039 974 praepositiones
2076 888 2396 954 accidunt?
2468 892 2728 955 Numero
2767 894 3008 972 triginta
3042 891 3170 965 bae,

569 1002 640 1063 ad
679 1005 960 1082 amicum,
1007 1001 1161 1081 apud
1199 1000 1492 1082 bospiteS,
1540 1010 1673 1062 ante
1713 1019 1947 1083 arcum,
1992 1001 2275 1062 adversus
2313 1000 2543 1082 hostes,
2590 1003 2675 1062 cis
2712 1001 2984 1081 fluvium,
3021 1001 3170 1060 citra
3223 1013 3252 1055 5

569 1110 1018 1190 conscientiam,
1086 1109 1313 1169 circum
1380 1125 1614 1169 murum
1623 1156 1643 1190 ‚
1716 1110 1877 1169 circa
1941 1108 2324 1190 domesticos»,
2402 1116 2606 1169 contra
2669 1109 2966 1182 1111011605,
3032 1122 3171 1185 erga

570 1215 782 1297 filium,
842 1223 1009 1277 extra
1067 1217 1344 1297 patriam,
1402 1217 1558 1276 inter
1619 1214 1973 1297 prudentes,
2045 1217 2198 1276 intra
2262 1214 2569 1297 palatium,
2641 1215 2794 1275 infra
2868 1212 3170 1293 templum,

568 1324 730 1384 iuxta
774 1321 1040 1404 balneas,
1086 1321 1161 1381 ob
1209 1323 1516 1404 meritum,
1572 1340 1757 1402 penes
1803 1321 1995 1398 illum,
2051 1340 2159 1402 per
2206 1323 2383 1403 viam,
2435 1339 2621 1402 prope
2683 1339 2872 1401 mare,
2924 1326 3171 1401 propter

568 1448 840 1511 uxorem,
887 1440 1126 1511 praeter
1172 1446 1491 1510 summam,
1544 1436 1682 1509 post
1727 1447 1943 1510 annos,
1997 1447 2151 1509 pone
2190 1428 2416 1509 locum,
2460 1427 2788 1491 secundum
2834 1429 2957 1509 ius,
3004 1435 3170 1488 trans

568 1538 819 1621 flumen,
865 1537 1020 1599 ultra
1067 1541 1250 1619 vires,
1297 1555 1487 1616 usque
1534 1536 1811 1617 Romam,
1858 1555 2033 1598 secus
2079 1556 2209 1618 vos,
2265 1554 2445 1617 supra
2492 1533 2870 1616 Capitolium,
2930 1534 3170 1594 circiter
3199 1551 3253 1591 ιο

571 1662 775 1705 annos.
863 1643 1128 1706 Ablativo
1184 1646 1349 1705 casui
1402 1652 1549 1723 quot
1603 1643 1880 1705 accidunt
1933 1639 2447 1724 praepositiones?
2518 1641 2775 1704 Numero
2833 1640 3171 1721 quindecim

569 1751 710 1831 bae,
745 1768 779 1810 a
816 1752 1077 1831 civitate,
1124 1749 1195 1811 ab
1233 1752 1448 1831 amico,
1493 1748 1598 1811 abs
1636 1758 1725 1832 te,
1772 1749 1995 1829 absque
2033 1751 2249 1830 servis,
2296 1768 2429 1811 cum
2470 1750 2680 1832 fratre,
2727 1767 2923 1810 coram
2961 1766 3170 1828 paren·

569 1857 752 1940 tibus,
814 1858 964 1919 clam
1022 1858 1285 1939 domino;
1347 1857 1421 1919 de
1481 1858 1644 1939 suga,
1707 1876 1740 1919 e
1800 1857 2025 1940 medio,
2084 1877 2157 1919 ex
2219 1875 2358 1939 usu,
2417 1876 2557 1937 prae
2619 1864 2809 1938 metu,
2868 1873 2977 1936 pro
3041 1855 3173 1937 fide,

570 1962 758 2044 palam
805 1962 1110 2045 omnibus,
1156 1965 1283 2025 sine
1330 1965 1478 2047 fine,
1536 1972 1712 2026 tenus
1758 1964 1934 2046 pube.
2025 1964 2271 2044 Vtrique
2326 1966 2519 2047 casui,
2574 1963 2633 2024 id
2691 1972 2783 2025 est
2838 1963 3171 2024 accusativo

570 2078 631 2132 et
675 2069 954 2152 ablativo,
1003 2079 1150 2151 quot
1192 2073 1660 2152 praepositiones
1707 2068 2027 2134 accidunt?
2100 2072 2421 2153 Quattuor,
2467 2072 2528 2131 in
2576 2069 2686 2132 sub
2727 2088 2907 2150 super
2945 2068 3169 2131 subter.
3201 2087 3253 2127 15

569 2176 740 2238 Nunc
798 2196 973 2257 quem
1021 2177 1093 2238 ad
1149 2177 1388 2239 modum
1446 2179 1555 2240 hae
1611 2198 1791 2260 supra
1846 2180 2036 2241 dictae
2093 2180 2563 2259 praepositiones
2618 2180 2951 2239 accusativo
3008 2178 3171 2238 casui

569 2292 629 2346 et
672 2303 847 2361 quem
894 2288 981 2347 ad
1031 2287 1269 2347 modum
1316 2287 1578 2347 ablativo
1625 2289 1802 2347 casui
1856 2281 2260 2366 respondent?
2336 2283 2582 2356 Quando
2630 2287 2716 2345 ire
2773 2286 2892 2345 isse
2946 2285 3172 2344 iturum

571 2408 701 2452 esse
779 2392 1205 2474 significamu8‚
1285 2391 1754 2471 praepositiones
1829 2410 1947 2471 quo
2022 2400 2083 2453 et
2154 2393 2487 2452 accusativo
2562 2394 2726 2452 casui
2807 2388 3170 2472 respondere

570 2506 890 2580 coguntur,
938 2506 1006 2559 ut
1050 2506 1193 2579 puta
1240 2493 1382 2578 ‘quo
1419 2494 1515 2559 is?
1560 2500 1621 2558 in
1668 2494 1906 2580 villam',
1953 2494 2095 2579 ‘quo
2133 2494 2368 2559 iveras?
2413 2500 2474 2558 in
2511 2494 2747 2579 villam’,
2795 2494 2936 2579 equo
2974 2500 3171 2560 iturus

570 2601 677 2667 es?
736 2607 796 2665 in
855 2599 1071 2666 villam'
1131 2653 1143 2665 .
1201 2612 1260 2665 at
1318 2623 1459 2665 vero
1515 2604 1749 2685 quando
1809 2623 1939 2666 esse
1997 2605 2180 2666 fuisse
2237 2606 2506 2666 futurum
2562 2623 2693 2666 esse
2754 2606 3172 2688 significamuS,
3200 2623 3253 2662 6ο

568 2714 1036 2795 praepositiones
1064 2710 1167 2773 ubi
1197 2719 1256 2774 et
1283 2710 1530 2774 ablativo
1561 2713 1724 2773 casui
1760 2711 2124 2793 respondere
2162 2713 2572 2796 inveniuntur,
2619 2721 2686 2775 ut
2720 2721 2863 2793 puta
2901 2708 3027 2776 ‘ubi
3064 2708 3173 2774 es?

569 2824 628 2882 in
677 2815 850 2902 vllla',
899 2815 1024 2881 ‘ubi
1071 2815 1282 2882 suisti?
1327 2822 1388 2880 10
1437 2814 1609 2901 villa',
1656 2815 1781 2881 ‘ubi
1828 2821 2069 2882 futurus
2116 2816 2224 2882 es?
2271 2822 2333 2880 10
2379 2816 2578 2881 villa'.
2619 2823 2707 2882 sic
2743 2830 2803 2882 et
2840 2819 2951 2881 sub
2990 2839 3173 2901 super

569 2927 776 2990 subter
805 2977 819 2989 .
847 2930 988 2989 item
1028 2926 1184 2989 aliud
1222 2934 1632 3008 praeceptum,
1671 2945 1788 3006 quo
1829 2926 2213 2989 dinoscantur
2250 2944 2427 3007 supra
2457 2925 2646 2989 dictae
2684 2931 3172 3012 praepositioneS,

571 3035 805 3116 quando
854 3037 1186 3097 accusativo
1232 3043 1293 3096 et
1334 3037 1580 3111 quando
1627 3036 1892 3097 ablativo
1940 3037 2104 3096 casui
2159 3033 2521 3114 respondere
2575 3034 2831 3097 debeant
2875 3084 2888 3097 .
2937 3035 3171 3116 quando

570 3143 727 3203 enim
791 3160 899 3203 nos
960 3161 1032 3203 ex
1095 3142 1290 3222 aliquo
1350 3141 1479 3202 1060
1539 3143 1600 3202 10
1662 3141 1841 3203 alium
1895 3142 2090 3203 locum
2147 3144 2456 3224 pervenire
2505 3143 2931 3226 significamuS‚
2990 3163 3169 3224 supra
3199 3159 3252 3200 25

569 3250 761 3311 dictae
799 3250 1268 3330 praepositiones
1306 3250 1638 3309 accusativo
1677 3250 1841 3309 casui
1879 3248 2241 3329 respondere
2281 3258 2603 3333 coguntur,
2649 3259 2717 3312 ut
2752 3260 2896 3332 puta
2933 3245 3173 3313 ‘cecidit

520 3383 527 3389 ·
568 3359 629 3417 in
676 3350 913 3432 sorum'‚
962 3351 1109 3416 eruit
1152 3357 1347 3435 paries
1393 3357 1454 3415 in
1503 3350 1745 3438 forum',
1801 3351 2132 3418 ‘deambula
2190 3359 2251 3418 in
2306 3352 2525 3419 sorum'
2573 3405 2587 3421 .
2635 3366 2694 3419 at
2746 3376 2888 3419 vero
2935 3357 3169 3438 quando

568 3466 629 3525 in
668 3462 878 3525 eodem
915 3462 1044 3523 1060
1083 3462 1212 3523 fieri
1249 3461 1468 3541 aliquid
1507 3463 1933 3547 significamUS,
1971 3482 2150 3545 supra
2186 3465 2377 3526 dictae
2415 3467 2883 3545 praepositiones
2920 3465 3169 3527 ablativo

570 3574 734 3632 casui
782 3569 1144 3650 respondere
1190 3567 1493 3651 videntur,
1539 3577 1607 3630 ut
1651 3578 1794 3649 puta
1841 3566 2053 3632 ‘cecidi
2099 3574 2159 3633 in
2208 3566 2380 3654 l'oro'‚
2427 3566 2572 3633 ‘ruit
2616 3574 2812 3653 paries
2857 3574 2919 3633 in
2963 3568 3116 3634 soro'
3156 3621 3170 3635 .

568 3680 655 3740 sic
711 3685 772 3739 et
825 3675 937 3738 sub
993 3675 1199 3737 subter
1253 3695 1434 3756 super
1499 3724 1511 3737 .
1566 3679 1709 3737 item
1767 3675 1841 3738 de
1899 3682 1961 3739 in
2016 3681 2452 3759 praepositione
2517 3679 2631 3740 1106
2686 3698 3023 3761 monemus,
3087 3688 3170 3755 ut,
3196 3696 3251 3736 so

569 3783 804 3865 quando
842 3802 951 3865 pro
991 3782 1185 3863 aliquo
1223 3783 1314 3845 vel
1352 3793 1556 3845 contra
1595 3784 1852 3864 aliquem
1890 3784 2109 3866 aliquid
2147 3788 2544 3866 significamus
2583 3796 2644 3849 et
2680 3806 2860 3868 supra
2890 3791 3169 3870 scriptam

566 3892 1066 3974 praepositionem
1113 3888 1495 3971 obponimus,
1555 3893 1888 3952 accusativo
1946 3895 2111 3954 casui
2155 3893 2649 3978 respondeamus,
2693 3905 2761 3958 ut
2806 3905 2947 3976 puta
2995 3892 3167 3957 ‘facio

569 3999 772 4062 laudes
819 4000 883 4059 in
929 3992 1191 4079 amicos'‚
1237 3992 1392 4059 ‘dico
1440 4000 1929 4078 vituperationem
1976 4001 2040 4061 in
2086 3995 2402 4083 inimicos'‚
2459 3997 2628 4062 ‘nihil
2685 4001 2815 4064 dico
2870 4006 2933 4065 in
2977 4000 3104 4066 vos’
3153 4051 3166 4065 .

744 4231 777 4279 2
833 4224 938 4280 101.
990 4222 1410 4294 Praepositione
1460 4226 1610 4294 quod
1674 4225 1937 4282 accidunt
1999 4225 2064 4280 R.
2127 4225 2299 4281 Casus
2353 4225 2704 4282 accusatione
2768 4231 2827 4284 61
2888 4229 3171 4287 6111611006

565 4304 856 4375 utriusque
893 4304 1180 4373 utriusque
1214 4304 1439 4374 loquele
1474 4306 1653 4375 figura
1690 4308 1952 4361 accentus
1987 4304 2044 4358 B
2083 4344 2097 4358 .
2137 4324 2204 4363 ex
2249 4307 2338 4363 his
2381 4308 2629 4364 tributae
2675 4310 2804 4363 60111
2849 4309 3170 4367 accusativo

565 4385 719 4442 casui
744 4401 974 4440 numero
1002 4384 1263 4455 triginta,
1290 4384 1537 4441 ablativo
1567 4386 1914 4456 quindecim,
1952 4385 2229 4459 utrisque,
2265 4388 2326 4443 id
2353 4389 2438 4443 est
2466 4386 2788 4444 accusativo
2817 4391 2876 4443 61
2903 4389 3170 4461 ablativo,

564 4482 793 4522 numero
833 4465 1114 4534 quattuor,
1149 4464 1410 4534 loquellis
1448 4483 1677 4522 numero
1715 4482 1812 4520 sex
1855 4464 2071 4522 Probus
2099 4485 2160 4536 p.
2198 4472 2362 4536 14735
2505 4475 2537 4524 9
2574 4468 2744 4540 pone]
2783 4486 2960 4538 poene
2997 4469 3054 4523 B

566 4552 632 4600 14
683 4548 919 4614 utroque
965 4545 1118 4602 casui
1162 4545 1218 4599 Β
1376 4553 1440 4601 16
1486 4564 1598 4602 non
1645 4546 2113 4617 quemadmodum
2159 4549 2266 4605 hae
2312 4566 2481 4620 supra.
2529 4549 2679 4605 (11616
2725 4549 3167 4620 praepositiones

564 4627 884 4683 6660661100
923 4626 1076 4681 casui
1111 4627 1453 4697 respondent
1489 4628 1592 4683 sub
1629 4626 1709 4682 ibi
1744 4626 1971 4695 quando
2008 4627 2088 4681 ire
2124 4628 2180 4682 Β
2328 4635 2391 4684 19
2430 4633 2701 4700 cogantur
2735 4629 2792 4683 B
2935 4645 3046 4699 quo
3093 4629 3167 4701 is]

562 4722 701 4775 quos
738 4706 826 4762 his
862 4706 919 4760 B
1062 4725 1172 4776 quo
1209 4708 1416 4780 ivetae]
1466 4708 1615 4778 quod
1652 4724 1812 4762 ueras
1847 4707 1903 4761 Β
2049 4726 2160 4778 quo
2211 4710 2390 4765 iturus
2436 4711 2518 4781 es]
2574 4726 2639 4766 60
2684 4710 2864 4765 iturus
2899 4710 2955 4765 Β
3098 4717 3167 4767 23

562 4800 673 4854 quo
711 4786 1089 4859 dinoscantur]
1147 4789 1285 4857 quot
1339 4790 1600 4842 oscantur
1635 4787 1691 4841 Β
1836 4795 1904 4843 24
1942 4790 2000 4843 61
2052 4790 2272 4859 quando
2331 4789 2581 4845 ablatiuo
2638 4806 2738 4845 om.
2783 4790 2840 4844 B
2992 4796 3062 4845 25
3100 4807 3170 4846 ex

563 4864 782 4938 aliquo]
822 4882 889 4921 ex
926 4866 1040 4922 alio
1075 4867 1132 4921 B
1276 4874 1345 4922 30
1381 4867 1440 4921 in
1475 4882 1576 4923 om.
1614 4867 1670 4921 Β
1815 4874 1882 4923 33
1922 4868 2263 4939 uituperatio
2300 4869 2558 4925 inimicos
2595 4869 2651 4923 Β
