3613 5528
1512 432 1899 488 EXCERPTA
2868 427 2998 494 347

398 546 443 583 p.
470 533 538 573 27.
564 533 618 573 aa
645 531 706 572 Β,
1957 555 1962 560 .

578 616 870 696 Tempora
942 615 1262 678 verborum
1334 625 1483 697 quot
1556 616 1741 680 sunt?
1839 617 2004 698 Tria,
2085 633 2396 697 praesens„
2477 616 2864 695 praeteritum
2937 622 2998 675 et

399 725 668 786 futurum
699 771 713 783 .
744 724 847 786 sed
886 726 1193 804 praeteriti
1232 727 1517 804 temporis
1556 727 1786 806 species
1832 732 1957 785 tres
1996 732 2166 804 sunt,
2211 722 2585 805 imperfecta,
2629 722 2894 802 perfecta
2941 729 3002 781 et

399 829 991 911 plusquamperfecta.
1067 829 1172 891 Dic
1227 848 1434 892 eorum
1492 839 1828 912 temporum
1884 830 2260 891 differentias
2337 829 2627 891 Praesens
2683 837 2807 910 est,
2866 846 3001 889 cum

398 939 652 1019 agimuS,
708 947 775 1000 ut
826 938 982 1018 lege:
1039 956 1173 999 nam
1228 956 1348 999 non
1404 958 1649 1019 possum
1707 939 1906 1000 dicere
1964 936 2122 1018 lego,
2188 938 2304 998 nisi
2362 936 2502 998 dum
2561 939 2622 997 in
2680 939 2809 1017 ipso
2866 944 3000 998 actu

345 1057 372 1097 5
400 1065 530 1107 sum
580 1094 593 1107 .
640 1047 908 1109 futurum
965 1056 1081 1127 est,
1136 1064 1273 1107 cum
1329 1045 1519 1108 adhuc
1575 1065 1749 1127 agere
1803 1045 2117 1127 polliceor,
2174 1053 2240 1105 ut
2293 1044 2483 1124 legam
2545 1092 2559 1105 .
2615 1044 3003 1124 praeteritum

398 1155 812 1233 imperfectum
896 1162 1014 1236 est,
1106 1171 1243 1215 cum
1325 1156 1593 1234 coepisse
1674 1152 1986 1233 aliquando
2061 1150 2280 1231 aliquid
2355 1161 2415 1213 et
2488 1170 2605 1214 non
2679 1153 3002 1232 perfecisse

400 1279 509 1322 nos
570 1262 930 1335 indicamuS,
994 1268 1062 1322 ut
1125 1260 1446 1321 clamabam
1501 1308 1515 1321 .
1575 1263 1966 1342 praeteritum
2030 1260 2363 1339 perfectum
2428 1268 2544 1341 est,
2609 1277 2743 1320 cum
2812 1276 3003 1339 nuper

399 1367 621 1448 aliquid
666 1387 777 1429 nos
824 1369 1037 1430 fecisse
1086 1368 1510 1450 significamus,
1566 1378 1633 1429 ut
1689 1368 1806 1448 legi
1855 1416 1867 1429 .
1913 1368 2302 1448 praeteritum
2357 1365 3003 1447 plusquamperfectum

399 1484 519 1558 cst,
565 1495 702 1537 cum
747 1495 868 1538 non
914 1494 1134 1557 nuper,
1181 1475 1284 1537 sed
1333 1475 1674 1538 iamdudum
1722 1475 1944 1556 aliquid
1989 1476 2312 1556 perfecisse
2360 1491 2470 1535 nos
2515 1474 2883 1555 intimamus,
2938 1480 3006 1533 ut

321 1598 374 1637 ιο
400 1580 677 1662 legeram.

576 1690 872 1752 Personae
918 1689 1236 1751 verborum
1284 1698 1430 1769 quot
1475 1686 1657 1750 sunt?
1728 1689 1910 1771 Tres,
1954 1691 2146 1769 prima
2192 1707 2342 1770 quae
2389 1688 2679 1769 loquitur,
2733 1695 2802 1749 ut
2846 1686 3004 1767 lego;

398 1798 660 1858 secunda
705 1798 776 1858 ad
824 1815 1000 1877 quam
1045 1795 1338 1876 loquitur,
1385 1806 1455 1857 ut
1498 1795 1673 1878 legis3
1718 1799 1895 1858 tertia
1942 1796 2015 1858 de
2064 1815 2180 1877 qua
2226 1797 2519 1876 loquitur,
2567 1803 2635 1856 ut
2678 1794 2836 1874 legit.

577 1904 876 1965 Defectiva
920 1903 1099 1964 verba
1146 1921 1295 1983 quae
1344 1899 1529 1964 sunt?
1602 1902 1766 1974 Quae
1813 1904 1877 1963 in
1922 1902 2314 1965 declinatione
2351 1904 2660 1984 deficiunt,
2705 1902 2767 1963 id
2805 1897 2899 1963 es't
2940 1903 3005 1962 in

399 2030 618 2092 genere
666 2010 760 2072 vel
805 2030 1061 2091 persona
1106 2010 1197 2071 vel
1244 2012 1657 2089 coniugatione
1706 2009 1797 2071 vel
1845 2019 2139 2092 tempore,
2196 2018 2256 2071 et
2310 2014 2448 2091 quia
2501 2011 2785 2071 uniformi
2829 2008 3004 2069 modo

320 2133 373 2172 1⁵
402 2118 616 2180 durare
673 2137 792 2179 non
847 2127 1131 2199 possunt,
1191 2117 1266 2178 ob
1326 2117 1386 2177 id
1441 2117 1728 2179 defectiva
1781 2117 2065 2180 dicuntur
2122 2164 2137 2178 .
2193 2136 2411 2196 genere
2467 2120 2648 2197 igitur
2703 2116 3005 2198 deficiunt,

400 2244 537 2287 cum
583 2233 793 2287 neutra
843 2226 1268 2305 significatione
1319 2234 1585 2304 tempore
1630 2227 1932 2305 praesenti
1977 2224 2050 2285 ad
2095 2226 2384 2304 passivam
2433 2227 2691 2304 speciem
2737 2226 2800 2284 in
2836 2242 3003 2303 prae·

400 2335 577 2395 terito
625 2343 893 2413 tempore
939 2339 1278 2412 transeunt,
1326 2342 1394 2392 ut
1437 2331 1628 2393 audeo
1674 2351 1856 2394 ausus
1894 2351 2054 2413 sum,
2100 2330 2329 2411 gaudeo
2364 2333 2601 2411 gavisus
2638 2350 2798 2412 sum,
2844 2330 3005 2391 soleo

401 2440 611 2502 solitus
658 2458 790 2501 sum
839 2459 855 2500 ε
901 2457 1020 2499 non
1066 2440 1227 2500 enim
1272 2456 1590 2518 possumus
1636 2438 1709 2500 de
1756 2441 2078 2520 praeterito
2126 2448 2392 2519 tempore
2451 2439 2650 2500 dicere
2711 2438 2946 2518 gaudivi
2991 2485 3005 2498 .

403 2550 681 2628 quoniam
725 2546 943 2607 durum
992 2553 1052 2606 et
1096 2553 1271 2624 turpe
1321 2544 1593 2627 sonabat,
1638 2555 2019 2609 mutaverunt
2053 2546 2137 2608 illi
2178 2549 2501 2627 scriptores
2539 2548 2756 2608 artium
2795 2563 3008 2607 sonum

321 2667 377 2708 2⁰
405 2655 476 2715 de
513 2655 836 2735 praeterito
874 2661 1141 2733 tempore
1179 2654 1396 2732 passivi
1433 2652 1626 2734 verbi,
1670 2664 1739 2717 ut
1775 2654 2006 2716 confido
2046 2655 2304 2716 confisus
2342 2674 2501 2716 sum:
2546 2672 2683 2716 nam
2720 2653 3008 2715 absonum

402 2771 531 2824 erat
568 2761 768 2824 dicere
815 2759 1047 2823 confidi.
1082 2753 1091 2844 Ι

1394 2900 1514 2967 DE
1559 2900 2015 2967 ADVERBIO
2065 2983 2069 2989 ‚

582 3013 738 3085 Quid
785 3022 878 3075 est
922 3008 1310 3073 adverbium?
1380 3011 1525 3072 Pars
1583 3015 1897 3095 orationiS,
1951 3030 2067 3093 qua
2122 3012 2347 3087 adiecta
2405 3010 2583 3073 verbo
2641 3013 3008 3074 manifestior

405 3124 592 3184 oratio
630 3120 928 3202 redditur,
973 3131 1042 3181 ut
1078 3118 1464 3205 doctebdixit,
1509 3118 1757 3198 pulchre
1796 3120 1955 3202 fecit,
2003 3118 2155 3180 bene
2194 3120 2448 3199 scripsit.
2524 3119 2811 3180 Adverbia
2849 3118 3007 3180 unde

325 3239 380 3281 2⁶
411 3224 781 3291 nascuntur?
851 3227 969 3287 Aut
1022 3245 1056 3286 a
1111 3246 1218 3288 sua
1271 3228 1565 3308 positione
1621 3234 1723 3287 aut
1780 3226 1853 3287 ab
1911 3225 2039 3287 aliis
2094 3226 2363 3307 partibus
2420 3227 2704 3286 orationis
2750 3200 2845 3287 :a
2901 3246 3009 3288 sua

406 3340 563 3398 enim
606 3337 902 3417 positione
948 3341 1304 3415 nascuntur,
1360 3342 1428 3395 ut
1474 3334 1603 3396 lieri
1649 3352 1868 3415 nuper3
1924 3333 1996 3394 ab
2044 3333 2171 3395 aliis
2218 3342 2415 3395 autem
2462 3332 2885 3416 traducuntur,
2942 3343 3009 3395 ut

338 3466 345 3475 ·
406 3444 616 3505 doctus
673 3441 875 3522 docte,
933 3443 1167 3520 sapiens
1226 3443 1523 3520 sapienter
1580 3488 1594 3502 .
1652 3438 1925 3501 adverbia
1981 3450 2179 3502 autem
2234 3458 2382 3520 quae
2442 3441 2504 3500 in
2560 3458 2595 3501 e
2648 3439 3009 3519 productam

406 3560 626 3613 exeunt
671 3549 744 3611 ab
791 3568 862 3610 eo
908 3551 1146 3609 nomine
1192 3550 1464 3630 veniunt,
1512 3547 1670 3627 quod
1716 3551 1777 3609 in
1824 3547 2021 3609 dativo
2070 3548 2354 3628 singulari
2399 3565 2434 3607 o
2471 3536 2728 3608 litteram
2776 3549 3009 3630 accipit,

586 3720 614 3768 1
654 3706 962 3782 Tempora'
988 3743 1052 3753 —
1116 3717 1180 3766 12
1217 3711 1360 3782 legit
1394 3727 1495 3767 om.
1534 3712 1619 3780 M,
1674 3713 1801 3768 add.
1839 3712 1896 3766 Β
2076 3718 2109 3767 3
2147 3713 2233 3767 eat
2265 3713 2332 3767 ut
2367 3728 2494 3768 cum
2541 3710 2759 3781 agimus
2793 3711 2850 3764 Β

407 3800 442 3848 5
477 3794 629 3866 cum]
669 3792 819 3864 quod
853 3792 910 3846 Β
1051 3792 1262 3863 legam]
1301 3792 1430 3862 lega
1465 3810 1593 3864 gam
1633 3791 1690 3845 Β
1835 3799 1866 3847 6
1906 3792 2057 3863 oum]
2096 3794 2161 3847 ut
2193 3793 2250 3846 Β
2396 3801 2461 3849 12
2500 3793 2571 3849 ad
2620 3808 2785 3861 quem
2831 3789 3010 3860 loqui-

404 3878 497 3930 tur
531 3879 598 3930 ut
629 3873 784 3944 leges
819 3873 875 3926 Β
1018 3873 1172 3943 leget
1197 3873 1252 3926 Β
1398 3877 1464 3926 13
1501 3872 1561 3926 in
1597 3871 1897 3927 declinatio
1936 3872 2012 3926 M
2146 3872 2207 3927 id
2243 3879 2274 3927 ὂ
2309 3873 2370 3928 in
2406 3889 2612 3944 genera
2645 3871 2740 3926 uel
2774 3888 3011 3942 persona

406 3957 501 4011 uel
534 3974 637 4026 per
672 3953 1067 4024 coniugatione
1104 3952 1199 4008 uel
1232 3955 1484 4023 tempore
1520 3953 1594 4020 B,
1631 3969 1731 4007 om.
1774 3952 1849 4005 M
1993 3958 2061 4006 14
2097 3955 2156 4007 et
2192 3953 2346 4024 quia]
2392 3955 2458 4008 ut
2493 3952 2627 4023 quia
2661 3952 2806 4006 ΒΜ
2944 3958 3009 4006 15

405 4036 580 4106 igitur
614 4036 669 4090 Β
708 4051 841 4105 ergo
881 4033 956 4087 M
1095 4040 1161 4089 16
1197 4050 1326 4088 cum
1363 4034 1563 4087 neutra.
1595 4032 1652 4085 Β
1689 4049 1816 4087 cum
1852 4030 2134 4087 neutralia
2169 4032 2246 4086 M
2267 4075 2280 4087 .
2305 4033 2537 4101 fortasse
2564 4050 2690 4087 cum
2718 4050 2785 4088 ex
2813 4035 3012 4088 neutra

406 4116 811 4189 significatione
865 4113 1132 4184 temporis
1185 4111 1495 4183 praesentis
1654 4112 1985 4184 praeterito]
2040 4113 2322 4184 praesenti
2376 4113 2432 4167 B
2594 4119 2659 4167 17
2713 4116 2779 4168 ut
2829 4113 3010 4168 audeo

406 4215 572 4254 ausus
626 4215 750 4252 sum
801 4192 1020 4264 gaudeo
1075 4192 1300 4262 gauisus
1355 4210 1479 4253 sum
1533 4191 1684 4247 soleo
1739 4192 1938 4248 solitus
1990 4211 2112 4248 sum
2160 4236 2173 4248 .
2219 4209 2334 4248 non
2389 4193 2537 4248 enim
2593 4210 2884 4263 possumus
2939 4193 3009 4247 de

406 4278 713 4349 praeterito
748 4278 1002 4345 tempore
1037 4273 1253 4344 passini
1287 4274 1446 4329 uerbi
1482 4274 1689 4344 (deletis
1724 4272 1932 4343 passini
1967 4274 2146 4341 uerbi)
2184 4273 2369 4329 dicere
2405 4273 2637 4344 gaudini
2663 4274 2927 4343 quoniam
2952 4273 3009 4326 Β

408 4362 476 4415 ut
511 4359 730 4430 gaudeo
756 4355 985 4428 gauisus
1012 4373 1134 4410 sum
1160 4371 1274 4410 non
1299 4353 1529 4425 gaudini
1558 4371 1668 4424 que
1697 4354 1774 4407 M
1910 4361 1975 4410 19
2004 4354 2241 4409 sonabat
2266 4355 2628 4409 mutauerant
2651 4355 3012 4408 mutauerant

406 4440 495 4495 illi
533 4440 608 4494 M
655 4437 935 4493 sonabant
984 4436 1346 4491 mutauerant
1400 4437 1500 4489 aut
1540 4434 1628 4490 illi
1672 4434 1728 4489 Β
1871 4434 2255 4505 muta-verunt]
2306 4433 2549 4489 mutuati
2602 4435 2735 4488 sunt
2785 4435 3012 4489 coniecit

411 4520 625 4575 Thwrot
669 4532 829 4573 revue
872 4516 1105 4585 critique
1149 4534 1201 4572 α.
1239 4514 1388 4571 1877
1416 4534 1477 4586 p.
1516 4520 1629 4572 308
1772 4532 1969 4571 sonum
2005 4531 2105 4570 om.
2146 4514 2234 4581 M,
2271 4515 2398 4570 add.
2435 4514 2492 4567 Β
2635 4520 2703 4568 20
2741 4514 3010 4569 absonum

408 4618 499 4655 me
545 4602 667 4655 erat
709 4598 764 4652 Β
927 4600 996 4649 22
1051 4595 1148 4649 DE
1194 4596 1569 4652 ADVERBIO
1616 4613 1721 4651 om.
1754 4596 1827 4652 Β.
1900 4595 1988 4649 De
2023 4595 2297 4661 adverbia,
2332 4596 2399 4650 de
2425 4595 2749 4664 participia,
2786 4595 2852 4648 de
2887 4610 3009 4649 con-

408 4682 714 4747 iunctione,
758 4678 824 4734 de
862 4678 1271 4747 praepositione
1304 4678 1370 4732 in
1417 4677 1743 4733 Monacenei
1787 4678 1968 4733 codice
2004 4692 2195 4745 pauca
2240 4677 2451 4745 scripta
2493 4680 2652 4741 sunt,
2701 4691 2768 4729 ex
2811 4676 3011 4744 quibus

406 4760 779 4832 disorepmttia
831 4757 1141 4825 serspturae
1179 4762 1402 4826 praeter
1444 4760 1717 4828 inteyram
1761 4758 1963 4813 codicis
1996 4756 2295 4811 Bemmsis
2338 4756 2614 4811 lectionem
2642 4756 2843 4824 paucis
2879 4757 3011 4810 locis

408 4844 675 4897 adnotata
711 4845 803 4896 est.
967 4844 1037 4892 23
1076 4838 1210 4909 qua]
1251 4856 1358 4908 que
1397 4838 1490 4906 M,
1527 4855 1626 4893 om.
1664 4839 1720 4892 Β
1882 4844 1951 4892 26
1988 4838 2060 4892 ab
2097 4837 2224 4892 aliis
2260 4838 2362 4891 aut
2393 4835 2762 4891 traducuntur
2797 4835 2853 4889 B

409 4929 479 4977 27
516 4922 574 4977 in
609 4920 939 4993 productum
976 4918 1032 4972 B

2472 5009 2582 5061 23*

3041 625 3189 676 199‚24

3047 1700 3191 1752 19833

3043 1917 3166 1967 200,4

3047 3043 3194 3095 ’σιμ
