3613 5528
1255 390 1266 403 '
1335 409 1431 464 DE
1473 408 2052 465 onrnoeaAPfflA
2475 448 2482 453 -
2907 411 2992 475 23

388 524 432 561 p.
462 510 572 552 2238
598 510 646 550 1².

387 614 679 676 nusquam
710 614 744 674 y
781 593 975 655 littera
1017 594 1378 672 praecedens
1419 593 1651 657 exiliter
1689 598 2062 678 enuntietur,
2104 606 2171 658 ut
2208 597 2436 678 hypnos
2474 599 2722 679 hymnos
2759 599 2994 679 hyacin-

385 704 548 765 thos:
590 705 669 764 ita
711 704 853 762 satis
894 720 1006 782 per
1048 721 1113 765 se
1156 704 1408 782 positam
1450 705 1869 783 aspirationem
1912 705 2006 765 sui
2048 703 2376 786 declarare,
2414 708 2528 767 nisi
2570 708 2778 786 opicus
2824 705 2994 786 legat.

384 810 603 890 quibus
630 810 890 889 primum
922 808 1065 870 illud
1098 808 1546 891 respondemus,
1582 824 1631 870 Η
1662 818 1722 871 61
1751 828 1883 870 6666
1914 809 2170 871 litteram
2200 820 2260 873 et
2287 812 2440 891 apud
2470 812 2728 873 Graecos
2757 832 2995 894 quoque

390 919 595 998 fuisse,
643 916 799 996 quod
838 917 1173 995 significant
1201 917 1398 996 Attici,
1445 917 1547 994 qui
1591 914 1964 996 principibus
2011 916 2249 998 11116116,
2296 938 2326 978 3
2375 919 2591 998 quibus
2639 938 2845 981 eorum
2895 938 2994 980 no-

325 1036 352 1075 5
383 1026 540 1084 mina
588 1024 900 1104 incipiunt,
948 1040 1232 1083 numeros
1269 1030 1542 1084 notantes
1580 1022 1689 1083 1166
1728 1041 1967 1102 quoque
2007 1024 2066 1083 in
2108 1023 2312 1085 eadem
2352 1027 2777 1105 significatione
2816 1033 2992 1088 utun-

387 1140 506 1191 tur.
585 1148 716 1189 nam
756 1131 1037 1209 quotiens
1075 1149 1259 1191 unum
1298 1138 1519 1204 notant,
1564 1126 1725 1190 ἰῶτα
1763 1128 2019 1191 litteram
2057 1140 2304 1209 ponunt,
2352 1136 2628 1211 quoniam
2671 1135 2824 1213 apud
2862 1133 2995 1194 illos

380 1256 490 1316 pro
530 1235 650 1317 μία
687 1244 746 1297 61
784 1237 853 1296 ἴα
892 1236 1133 1317 dicitur,
1169 1234 1348 1298 ΔΥΟ
1385 1234 1467 1312 Δ,
1518 1235 1694 1299 ΤΡΙΑ
1731 1234 1809 1298 Τ;
1859 1238 1944 1297 616
1985 1243 2044 1297 61
2084 1234 2468 1319 ΗΕΚΑΤΟΝ,
2509 1239 2568 1299 id
2608 1248 2699 1300 est
2736 1249 2993 1317 centum,
3078 1228 3081 1232 “

385 1341 433 1405 Η
485 1342 680 1404 littera
728 1350 953 1403 notant.
1031 1341 1243 1403 deinde
1291 1342 1448 1423 quod
1498 1345 1556 1403 in
1605 1345 1813 1404 ordine
1862 1342 2197 1404 litterarum
2246 1344 2404 1405 nulla
2453 1355 2589 1407 nota
2637 1347 2751 1409 sibi
2798 1347 2992 1415 locum

380 1447 668 1531 vindicet,
723 1467 860 1510 cum
907 1449 947 1509 11
997 1458 1203 1510 octavo
1250 1449 1380 1509 loco
1437 1451 1629 1530 posita
1678 1452 1772 1510 sit.
1867 1452 2137 1530 sequitur
2194 1451 2350 1530 quod
2409 1471 2572 1513 more
2630 1453 2993 1539 reliquarum

304 1570 352 1607 ιο
378 1556 716 1616 litterarum
754 1555 793 1614 11
831 1574 1071 1636 quoque
1114 1563 1337 1617 mutato
1375 1556 1582 1617 ordine
1620 1556 1762 1617 alias
1799 1564 1977 1636 atque
2016 1557 2159 1618 alias
2201 1559 2418 1619 efficiat
2454 1568 2796 1643 potestateS,
2834 1562 2993 1642 quod

380 1669 555 1722 notae
594 1680 711 1723 non
750 1663 961 1727 valent.
1035 1671 1095 1724 et
1144 1666 1318 1726 sicuti
1357 1683 1421 1725 as
1460 1673 1520 1725 et
1556 1683 1620 1724 sa
1657 1664 1829 1725 aliam
1868 1683 2072 1725 vocem
2110 1673 2169 1726 et
2208 1665 2379 1727 aliam
2419 1668 2688 1729 efficiunt
2732 1675 2988 1748 potesta-

379 1778 501 1830 tem
542 1776 604 1830 et
639 1770 707 1831 ad
750 1778 809 1831 et
845 1771 936 1852 da,
986 1773 1064 1831 ita
1104 1779 1165 1832 et
1201 1772 1273 1832 116
1312 1779 1373 1833 61
1409 1771 1499 1833 611.
1573 1779 1881 1852 praeterea
1921 1772 2076 1851 quod
2118 1773 2336 1834 litteris
2372 1774 2745 1856 principibus
2782 1776 2988 1837 dictio-

381 1894 524 1937 num
576 1876 803 1957 singula
851 1879 1091 1940 nomina
1137 1886 1239 1940 aut
1285 1878 1463 1940 verba
1518 1880 2086 1963 conprehendimus,
2134 1889 2200 1943 ut
2246 1899 2383 1942 cum
2431 1881 2745 1943 scribimus
2792 1896 2883 1943 ΒΡ
2932 1892 2992 1945 61

380 2001 508 2045 rem
562 1982 858 2064 publicam
914 1988 1359 2063 siqnificamuS,
1416 1989 1497 2049 ita
1551 1995 1613 2049 et
1658 2003 1709 2049 H
1763 2006 1873 2068 per
1929 2007 2021 2070 se,
2077 2007 2212 2049 cum
2268 1987 2377 2049 1136
2431 1988 2559 2069 lege
2617 1998 2676 2051 et
2731 1990 2841 2051 1166
2897 1991 2992 2052 die

304 2101 355 2142 ¹⁵
384 2092 783 2171 significamus
822 2099 883 2154 et
920 2092 1129 2154 horam
1166 2097 1401 2155 tertiam
1440 2093 1783 2156 heredesve.
1859 2102 2125 2156 extremo
2164 2096 2322 2174 quod
2360 2098 2671 2176 proprium
2709 2105 2801 2158 est
2835 2098 2991 2159 litte·

382 2217 584 2259 rarum
634 2198 849 2279 [quod]
898 2202 1347 2281 propinquitate
1400 2204 1613 2262 sociari
1661 2210 1720 2262 et
1766 2203 2021 2262 invicem
2078 2203 2428 2284 succedere,
2485 2212 2547 2264 ιι1
2596 2221 2732 2264 cum
2779 2203 2992 2265 Fusios

383 2305 594 2367 Furios
640 2307 894 2368 dicimus
942 2317 1005 2368 et
1052 2307 1294 2368 seddam
1341 2307 1572 2369 sellam:
1617 2310 1697 2369 ita
1737 2326 1874 2369 cum
1921 2308 1961 2368 h
2009 2309 2275 2370 eiusdem
2321 2312 2399 2370 sit
2445 2309 2766 2386 1363116116,
2821 2313 2990 2373 nimi·

388 2431 523 2474 rum
566 2413 714 2475 11666
764 2432 1001 2494 quoque
1051 2413 1247 2475 littera
1294 2423 1403 2496 est,
1450 2415 1606 2494 quod
1653 2433 1789 2475 cum
1835 2415 1862 2473 l*
1900 2416 2153 2475 invicem
2193 2414 2329 2494 [ita]
2380 2425 2659 2499 mutatur,
2705 2425 2771 2478 ut
2816 2436 2992 2498 quam

388 2540 496 2581 nos
543 2520 734 2582 sabam
780 2520 1039 2582 dicimus
1086 2524 1315 2603 antiqui
1359 2522 1573 2583 habam
1621 2523 1902 2583 dixerunt
1949 2531 2009 2583 et
2054 2523 2212 2602 quod
2250 2542 2359 2585 nos
2405 2523 2693 2585 hordeum
2741 2524 2992 2586 dicimus

525 2682 591 2732 16
626 2676 855 2745 Fusios,
894 2676 1129 2730 seddam
1158 2694 1221 2746 p.
1258 2682 1350 2744 13,
1384 2682 1456 2732 13
1604 2682 1668 2732 19
1707 2676 1899 2733 fabam
1926 2695 1988 2748 p.
2028 2682 2115 2745 11,
2152 2682 2202 2731 4.
2241 2682 2331 2746 13,
2368 2684 2406 2733 8

572 2827 596 2873 1
638 2836 911 2889 nusquam
947 2836 986 2888 y
1021 2819 1190 2875 litera
1223 2821 1561 2890 praecedens
1601 2820 1822 2876 exiliter
1858 2819 2178 2876 enuntietur
2215 2842 2258 2876 ω
2300 2839 2571 2891 nusquam
2609 2822 2801 2877 littera
2836 2839 2993 2892 prae-

384 2900 582 2955 cedens
621 2918 688 2955 ex
722 2900 744 2955 i
780 2901 975 2956 littera
1012 2900 1336 2955 enuncietur
1370 2901 1426 2954 Β
1462 2918 1739 2970 nusquam
1774 2902 1795 2955 i
1833 2901 2028 2955 littera
2062 2902 2398 2970 praecedens
2436 2919 2504 2957 ex
2538 2901 2581 2955 ii
2621 2901 2815 2957 littera
2852 2921 2990 2957 nun-

389 2980 557 3035 tietur
592 2981 649 3034 P
809 2980 1149 3050 hyacinthos
1186 2981 1242 3034 P
1270 2980 1577 3036 hiacinctos
1614 2981 1668 3033 Β
1704 2978 2043 3049 hyacinthus
2080 3001 2123 3034 ω
2303 2989 2335 3038 2
2372 2982 2558 3053 posita
2594 2983 2990 3052 aspirationem

386 3060 469 3114 sui
503 3060 814 3116 declararet
838 3061 1010 3115 ΒΡω
1155 3067 1189 3114 4
1225 3058 1504 3130 principes
1539 3058 1856 3114 litterarum
1895 3077 1929 3115 a
1965 3062 2168 3132 quibus
2205 3062 2661 3118 earum⁸nomina
2689 3063 2880 3117 ΒΡω.
2920 3065 2988 3132 cf.

387 3140 653 3195 Riscian.
691 3142 758 3195 de
790 3142 880 3210 1⁶39.
911 3157 1063 3195 num.
1086 3158 1146 3209 p.
1176 3146 1304 3202 406,
1344 3146 1379 3195 ¹7
1416 3155 1529 3194 uua
1563 3157 1664 3209 per
1699 3140 1724 3192 Ι
1761 3139 2024 3196 scribitur
2061 3141 2293 3212 antiquo
2331 3159 2484 3196 more
2521 3142 2854 3211 Atticorum,
2894 3143 2992 3213 qui

385 3219 635 3275 solebant
669 3220 1040 3290 principalem
1076 3221 1317 3276 nominis
1353 3222 1572 3276 numeri
1606 3222 1860 3276 litteram
1897 3239 2106 3291 ponere
2143 3225 2203 3278 et
2239 3221 2552 3292 significare
2589 3240 2882 3279 numerum

385 3306 416 3353 5
452 3317 707 3355 numeros
733 3301 790 3353 Β
825 3301 1073 3356 numeris
1101 3301 1203 3356 Ρω
1328 3304 1560 3357 utantur
1584 3302 1752 3356 BPm
1882 3311 1914 3358 6
1954 3305 2153 3357 notant
2187 3304 2224 3355 Ρ
2250 3319 2330 3373 po
2350 3304 2395 3358 ὰ
2413 3320 2448 3357 3
2483 3302 2732 3358 litteram
2770 3307 2988 3373 ponunt

384 3380 645 3447 quoniam
675 3380 826 3449 apud
862 3380 994 3434 illos
1022 3397 1116 3435 ma
1135 3383 1292 3452 (corr.
1313 3383 1450 3450 mia)
1476 3424 1493 3460 .·
1524 3399 1556 3437 6
1579 3426 1591 3440 .
1614 3424 1627 3436 .
1652 3424 1664 3437 .
1699 3386 1709 3451 Ι
1741 3385 1800 3436 61
1827 3385 1907 3451 (61
1933 3400 2034 3438 om.
2053 3383 2128 3448 B,
2154 3385 2219 3437 in
2244 3385 2411 3438 initio
2438 3399 2624 3438 versus
2652 3384 2779 3437 add.
2810 3384 2861 3450 b,
2896 3386 2990 3440 sed

383 3461 561 3530 deleto,
582 3467 646 3515 ut
671 3464 907 3525 videtur,
926 3461 992 3514 in
1017 3463 1127 3529 fine
1144 3464 1519 3530 praecedentis
1545 3479 1731 3517 versus
1760 3465 1839 3530 et)
1867 3479 1917 3518 a.
1949 3462 2167 3517 dicitur.
2198 3463 2309 3533 dyo
2341 3468 2454 3517 ΔΛ.
2484 3463 2596 3519 tria
2627 3468 2687 3517 T.
2720 3463 2800 3518 616
2829 3467 2888 3518 61
2917 3468 2993 3518 H.

384 3540 584 3596 6113163
619 3541 679 3595 id
715 3544 803 3598 est
843 3543 1070 3596 centum
1105 3542 1144 3595 h
1180 3542 1431 3597 litteram
1467 3544 1666 3596 notant
1701 3542 1756 3596 Β
1793 3542 1995 3597 notant
2030 3540 2124 3595 Mo
2154 3543 2213 3595 et
2239 3557 2274 3596 a
2311 3541 2566 3596 litteram
2596 3546 2816 3612 ponunt
2852 3561 2990 3613 quo·

382 3618 529 3673 niam
574 3621 724 3690 apud
768 3621 900 3676 11166
946 3624 1136 3675 moeta
1180 3621 1384 3677 dicitur
1429 3624 1534 3677 δυο
1582 3625 1618 3677 δ
1661 3624 1774 3677 tria
1822 3627 1876 3676 Γ
1915 3622 1996 3677 616
2034 3624 2091 3676 61
2125 3622 2179 3674 H
2217 3620 2423 3676 ekaton
2460 3621 2519 3675 id
2569 3624 2653 3676 est
2691 3625 2915 3677 centum
2951 3625 2989 3677 h

381 3697 571 3755 littera
612 3703 813 3756 notant
860 3700 916 3753 P
953 3704 1153 3755 notant
1197 3708 1265 3772 μί
1305 3704 1365 3756 61
1408 3723 1446 3756 α
1492 3703 1716 3759 literam
1763 3705 2002 3773 ponunt:
2054 3700 2317 3771 quoniam
2365 3702 2517 3771 apud
2562 3703 2692 3758 illus
2738 3710 2809 3773 μῖ
2847 3708 2906 3760 61
2953 3726 2990 3760 α

383 3778 607 3850 dicitur,
637 3777 746 3836 δύο
775 3784 811 3836 ὃ
836 3781 949 3836 tria
976 3782 1014 3848 t,
1058 3780 1138 3836 616
1168 3784 1227 3835 61
1265 3777 1491 3851 ἑκατὸν,
1528 3783 1586 3837 id
1616 3785 1727 3852 est,
1765 3784 1991 3837 centum
2019 3781 2058 3834 h
2085 3781 2252 3835 litera
2280 3784 2479 3836 notant
2508 3802 2575 3835 m:
2614 3784 2684 3850 cs.
2713 3784 2988 3840 Priscian.

384 3860 417 3913 1.
453 3877 495 3916 6.
693 3868 726 3917 8
766 3864 900 3918 3613
935 3863 1123 3918 locum
1162 3862 1269 3918 sibi
1305 3861 1556 3917 uindicet
1591 3883 1633 3916 ω
1853 3869 1885 3916 9
1923 3862 1962 3915 h
2001 3866 2131 3930 post
2166 3878 2294 3915 cum
2330 3877 2428 3916 om.
2468 3863 2540 3928 B,
2577 3864 2706 3918 add.
2745 3864 2847 3917 Pm

384 3942 629 4012 sequitur
664 3959 878 3998 morem
918 3943 1262 4013 reliquarum
1298 3941 1585 3996 literarum
1600 3985 1614 4012 ,
1653 3957 1799 4010 quae
1828 3943 2047 3996 mutato
2077 3940 2270 3995 ordine
2307 3939 2448 3995 alias
2485 3945 2655 4010 atque
2693 3943 2834 3999 alias
2874 3945 2989 4000 effi-

383 4022 530 4078 ciant
563 4024 875 4092 potestates
911 4023 1207 4078 Putschius
1371 4029 1435 4077 10
1471 4021 1788 4077 litterarum
1827 4036 1971 4090 quae
2007 4022 2225 4074 mutato
2262 4021 2316 4073 Β
2330 4020 2386 4073 P
2413 4020 2732 4077 litterarum
2769 4041 2804 4078 ιιι
2840 4042 2987 4094 quae

384 4104 594 4159 mutato
630 4109 681 4158 et
714 4104 779 4157 in
813 4118 985 4171 mam.
1026 4102 1245 4158 ‘deerat
1276 4102 1532 4157 verbum’
1575 4121 1617 4155 ω
1789 4100 2040 4158 efficiant
2072 4099 2241 4153 ΒΡω
2350 4136 2362 4146 -
2426 4106 2485 4154 11
2530 4103 2588 4155 61
2626 4102 2791 4157 sicuti
2828 4121 2890 4158 as
2928 4108 2987 4160 et

386 4198 445 4236 sa
478 4182 647 4238 aliam
684 4200 882 4241 uocem
919 4186 1022 4238 Ρω
1061 4187 1120 4239 61
1156 4182 1333 4238 secuti
1369 4200 1431 4238 as
1468 4185 1527 4238 61
1562 4200 1625 4238 ra
1661 4182 1832 4238 aliam
1869 4184 2066 4238 autem
2096 4198 2289 4238 uocem
2326 4184 2383 4236 B
2589 4179 2837 4237 efficiant
2870 4184 2980 4238 Βω

387 4263 588 4320 efficiat
624 4264 681 4320 P
856 4271 920 4319 12
958 4265 1044 4319 113
1080 4265 1139 4319 61
1174 4264 1250 4318 ha
1285 4266 1343 4319 et
1376 4265 1450 4319 ah
1490 4264 1546 4317 P
1572 4265 1657 4318 ita
1693 4267 1752 4319 et
1787 4264 1864 4319 ha
1898 4267 1974 4319 ah
2008 4265 2064 4318 Β
2097 4264 2184 4321 113
2217 4267 2293 4321 113
2331 4269 2390 4321 et
2424 4265 2497 4320 311
2536 4283 2578 4316 ω
2760 4263 2989 4335 litteris]

386 4342 471 4399 liti
506 4345 561 4397 P
772 4350 838 4398 13
886 4346 945 4399 et
990 4360 1164 4414 remp.
1212 4345 1297 4400 ita
1333 4347 1392 4399 et
1424 4346 1464 4399 h
1513 4360 1613 4414 per
1649 4360 1708 4398 se
1746 4360 1873 4398 cum
1909 4344 2014 4398 hac
2055 4343 2179 4414 lege
2218 4345 2320 4399 Ρω
2358 4347 2416 4399 61
2453 4362 2570 4400 rem
2606 4361 2696 4413 po,
2734 4343 2819 4398 ita
2854 4346 2913 4398 et
2950 4344 2989 4397 h

387 4424 575 4478 secd’m
622 4425 731 4479 1136
773 4424 900 4494 lege
946 4425 1001 4479 Β
1183 4430 1251 4478 16
1298 4425 1362 4479 31
1398 4424 1550 4495 cum]
1598 4422 1674 4477 Et
1719 4439 1845 4477 cum
1890 4425 1946 4478 Β
2125 4424 2311 4479 fuscos
2358 4423 2533 4478 furios
2567 4423 2737 4478 ΒΡω
2782 4423 2990 4480 Fuscos

386 4521 586 4579 Fui-vos
624 4523 917 4577 Patsclzius
1136 4527 1202 4576 18
1246 4522 1385 4576 haec
1423 4537 1643 4590 quoque
1681 4520 1846 4576 litera
1883 4541 1926 4575 ω
1963 4522 2101 4577 11366
2140 4537 2360 4590 quoque
2398 4508 2487 4575 int
2520 4519 2713 4575 littera
2746 4521 2802 4603 Β
2847 4520 2989 4576 11366

385 4647 637 4716 quodque
666 4645 864 4702 littera
891 4646 948 4700 P
1067 4663 1193 4701 cum
1230 4646 1268 4699 h
1304 4646 1546 4701 inuicem
1584 4644 1665 4700 ita
1701 4648 1952 4701 mutatur
1988 4649 2053 4701 ut
2090 4663 2258 4715 quam
2285 4662 2387 4700 1166
2416 4645 2473 4698 Ρ
2502 4661 2628 4699 cum
2668 4646 2706 4699 h
2742 4604 2988 4700 1311116613

383 4726 457 4794 (13
481 4742 752 4797 superat-r.
781 4727 836 4795 b)
871 4726 955 4780 ita
981 4727 1232 4780 mutatur
1259 4728 1324 4780 ut
1359 4742 1485 4779 cum
1517 4741 1615 4781 366
1641 4726 1714 4794 Β,
1753 4745 1880 4782 cum
1918 4727 1957 4781 h
1993 4726 2233 4781 inuicem
2271 4725 2354 4781 ita
2380 4725 2630 4780 mutatur
2666 4726 2694 4778 f
2724 4728 2789 4780 ut
2815 4742 2986 4795 quam

380 4821 477 4861 366
512 4812 562 4860 et
597 4806 796 4861 deinde
833 4805 1077 4861 dixerint
1114 4837 1179 4845 —
1219 4804 1630 4859 nominaverint
1677 4825 1719 4859 ω
1868 4812 1933 4860 19
1973 4805 2121 4875 quod
2158 4804 2428 4859 hordeum
2466 4801 2795 4872 dicimusB
2835 4806 2984 4877 quod

334 4925 351 4937 .
388 4885 648 4941 hordeum
686 4885 1036 4954 appellamus
1073 4885 1174 4938 Pm
