3613 5528
624 417 755 482 282
1063 471 1076 486 ,
1792 417 2036 472 BEDAE

623 529 668 566 p.
694 518 812 558 2793.
842 518 894 558 94
921 518 971 557 P.

625 620 732 663 rus
769 620 942 663 omne
973 571 1338 665 consortium
1369 602 1588 663 navalis
1617 606 1935 685 exercituS‚
1962 605 2266 684 navigator
2302 605 2429 683 ipse
2468 606 2786 685 primarius
2822 605 3231 685 profectionis,

623 717 799 771 nauta
848 728 986 770 vero
1034 712 1227 771 omnis
1273 712 1376 790 qui
1433 709 1694 771 laborem
1752 712 1895 773 facit
1942 712 2265 792 navigandi.
2352 713 2515 773 navis
2561 711 2875 773 ablativum
2933 730 3041 791 per
3086 730 3120 772 e
3166 718 3228 771 et

619 833 729 893 per
774 817 794 877 i
840 817 1028 878 effert.
1811 809 1815 813 ’
2169 815 2181 831 ’

815 923 1115 1004 Organum
1176 927 1352 987 iunius
1423 927 1636 986 musici
1699 928 1941 1007 proprie
2000 945 2214 987 nomen
2271 935 2388 1006 est,
2453 925 2556 986 sed
2622 925 2979 1006 generaliter
3032 926 3228 985 omnia

621 1032 984 1092 musicorum
1047 1050 1183 1093 vasa
1236 1050 1454 1112 organa
1521 1041 1772 1112 possunt
1828 1031 1980 1095 dici:
2044 1032 2294 1093 loannes
2349 1032 3035 1112 Constantinopolitanus
3103 1032 3222 1111 epi·
3254 1044 3281 1084 5

621 1156 837 1218 scopus
886 1134 987 1198 ‘in
1036 1138 1382 1200 salicibus
1429 1141 1498 1200 in
1548 1139 1775 1200 medio
1833 1141 1990 1200 eius
2042 1138 2561 1220 suspendimus
2607 1157 2870 1218 organa
2931 1131 3231 1218 nostra'‚

619 1243 678 1305 id
740 1253 832 1306 est
892 1244 1176 1306 citharam
1235 1245 1582 1326 psalterium
1640 1245 1825 1326 lyram
1887 1254 1948 1307 et
2006 1254 2222 1307 cetera.
2309 1248 2657 1326 organarius
2714 1254 2912 1308 autem
2973 1253 3065 1306 est
3125 1246 3226 1324 qui

619 1353 810 1412 utitur
856 1371 1094 1432 organo.

797 1458 1025 1539 Obryza
1071 1459 1319 1540 obryzae
1366 1478 1584 1540 genere
1633 1461 1917 1523 feminino
1964 1468 2026 1521 et
2070 1459 2350 1540 obryzum
2400 1459 2602 1540 obryzi
2647 1466 2879 1521 neutro.

797 1566 977 1646 Origo
1026 1569 1269 1647 originis
1313 1569 1551 1629 initium
1599 1574 1717 1648 est,
1774 1570 1942 1647 origo
1988 1569 2252 1647 origonis
2298 1574 2577 1627 neutrum
2626 1573 2718 1626 est
2772 1573 2831 1626 et
2887 1573 2978 1625 est
3031 1563 3226 1625 velum
3256 1581 3308 1620 ιο

620 1674 783 1732 navis
829 1680 890 1734 et
934 1672 1112 1734 habet
1156 1676 1218 1734 in
1263 1673 1476 1753 plurali
1524 1685 1774 1736 numero
1822 1677 2082 1755 origona.
2436 1651 2443 1662 ’

796 1779 1049 1842 Obtineo
1095 1781 1329 1846 laudem
1377 1789 1436 1842 et
1481 1784 1734 1862 impetro
1784 1801 1858 1842 ex
1906 1800 2025 1842 uno
2070 1800 2282 1861 graeco
2332 1783 2491 1843 venit
2537 1772 2970 1861 ἐπιτυγχάνω.

796 1887 1060 1967 Obiurgo
1107 1890 1351 1969 increpo
1398 1892 1657 1969 corripio
1704 1909 1776 1951 ex
1825 1909 1944 1951 uno
1991 1908 2204 1970 graeco
2253 1891 2696 1951 transferuntur
2743 1878 3142 1966 ἐπιπλήσσω.

795 1994 1018 2055 Omelia
1066 2014 1343 2076 graecum
1391 2007 1507 2079 est,
1558 1997 1736 2058 latine
1783 2015 1980 2058 sermo
2028 1997 2118 2058 vel
2165 1996 2543 2077 colloquium.

796 2100 998 2163 Otium
1046 2110 1106 2163 et
1151 2102 1452 2165 silentium
1500 2123 1571 2164 ex
1619 2123 1736 2166 uno
1779 2106 1788 2181 Ι
1830 2123 2043 2184 graeco
2090 2106 2278 2185 venit,
2324 2102 2381 2164 id
2429 2110 2522 2164 est
2566 2093 2826 2184 ἡσυχία.
3256 2114 3308 2155 ¹⁵

797 2207 1054 2269 Ordibor
1100 2217 1161 2270 et
1207 2208 1404 2270 ordiar
1453 2210 1654 2293 telam,
1700 2220 1960 2292 utroque
2009 2211 2183 2272 modo
2230 2210 2524 2271 dixerunt.

798 2315 1008 2376 Ostrea
1057 2316 1339 2377 feminino
1385 2336 1632 2400 genere,
1680 2337 1798 2378 non
1845 2326 2109 2379 ostreum
2159 2317 2428 2379 neutrali.

795 2421 1066 2483 Ocimum
1114 2422 1483 2485 consuetudo
1515 2424 1882 2486 neutraliter
1927 2424 2096 2505 dicit,
2144 2424 2246 2485 sed
2296 2422 2593 2514 Aemilius·
2624 2423 2822 2484 Macer
2869 2426 2949 2484 ait

889 2532 1129 2612 ¹inter
1174 2533 1615 2611 praeteritas
1663 2531 2168 2593 numerabitur
2212 2534 2488 2592 ocimus
2533 2530 2814 2592 herbas,

793 2636 1010 2698 Ordior
1063 2638 1214 2700 hanc
1260 2658 1387 2700 rem
1435 2647 1495 2700 et
1548 2639 1852 2719 ingredior
1899 2650 1959 2700 et
2020 2641 2253 2718 incipio·
2287 2629 2358 2699 ex
2406 2656 2523 2700 uno
2570 2655 2784 2718 graeco
2833 2640 3017 2713 venit,
3065 2637 3223 2719 quod
3251 2650 3309 2689 2⁰

497 2796 506 2805 .
616 2749 709 2804 est
754 2734 1058 2826 ἄρχομαι.

796 2850 964 2913 Onus
1008 2855 1439 2936 iumentorum,
1488 2858 1718 2917 sarcina
1765 2863 1859 2917 est
1905 2856 2227 2917 bominum.

795 2958 1170 3045 Optumate8‚
1215 2966 1319 3042 qui
1366 2980 1577 3041 graece
1616 2962 1897 3024 dicuntur
1933 2962 2451 3044 πρωτοπολῖται,
2496 2960 2808 3042 pluraliter
2854 2960 3045 3023 solum
3088 2980 3223 3041 pro-

614 3056 907 3128 seruntur.

635 3155 654 3173 ⁶
794 3174 1027 3238 Oblitus
1075 3180 1289 3259 nostri,
1336 3196 1454 3239 non
1502 3197 1637 3260 noS‚
1686 3184 1917 3238 veteres
1966 3186 2160 3240 tamen
2208 3184 2269 3237 et
2315 3175 2428 3237 hoc
2475 3174 2649 3236 modo
2694 3174 2990 3236 dixerunt.
3252 3186 3307 3224 ²⁵

795 3282 957 3344 Oliva
1006 3284 1183 3345 arbor
1230 3294 1351 3367 est,
1396 3285 1524 3346 olea
1572 3286 1755 3367 fetuS‚
1802 3285 2001 3347 oleum
2046 3284 2260 3364 liquor.

737 3438 744 3443 .
793 3389 905 3450 Odi
952 3389 1128 3451 odisti
1175 3390 1301 3453 odit
1346 3391 1578 3453 odimus
1625 3391 1834 3453 odistis
1882 3391 2140 3452 oderunt
2184 3401 2246 3452 et
2290 3391 2591 3471 praesenti
2638 3400 2907 3468 tempore
2947 3397 3002 3450 et
3051 3406 3220 3469 prae-

617 3497 791 3556 terito
838 3498 1106 3576 perfecto
1154 3500 1239 3558 sic
1285 3498 1635 3561 declinatur.
1709 3499 1842 3561 ideo
1890 3499 2248 3561 defectivum
2295 3500 2545 3570 dicitur„

793 3603 968 3664 Petra
1016 3612 1077 3665 et
1120 3623 1399 3685 graecum
1446 3614 1508 3666 et
1562 3605 1808 3667 latinum
1864 3624 2079 3667 nomen
2135 3615 2229 3669 est
2281 3624 2468 3668 unum
2521 3605 2797 3685 idemque
2851 3608 2912 3667 in
2969 3614 3221 3685 utraque

615 3706 814 3787 lingua
858 3711 1222 3793 significanS‚
1270 3713 1426 3774 unde
1474 3724 1535 3775 et
1570 3712 1734 3773 Petri
1795 3713 2044 3793 apostoli
2091 3732 2307 3775 nomen
2344 3716 2405 3773 in
2443 3712 2697 3792 utraque
2734 3712 2930 3793 lingua
2970 3713 3218 3775 eandem
3247 3714 3303 3755 ³⁰

613 3816 863 3877 invictae
911 3816 1046 3878 fidei
1094 3822 1544 3899 significantiam
1590 3838 1622 3880 a
1668 3828 1835 3901 petra
1882 3819 2203 3880 derivatam
2248 3822 2529 3882 continet.
2603 3819 2793 3900 platea
2840 3820 3112 3882 similiter
3156 3822 3218 3881 in

616 3930 866 4001 utraque
913 3923 1112 4005 lingua
1157 3946 1346 3988 unum
1390 3927 1666 4006 idemque
1714 3926 2036 4011 significat3
2088 3928 2191 3989 sed
2240 3935 2308 3990 ut
2354 3928 2738 4009 etymologiae
2786 3928 2937 3988 ratio
2986 3926 3219 4009 probat,

757 4101 784 4149 1
810 4112 974 4151 omne
996 4098 1332 4153 consortium
1355 4099 1408 4153 L
1429 4098 1608 4154 omnis
1627 4098 1895 4154 consortii
1918 4092 1993 4153 M
2003 4099 2059 4153 P
2161 4106 2197 4154 4
2223 4099 2470 4171 proprie]
2499 4101 2731 4171 propter
2757 4116 2895 4155 corr.
2923 4116 3098 4172 prope
3129 4099 3219 4167 M,

612 4191 713 4230 om.
738 4176 791 4230 L
906 4185 938 4232 6
966 4177 1024 4231 in
1051 4178 1376 4247 psallicibus
1396 4178 1453 4232 P
1562 4183 1595 4232 8
1624 4181 1711 4234 est
1733 4194 1833 4234 om.
1857 4179 1914 4233 P
2023 4186 2055 4235 9
2088 4179 2294 4237 Obrixa.
2323 4179 2546 4236 obrixae
2575 4194 2700 4249 gen.
2721 4180 2850 4235 fem.
2877 4181 2935 4233 et
2963 4178 3215 4233 obrizum

612 4255 792 4310 obrizi
819 4257 879 4311 in
905 4261 1104 4313 neutro
1133 4258 1189 4311 P
1292 4263 1357 4312 10
1387 4259 1473 4312 est
1498 4256 1720 4312 initium
1753 4258 1810 4312 P
1911 4259 2180 4333 origenis]
2204 4259 2436 4331 originis
2465 4259 2522 4312 P
2545 4314 2559 4321 ,
2613 4261 2673 4314 et
2699 4262 2786 4315 est
2812 4259 3000 4316 uelum
3030 4259 3127 4317 eL
3157 4262 3221 4313 ut

613 4337 700 4391 est
727 4337 913 4392 uelum
934 4338 1072 4393 PM
1170 4345 1231 4394 11
1254 4342 1315 4394 et
1339 4339 1513 4394 habet
1533 4354 1633 4394 om.
1658 4339 1753 4397 §L
1863 4345 1929 4394 13
1958 4340 2385 4411 transferuntur]
2414 4337 2573 4393 uenit
2592 4338 2668 4391 Μ
2768 4335 3145 4399 ΕΝΙΤΙὰΝωω
3169 4338 3225 4392 Ρ

694 4421 758 4471 15
795 4417 953 4473 venit
988 4436 1088 4474 om.
1127 4419 1227 4478 §L
1371 4424 1439 4472 16
1477 4418 1673 4474 ordibo
1710 4420 1769 4473 et
1804 4419 1992 4474 ordiar
2027 4420 2138 4473 PL
2177 4418 2375 4475 ordibo
2412 4421 2471 4473 et
2506 4418 2732 4473 ordibor
2770 4418 2846 4472 M
2983 4420 3219 4487 utroque

612 4497 780 4553 modo
817 4500 1034 4554 veteres
1073 4499 1333 4555 dixerunt
1372 4498 1548 4568 Caper
1580 4516 1636 4567 p.
1675 4504 1800 4566 101,
1837 4505 1904 4553 11
2055 4505 2118 4554 18
2157 4499 2417 4555 comuste
2455 4497 2788 4553 neutraliter
2824 4498 3030 4553 dicitur
3067 4498 3141 4552 M

615 4583 681 4633 19
719 4580 1139 4635 numerabimur
1166 4580 1358 4635 ocinus
1392 4579 1448 4631 P
1554 4584 1621 4633 20
1661 4580 1812 4647 quod
1851 4581 1935 4634 est
1969 4595 2068 4633 om.
2109 4579 2161 4632 L
2268 4584 2336 4633 23
2375 4580 2692 4647 optumates
2720 4577 2773 4630 L
2809 4580 3134 4647 optumaces
3165 4577 3223 4631 P

611 4661 930 4727 optumates
967 4659 1062 4713 uel
1098 4658 1398 4728 optimates
1436 4660 1511 4713 M
1649 4656 2166 4721 ΠΡωΤΟωὸΕΙΤὸΙ
2205 4659 2261 4711 P
2297 4654 2809 4720 ΠΡωΤΠΟὰΕΙΤὸΙ
2848 4658 2900 4711 L
2941 4659 3220 4713 ΠΛωΤΟ-

611 4733 922 4796 ΠΟΛΕΙΤὸΙ
966 4739 1039 4792 Μ
1197 4739 1545 4793 solummodo
1584 4738 1640 4792 P
1808 4744 1878 4794 26
1913 4738 2087 4811 fetus]
2126 4738 2337 4793 fructus
2374 4738 2470 4796 s'L
2635 4744 2701 4793 27
2741 4738 2859 4810 odi]
2897 4737 3027 4793 odio
3064 4737 3120 4792 P

611 4822 680 4871 28
718 4817 1070 4872 declinantur
1105 4818 1161 4871 P
1297 4817 1700 4874 defectatiuum
1741 4819 1816 4872 M
1953 4824 2023 4873 30
2061 4818 2257 4873 eadem
2293 4819 2352 4872 P
2380 4820 2618 4874 eundem
2656 4818 2731 4872 M
2868 4825 2932 4873 31
2972 4817 3220 4873 invictae

613 4896 765 4967 fidei]
803 4896 862 4951 in
898 4896 1032 4953 fidei
1067 4898 1219 4953 uitae
1258 4898 1334 4952 M
1473 4897 1530 4952 in
1570 4901 1804 4975 utraque
1843 4897 2039 4969 lingua
2076 4898 2336 4954 similiter
2373 4900 2447 4954 M
2588 4905 2655 4954 32
2695 4897 3014 4969 significans
3051 4897 3148 4957 §L
