3613 5528
1245 429 1596 485 EXEMPLA
1632 426 2162 485 ELOCV'I'IONVM
2878 425 3006 490 491

407 540 450 577 p.
478 530 570 570 245.
598 531 677 570 246
705 529 757 571 L.

408 615 443 674 f.
492 635 541 675 c.
588 615 673 690 T.‚
731 614 849 676 Cic.
906 616 968 674 in
1025 613 1189 675 Catil.
1238 613 1318 673 ΙΙΙ
1365 615 1617 689 (10,24)
1674 615 1794 676 sed
1853 632 1970 675 eas
2025 632 2199 693 quas
2255 623 2525 674 vosmet
2580 614 2720 693 ipsi
2776 585 3009 672 memi-

408 723 624 783 nistis
670 731 884 801 atque
930 720 1224 781 vidistis
1271 767 1286 781 .
1335 724 1575 782 memini
1620 721 1777 783 illam
1825 740 1953 782 rem
1999 721 2221 801 facere,
2268 718 2435 798 Verg.
2475 720 2618 781 Aen.
2656 719 2786 780 VIII
2823 721 3010 793 (157)

727 846 875 890 nam
924 830 1212 888 memini
1258 825 1612 890 Hesionae
1660 831 2012 890 visentem
2060 846 2277 908 regna
2325 829 2607 888 sororis

726 935 1413 998 Laumeduntiadem
1459 935 1838 1016 Priamum,
1886 935 2239 996 Salamina
2285 941 2685 1016 petentem,

327 1055 356 1095 ⁵
725 1046 1061 1124 protinus
1107 1042 1446 1104 Arcadiae
1494 1042 1778 1123 gelidos
1825 1045 2139 1104 invisere
2188 1042 2402 1122 fineS‚

409 1150 527 1212 Cic.
585 1153 646 1212 in
702 1151 979 1212 Pisonem
1035 1149 1237 1230 (6‚13)
1297 1151 1813 1232 meministine,
1877 1167 2202 1230 coenum,
2265 1166 2417 1209 cum
2475 1146 2557 1208 ad
2615 1155 2682 1208 te
2740 1147 2910 1207 hora
2968 1145 3015 1205 V

409 1277 561 1319 cnm
609 1257 671 1319 C.
718 1258 977 1318 Pisone
1024 1259 1404 1334 venissem,
1464 1260 1710 1318 nescio
1759 1276 1894 1336 quo
1944 1267 2009 1318 te
2057 1277 2089 1316 e
2137 1259 2517 1336 gurgustio
2564 1254 2859 1336 prodire
2909 1256 3011 1314 in-

411 1367 652 1426 voluto
701 1384 776 1426 ea
790 1368 944 1445 pite
1000 1361 1399 1426 soleatum‘?
1451 1367 1695 1425 memini
1742 1364 1904 1426 illum
1955 1364 2192 1425 fecisse:
2249 1358 2432 1423 huius
2479 1363 2832 1423 elocutionis
2877 1379 3013 1421 raro

411 1475 708 1534 invenitur
754 1472 1111 1555 exemplum,
1159 1471 1326 1550 Verg.
1374 1490 1534 1550 geor.
1582 1470 1687 1531 1111
1735 1470 1916 1544 (125)

332 1589 384 1630 10
729 1597 1026 1658 namque
1074 1577 1203 1638 sub
1253 1577 1587 1639 Oebaliae
1638 1578 1925 1639 memini
1971 1594 2075 1637 me
2122 1577 2455 1682 turribus
2501 1578 2696 1637 arcis

729 1683 1107 1765 Corycium
1156 1685 1427 1746 vidisse
1475 1704 1713 1746 senem
1761 1732 1773 1745 .

413 1795 650 1855 memini
696 1794 888 1875 domi,
930 1793 1065 1854 Ter.
1114 1792 1263 1854 Eun.
1309 1793 1440 1866 (IV
1487 1793 1663 1868 7,45)

834 1899 1020 1961 domi
1068 1900 1353 1978 focique
1402 1900 1510 1960 sac
1555 1901 1879 1960 vicissim
1928 1908 2003 1960 ut
2053 1900 2466 1959 memineris
2513 1947 2527 1960 .
2568 1893 2578 1981 Ι

588 2006 904 2068 Miseretur
970 2006 1154 2088 illius,
1220 2006 1388 2087 Verg.
1444 2007 1586 2066 Aen.
1645 2004 1753 2065 XII
1811 2006 2001 2079 (653)
2068 2008 2416 2066 miserere
2485 2016 2798 2088 tuorum,
2858 2006 3013 2067 idem

335 2125 384 2168 ιτ,
413 2115 554 2174 Aen.
593 2111 697 2172 1111
737 2112 925 2186 (435)
965 2115 1310 2173 miserere
1350 2114 1627 2173 sororis
1657 2159 1670 2172 .
1701 2114 2018 2174 miseratus
2055 2111 2248 2188 illum,
2286 2113 2441 2174 idem
2481 2117 2544 2174 in
2583 2112 2788 2174 eodem
2820 2114 3015 2187 (370)

411 2220 593 2282 haud
661 2222 1046 2280 miseratus
1111 2229 1459 2281 amantem
1525 2228 1635 2280 est
1689 2265 1703 2278 .
1761 2222 2076 2280 miseratus
2138 2219 2319 2280 animi
2380 2238 2489 2300 pro
2557 2221 2780 2302 animo,
2845 2219 3016 2299 Verg.

411 2328 554 2388 Aen.
602 2325 654 2386 X
700 2327 892 2401 (686)

661 2436 1025 2496 continuit
1071 2437 1397 2496 iuvenem
1444 2442 1658 2514 atque
1704 2436 1925 2494 animi
1970 2436 2309 2496 miserata
2354 2438 2717 2516 repressit
2762 2483 2777 2497 .

413 2544 657 2602 miseret
693 2551 752 2603 te
791 2540 975 2622 illius,
1015 2540 1182 2622 Verg.
1214 2542 1355 2602 Aen.
1385 2540 1486 2601 vll
1516 2541 1711 2615 (360)
1741 2559 1872 2602 nec
1912 2551 1976 2601 te
2016 2543 2316 2603 miseret
2352 2551 2709 2623 nataeque
2748 2544 3017 2623 tuique.

334 2662 387 2701 2⁰
595 2649 793 2710 Manet
835 2657 896 2709 te
941 2648 1082 2728 hoc,
1128 2648 1284 2709 idem
1331 2650 1393 2708 in
1441 2648 1648 2709 eodem
1696 2649 1875 2721 (128)

706 2755 878 2817 haec
926 2764 1081 2844 erat
1126 2755 1248 2817 illa
1294 2756 1545 2837 fames,
1590 2755 1763 2817 haec
1815 2776 1942 2818 nos
1988 2776 2317 2838 suprema
2364 2758 2690 2820 manebat
2736 2804 2750 2821 .

414 2863 570 2924 idem
617 2864 758 2924 Aen.
806 2862 858 2922 X
905 2884 937 2920 *
986 2865 1160 2938 (Aen.
1224 2864 1349 2924 VII
1376 2863 1539 2938 596)
1588 2873 1881 2925 ceterus
1929 2864 2243 2926 manebit
2289 2866 2730 2946 supplicium
2769 2915 2782 2927 .
2823 2874 3020 2928 manet

415 2969 522 3030 tibi
569 2970 708 3052 hoc,
754 2968 912 3029 idem
957 2972 1098 3030 Aen.
1147 2969 1300 3031 vnn
1347 2971 1537 3045 (302)

733 3076 906 3137 haec
952 3076 1191 3139 eadem
1238 3080 1594 3158 matrique
1644 3085 1806 3139 tuae
1853 3083 2251 3160 generique
2296 3081 2710 3163 manebunt,

335 3199 387 3238 25
417 3183 535 3245 Cic.
583 3183 794 3264 Philip.
840 3183 892 3243 11
941 3186 1135 3258 (5,11)
1191 3185 1473 3263 quando
1532 3185 1666 3246 tibi
1722 3186 1907 3246 domi
1974 3198 2207 3248 manet
2271 3188 2454 3267 quod
2521 3190 2661 3250 fuit
2724 3187 3018 3251 illorum

417 3294 708 3371 utrique
757 3291 971 3352 fatale
1003 3340 1015 3353 .
1053 3299 1249 3352 manet
1287 3291 1380 3352 his
1418 3310 1526 3372 pro
1576 3288 1658 3353 ‘in
1699 3292 1791 3352 his
1829 3289 2211 3375 perseverat'‚
2258 3294 2428 3374 Verg.
2467 3296 2609 3357 Aen.
2648 3295 2774 3356 Vlll
2824 3297 3017 3370 (643)

416 3408 485 3460 at
529 3409 603 3460 tu
651 3399 872 3460 dictis
918 3398 1181 3459 Albane
1229 3417 1559 3459 maneres
1605 3446 1619 3459 .

592 3504 800 3567 Melior
846 3505 942 3565 ille
991 3515 1082 3567 est
1126 3505 1236 3567 hac
1284 3526 1375 3587 re,
1421 3505 1594 3586 Verg.
1642 3506 1782 3567 Aen.
1831 3505 1877 3565 V
1924 3509 2105 3581 (153)
2155 3510 2409 3570 melior
2455 3513 2672 3571 remis
2721 3520 2782 3573 et
2827 3513 3020 3585 (430)

597 3731 775 3787 Codex
812 3730 1105 3787 Parrhasii
1180 3738 1207 3786 1
1248 3733 1443 3788 sedeas
1481 3749 1592 3802 qua
1629 3736 1878 3789 suosmet
1922 3734 2032 3806 ipsi
2203 3742 2235 3790 3
2273 3734 2571 3791 Hesionen)
2747 3743 2776 3791 7
2816 3754 2925 3805 quo
2964 3740 3021 3793 te

418 3828 523 3882 ego
562 3829 617 3881 e,
654 3814 748 3867 sed
782 3813 950 3867 deleto
988 3829 1093 3882 ego
1241 3818 1305 3866 10
1345 3812 1612 3868 Aebaliae
1760 3820 1826 3869 15
1862 3815 2013 3871 idem
2051 3816 2247 3870 eodem
2404 3822 2469 3870 19
2506 3832 2611 3871 nec
2656 3818 2713 3871 te
2758 3818 3023 3873 miserere

418 3892 531 3948 nat.
570 3906 618 3947 e.
647 3910 701 3961 q.
731 3891 926 3961 tuique
1070 3897 1135 3945 21
1167 3892 1306 3946 haec
1331 3891 1435 3948 illa
1464 3895 1586 3947 erat
1610 3893 1738 3962 illa,
1774 3896 1868 3949 sed
1895 3894 2062 3949 deleto
2088 3894 2191 3949 ille.
2207 3896 2399 3963 priore
2425 3895 2539 3950 loco
2680 3901 2747 3950 27
2777 3896 3020 3967 Albane]

419 3970 659 4026 Salvane
802 3975 870 4024 28
909 3969 1108 4026 Melior
1143 3970 1243 4026 illo
1283 3975 1370 4026 est·¹
1403 3972 1512 4026 hac
1549 3988 1609 4026 re
1639 4004 1705 4013 -
1736 3978 1893 4028 motu
1921 3976 2120 4030 melior
2150 3982 2275 4045 post
2310 3975 2510 4030 melior
2544 3976 2635 4030 hic
2668 4007 2730 4016 -
2761 3976 3023 4031 Metellus

416 4053 622 4119 scripta
629 4092 648 4119 ‚
682 4051 777 4105 sed
813 4052 1081 4119 adpositis
1115 4052 1290 4120 siquis
1327 4053 1667 4121 transposita
1701 4061 1833 4108 sunt
1998 4056 2200 4111 melior
2235 4055 2357 4127 ille]
2396 4056 2596 4112 melior
2632 4056 2731 4112 illo

597 4271 629 4318 3
667 4265 944 4319 Hesionae
990 4265 1194 4319 codices
1245 4265 1472 4335 Vergjilii
1507 4272 1557 4321 et
1590 4268 1771 4323 Nonii
1798 4286 1861 4338 p.
1901 4274 2010 4323 337
2191 4277 2223 4325 6
2271 4288 2395 4325 cum
2442 4269 2517 4324 ad
2561 4271 2618 4325 te
2665 4269 2864 4339 quinta.
2909 4271 3023 4326 fere

419 4346 559 4400 hora
603 4362 726 4400 cum
776 4344 834 4399 C.
874 4343 1074 4399 Pisone
1119 4344 1424 4417 venissem,
1472 4349 1659 4403 nescio
1705 4365 1817 4419 quo
1864 4367 1894 4404 e
1941 4351 2233 4420 gurgustio
2270 4352 2327 4404 te
2362 4350 2586 4421 prodire
2626 4351 2811 4406 Cicero
2958 4358 3022 4406 13

419 4430 486 4483 ut
518 4443 618 4483 om.
657 4426 1079 4481 Lindemannus
1261 4433 1326 4481 16
1371 4431 1471 4482 aut
1516 4428 1813 4483 miseratus
1859 4431 2064 4484 codices
2120 4430 2352 4499 Vergilii
2387 4431 2525 4486 Aen.
2566 4430 2669 4483 IV
2701 4435 2813 4485 370
2959 4435 3023 4483 18

420 4507 785 4575 iuvenemque
833 4505 1009 4560 animi
1055 4506 1259 4561 codices
1314 4507 1546 4577 Verqilii
1589 4510 1725 4564 Aen.
1777 4509 1842 4563 X
1883 4515 1997 4565 686
2178 4516 2244 4564 22
2292 4511 2550 4565 lacunam
2594 4511 2868 4581 indicavi,
2916 4530 3028 4582 qua

419 4587 719 4655 exemplum
754 4585 948 4641 decimi
984 4584 1116 4639 libri
1150 4588 1380 4656 excidit,
1416 4593 1528 4643 438
1564 4606 1694 4644 mox
1728 4590 1860 4645 illos
1896 4606 1997 4645 sua.
2030 4589 2153 4645 fata.
2188 4592 2418 4645 manent
2455 4589 2664 4645 maiore
2713 4591 2817 4644 sub
2862 4590 3025 4647 hoste

418 4668 500 4721 vel
545 4672 655 4722 630
697 4683 846 4720 nune
900 4669 1092 4720 manet
1137 4666 1415 4722 insontem
1458 4669 1647 4739 gravis
1691 4671 1873 4726 exitus
1922 4714 1935 4728 .
1980 4671 2224 4740 sequitur
2277 4671 2576 4740 exemplum
2628 4670 2843 4738 septimi
2897 4671 3028 4725 libri

421 4752 531 4803 596
566 4752 652 4817 te,
687 4747 896 4816 Turne,
942 4745 1127 4812 nefas,
1170 4748 1229 4800 te
1264 4746 1428 4802 triste
1464 4746 1716 4804 manebit
1750 4750 2084 4821 supplicium
2254 4750 2528 4822 manebit]
2566 4752 2833 4805 manebat
2867 4768 2935 4806 ea:
2975 4750 3027 4805 G

420 4829 592 4883 edidit
627 4828 1048 4882 Lindemannus
1216 4832 1285 4880 25
1330 4829 1487 4884 cuius
1538 4828 1766 4898 quidem
1817 4830 1925 4885 tibi
1968 4830 2178 4900 fatum,
2226 4832 2371 4886 sicut
2415 4829 2475 4884 C.
2515 4830 2769 4900 Curioni,
2816 4838 3021 4901 manet,

422 4909 686 4979 quoniam
723 4906 782 4961 id
818 4907 973 4963 domi
1009 4909 1140 4961 tuae
1176 4912 1287 4980 est,
1325 4909 1475 4979 quod
1512 4909 1623 4963 fuit
1657 4911 1883 4965 illorum
1919 4911 2144 4981 utrique
2182 4911 2357 4967 fatale
2396 4912 2584 4968 Cicero

2486 5006 2598 5058 32*
