3613 5528
617 370 749 436 542
923 331 934 350 Ι
1472 372 1931 430 FRAGMENTA
1984 372 2375 458 BOBIENSIA

618 485 661 523 p.
691 472 907 514 soc-208
935 473 990 513 v,
2358 459 2371 478 ⁸
2418 483 2441 494 κ

619 559 867 639 dicitur,
913 556 1018 619 sed
1057 557 1268 620 melius
1305 560 1753 640 patronymicon
1798 568 1868 621 ut
1914 561 2008 621 sit.
2098 559 2296 642 Legit,
2342 569 2587 622 secutus
2632 569 2724 622 est
2761 562 2978 638 (Vero.
3015 563 3086 622 A.
3128 562 3240 623 IX

617 647 796 721 393).
904 646 1014 709 Hic
1081 655 1141 709 et
1202 647 1348 709 haec
1416 650 1784 728 cognominis
1845 648 2022 710 huius
2077 652 2445 730 cognominis
2501 651 2719 727 (Vere.
2775 652 2847 713 A.
2917 653 3004 712 VI
3049 652 3229 726 383).

619 735 901 818 Piabunt,
964 735 1281 817 placabunt
1346 738 1453 809 (ib.
1509 738 1689 812 379).
1790 738 1929 798 Dira
1993 738 2149 800 dicta
2214 741 2383 819 quasi
2437 739 2688 802 deorum
2742 741 2829 800 ira
2884 743 2989 814 (ib.
3041 741 3229 805 373).

620 826 780 887 Haec
826 829 976 888 tiara
1023 826 1244 888 dicitur
1290 845 1509 906 genere
1559 828 1842 889 feminino
1890 829 2107 906 (Vero.
2156 830 2223 890 A.
2287 830 2413 890 VII·
2447 830 2631 903 247).

799 917 958 996 Aput
1010 918 1130 977 anti
1176 934 1286 976 uos
1342 934 1460 977 non
1515 915 1732 978 licebat
1786 918 2107 980 sacrificari
2171 919 2300 979 sine
2357 918 2497 979 Iano
2553 926 2615 980 et
2668 916 2841 979 Vesta
2897 919 3057 990 (Iuv.
3110 926 3228 982 sat.
3259 938 3289 978 5

626 1007 866 1083 6,386).
959 1004 1080 1066 Coo
1176 1006 1523 1067 erivativum
1579 1014 1698 1086 est,
1762 1014 2029 1069 ceterum
2086 1007 2410 1088 principale
2456 1017 2552 1069 est
2596 1007 2710 1069 Cos
2771 1009 2949 1081 (Hor.
2989 999 3107 1069 sat.
3157 1009 3239 1069 ΙΙ

624 1096 850 1177 4,29)..
895 1094 1194 1176 Cyllenea,
1231 1094 1409 1156 huius
1449 1093 1744 1175 Cyllenes,
1789 1099 2101 1176 genetivus
2138 1097 2453 1177 singularis
2492 1098 2709 1174 (Vera.
2746 1098 2816 1158 A.
2870 1097 3029 1158 VIII
3054 1097 3229 1172 139).

625 1186 691 1246 ln
738 1183 1031 1266 Teucros,
1075 1202 1185 1263 pro
1222 1183 1500 1266 TeucriS,
1545 1193 1606 1245 et
1651 1187 1712 1246 in
1757 1185 1872 1247 hoc
1917 1184 2049 1247 1000
2088 1185 2279 1247 solum
2316 1189 2378 1247 in
2417 1206 2537 1248 non
2573 1205 2684 1268 pro
2723 1194 2930 1248 contra
2966 1188 3231 1267 positum

625 1281 747 1355 est,
801 1273 905 1335 sed
962 1291 1072 1353 pro
1128 1291 1239 1353 pro
1293 1272 1385 1334 vel
1442 1274 1599 1334 circa
1656 1275 1874 1351 (Verq.
1932 1277 2000 1336 A.
2060 1278 2101 1336 Ι
2148 1277 2335 1347 304).
2435 1275 2562 1336 Hoc
2617 1274 2813 1337 locum
2868 1275 3090 1337 lectum
3136 1285 3231 1337 est

625 1374 769 1444 aput
823 1361 1109 1443 Ennium,
1172 1361 1276 1422 sed
1342 1380 1517 1423 nemo
1581 1362 1725 1425 dicit
1787 1363 1960 1425 hodie
2027 1367 2134 1437 (ib.
2197 1366 2384 1440 306).
2425 1358 2436 1447 Ι
2475 1364 2831 1426 Miscellania
2885 1363 3097 1445 patella
3153 1364 3229 1426 de
3266 1386 3320 1425 10

626 1453 808 1515 rebus
856 1453 1031 1512 variis
1075 1450 1296 1512 dicitur
1342 1453 1501 1524 (Iuv.
1546 1459 1658 1513 sat.
1705 1453 1938 1528 11,20).

806 1541 1035 1602 Nomen
1100 1559 1209 1621 pro
1275 1539 1580 1621 adverbio,
1643 1549 1953 1604 aeternum
2016 1561 2124 1622 pro
2190 1550 2430 1603 aeterne
2496 1544 2712 1620 (Verq.
2768 1545 2840 1604 A.
2910 1542 2998 1604 VI
3050 1544 3228 1617 401).

630 1635 820 1714 Caput
874 1633 1090 1712 aperit,
1144 1629 1328 1692 nudat
1382 1632 1488 1703 (ib.
1546 1632 1733 1705 406).
1826 1630 2071 1693 Informi
2125 1631 2292 1706 limo,
2346 1650 2557 1712 magno
2610 1633 2841 1693 infinito
2899 1635 3005 1706 (ib.
3052 1632 3231 1708 416).

628 1725 946 1802 Personat,
992 1728 1095 1782 aut
1138 1738 1460 1800 personare
1507 1721 1649 1782 facit
1693 1729 1794 1782 aut
1839 1739 1947 1801 per
1994 1739 2175 1801 regna
2221 1730 2417 1803 sonat,
2464 1721 2535 1782 de
2575 1720 2852 1782 Cerbero.
2932 1720 3233 1783 Cerberus

630 1814 826 1875 dictus
874 1811 1041 1891 quasi
1086 1801 1449 1890 κρεοβόρος
1495 1812 1600 1884 (ib.
1649 1810 1820 1884 418).
1910 1808 1986 1871 Et
2030 1809 2139 1871 1103
2186 1809 2465 1872 colubros
2511 1819 2571 1872 et
2615 1811 2721 1871 bas
2766 1810 3042 1872 colubras
3087 1810 3229 1890 legi·
3264 1834 3320 1874 15

631 1921 763 1964 mus
802 1903 910 1974 (ib.
948 1899 1120 1974 419).
1205 1898 1485 1979 Sepultus
1522 1898 1869 1981 immobilis,
1916 1902 2085 1979 quasi
2131 1903 2258 1961 sine
2306 1899 2474 1978 pultu
2519 1901 2627 1972 (ib.
2666 1901 2846 1974 424).
2927 1899 3232 1980 ExsorteS,

631 1994 900 2072 ignaroS,
945 2007 1064 2051 una
1107 2006 1246 2069 pars
1283 1989 1594 2069 orationiS,
1639 1990 1795 2050 sicut
1831 2007 2045 2068 exspes
2083 1990 2188 2062 (ib.
2229 1989 2402 2062 428).
2484 1988 2561 2050 Et
2599 1990 2850 2051 fortuitu
2888 1997 2949 2050 et
2983 1990 3232 2050 fortuito

634 2082 868 2143 dicitur.
959 2079 1219 2140 Perosus
1266 2095 1399 2138 sum
1444 2076 1599 2138 illam
1648 2096 1776 2138 rem
1823 2080 1931 2151 (ib.
1979 2079 2154 2152 435).
2245 2078 2358 2139 Fas
2413 2077 2696 2140 naturalis
2750 2077 2844 2140 lex
2901 2080 3006 2150 (ib.
3056 2078 3232 2150 438).

635 2169 995 2250 Inamabilis,
1041 2169 1295 2248 pessima
1343 2169 1480 2240 (ib.)
1573 2166 1761 2228 Suave
1810 2175 1871 2228 et
1917 2168 2126 2229 suadet
2170 2166 2449 2248 disyllaba
2487 2177 2653 2248 sunt,
2699 2185 2846 2249 non,
2892 2176 2957 2229 ut
2994 2167 3232 2247 quidam

634 2260 897 2342 imperiti
939 2265 1176 2339 putant,
1221 2254 1518 2336 trisyllaba
1566 2258 1782 2332 (Vero.
1830 2258 1899 2318 A.
1952 2258 1991 2317 Ι
2026 2258 2112 2318 35
2124 2259 2209 2330 7).
2301 2256 2591 2339 Securus,
2646 2266 3036 2319 contemnens
3091 2255 3231 2317 Ver·
3262 2283 3319 2320 so

634 2350 811 2430 gilius
866 2349 963 2420 (A.
1022 2348 1062 2407 I
1109 2346 1293 2418 350).
1386 2340 1672 2406 ‘Dilectus
1727 2345 1870 2407 mihi
1925 2341 2039 2407 est’
2064 2339 2069 2346 ’
2094 2348 2411 2425 figuratum
2467 2356 2583 2427 est,
2639 2346 2813 2408 hodie
2868 2340 3145 2407 ‘dilectus
3200 2363 3234 2406 a

635 2458 730 2500 me
777 2432 895 2498 est’
941 2435 1347 2510 dicimusfi‘b.
1392 2436 1573 2508 344).
1665 2435 1928 2516 Retexit,
1974 2435 2252 2497 indicavit
2296 2437 2403 2508 (ib.
2448 2437 2630 2510 356).

815 2527 1001 2608 OpeS,
1045 2522 1465 2605 possibilitates
1503 2525 1656 2596 (Sal.
1702 2526 1873 2586 Catil.
1913 2524 2057 2601 1,3).
2140 2525 2305 2606 Opus
2352 2533 2443 2586 est
2489 2524 2787 2606 consulto,
2832 2543 2983 2605 opus
3029 2532 3121 2585 est
3166 2532 3234 2586 ut

637 2615 936 2696 consulas,
996 2622 1057 2675 et
1103 2621 1245 2675 sunt
1289 2615 1484 2674 omnia
1530 2613 1781 2693 gerundi
1828 2614 1987 2674 modi
2044 2616 2217 2686 (Sall.
2272 2616 2441 2675 Catil.
2489 2615 2639 2690 1,6).
2730 2614 2999 2696 Veniam,
3053 2613 3232 2674 bene·

637 2709 837 2770 ficium
884 2705 1061 2780 (Hor.
1108 2723 1164 2764 α.
1204 2721 1267 2783 p.
1314 2703 1437 2778 11).
1529 2703 1945 2785 Geminentur,
1990 2703 2345 2785 copulentur
2390 2707 2496 2777 (ib.
2543 2704 2671 2779 13).
2750 2703 2961 2787 Exlex,
3005 2722 3239 2785 exspeS,
3265 2729 3319 2767 ²5

638 2815 845 2859 exsors
892 2797 1000 2869 (ib.
1046 2795 1184 2865 20).
1274 2794 1396 2874 Age
1442 2793 1783 2855 adverbium
1832 2802 1949 2875 est,
1993 2793 2345 2874 plerumque
2392 2792 2656 2856 verbum.

819 2885 1087 2946 Struices
1152 2885 1609 2965 compositiones
1672 2883 1955 2945 dicuntur
2019 2885 2377 2965 patinarum,
2444 2883 2600 2944 unde
2667 2886 2843 2944 etiam
2908 2889 3237 2944 structores

637 2977 920 3037 dicuntur
968 2975 1126 3046 (Iuv.
1173 2980 1285 3034 sat.
1333 2972 1600 3047 11,136).
1692 2971 2022 3055 Pygargus,
2082 2991 2259 3052 caper
2305 2992 2441 3034 cum
2489 2972 2752 3034 candidis
2808 2969 3084 3033 clunibus
3131 2974 3237 3045 (ib.

638 3066 820 3140 138).·
863 3061 1217 3144 hirquitalli,
1252 3054 1634 3141 βούπαιδες.
1717 3061 2027 3143 Gaditana,
2063 3060 2267 3142 Tyria,
2305 3062 2461 3141 quod
2501 3061 2692 3123 Gades
2729 3061 2884 3123 solas
2920 3060 3235 3141 Hispaniae

639 3155 802 3236 Tyrii
858 3160 1182 3214 tenuerunt
1241 3152 1347 3224 (ib.
1403 3151 1583 3224 160).
1684 3148 1895 3211 Omnia
1955 3152 2189 3211 nomina
2254 3153 2345 3211 nis
2409 3149 2623 3231 syllaba
2690 3153 3003 3212 terminata
3059 3150 3238 3211 latina
3267 3176 3321 3215 so

641 3242 930 3324 simplicia
975 3241 1211 3319 generis
1257 3239 1568 3301 masculini
1614 3247 1754 3300 sunt
1799 3248 2047 3320 excepto
2095 3239 2273 3300 nullo.
2313 3239 2325 3317 Ι

817 3330 1075 3391 Pharum
1140 3347 1358 3409 genere
1425 3330 1708 3389 feminino
1774 3328 2026 3389 dicimus
2091 3329 2268 3401 (Luc.
2310 3331 2542 3401 “Phar-5.
2617 3330 2778 3390 VIII
2823 3330 2998 3402 514).
3096 3328 3240 3409 Apis

641 3431 849 3483 taurus
895 3419 1114 3480 dicitur
1160 3417 1314 3499 apud
1360 3419 1703 3498 Aegyptios,
1762 3420 1867 3498 qui
1920 3419 1981 3478 in
2035 3426 2278 3498 pectore
2325 3417 2524 3480 lunam
2580 3417 2771 3479 albam
2826 3416 3029 3501 habet,
3089 3435 3239 3498 quae

642 3510 925 3572 adversus
963 3502 1170 3569 lunam
1217 3516 1276 3568 et
1323 3509 1540 3568 crescit
1576 3516 1636 3568 et
1672 3507 1967 3568 decrescit
2002 3509 2109 3580 (ib.
2149 3508 2330 3581 479).
2404 3506 2799 3587 Imperatores
2838 3509 2940 3587 qui
2976 3509 3241 3569 vicerant

642 3600 886 3660 honoris
923 3598 1110 3679 gratia
1147 3605 1208 3657 et
1245 3598 1492 3677 praemii
1528 3595 1832 3657 tibicinem
1851 3596 2256 3679 accipiebant,
2293 3595 2595 3657 candelam
2625 3604 2686 3657 et
2713 3595 2913 3658 sellam
2944 3595 3241 3677 curulem3
3267 3620 3320 3662 ³5

642 3687 860 3749 milites
897 3686 969 3747 ad
1007 3685 1267 3747 colonias
1303 3684 1675 3747 ducebantur
1711 3694 1772 3747 et
1809 3687 2109 3747 territoria
2148 3685 2528 3766 accipiebant.
2603 3685 2920 3748 Metatores
2958 3684 3243 3747 domuum

641 3779 951 3858 dicuntur,
997 3793 1305 3841 mensores
1352 3774 1637 3835 frumenti
1682 3783 1745 3835 et
1780 3774 2035 3854 frugum.
2119 3774 2277 3836 Haec
2315 3793 2610 3855 conpages
2646 3774 2893 3849 dicitur,
2939 3793 3057 3836 non
3096 3774 3242 3835 baec

642 3884 924 3947 conpago.

819 3954 1060 4034 Antiqui
1108 3952 1481 4014 declinabant
1528 3952 1675 4013 vello
1722 3953 1901 4036 vulsi,
1948 3952 2120 4013 modo
2169 3971 2342 4014 nemo
2389 3952 2533 4015 dicit
2578 3955 2796 4030 (Vero.
2844 3955 2914 4013 A.
2976 3954 3027 4011 V
3056 3953 3242 4026 270).

645 4046 992 4106 Seminecus
1030 4042 1360 4105 declinatur
1399 4051 1461 4103 et
1495 4042 1567 4103 ab
1613 4042 1726 4103 boc
1772 4045 2071 4104 semineco
2129 4041 2220 4103 1113
2258 4045 2572 4104 seminecis
2609 4045 2715 4116 (ib.
2754 4044 2935 4115 275).
3018 4042 3243 4103 Sensus
3269 4068 3320 4107 40

644 4152 890 4215 nomen,
936 4151 1107 4194 sensa
1153 4131 1626 4213 participialiter,
1672 4133 1828 4194 sicut
1874 4129 2083 4192 sibilus
2131 4141 2189 4193 et
2237 4131 2406 4193 sibila
2461 4134 2566 4205 (ib.
2614 4133 2800 4206 277).
2892 4130 3287 4212 Deductum,=

645 4232 825 4301 tenue
871 4233 1013 4304 aput
1057 4221 1380 4301 Vergilium
1425 4223 1650 4294 (bucol.
1701 4222 1852 4295 (235).
1944 4219 2194 4298 Vindex,
2239 4224 2325 4283 sic
2372 4223 2609 4282 nomine
2658 4223 2770 4283 fuit
2807 4222 2909 4300 qui
2945 4212 3244 4282 Neronem

644 4290 863 4376 occidit
909 4314 1068 4386 (Ὶιιυ.
1113 4318 1225 4373 sat.
1272 4310 1506 4386 8322).
1598 4311 1797 4392 Rapti,
1845 4310 2066 4370 cursim
2114 4310 2269 4374 sacti.
2361 4310 2657 4394 Defende,
2704 4312 2924 4372 munio.

823 4402 1041 4483 Dapern
1100 4400 1480 4480 singulariter
1536 4419 1652 4461 non
1709 4399 1989 4479 (1101111113,
2045 4398 2148 4459 sed
2204 4399 2513 4480 pluraliter
2566 4407 2794 4461 tantum
2852 4400 3028 4474 (Hor.
3075 4418 3127 4460 c.
3178 4399 3251 4459 ΙΙ

652 4493 844 4569 7,17).
938 4490 1228 4562 Quiritem
1287 4508 1404 4551 non
1461 4489 1740 4571 dicimus,
1806 4488 1911 4549 sed
1968 4507 2218 4549 numero
2281 4488 2493 4569 plurali
2548 4496 2806 4571 tantum3
2870 4496 3137 4549 ceterum
3194 4489 3321 4553 si4⁵

827 4706 894 4756 15
929 4698 1199 4770 legimus]
1237 4698 1348 4769 leg.
1383 4697 1439 4751 B
1477 4696 1683 4768 legitur
1717 4714 1749 4751 v
1894 4702 1965 4751 24
2002 4695 2280 4766 consulas]
2318 4697 2572 4752 consules
2605 4697 2660 4751 B
2802 4701 2872 4751 26
2918 4695 3247 4751 aduerbium

645 4784 732 4837 est
776 4784 864 4847 est
907 4780 1239 4852 plerumque
1286 4778 1614 4849 plerumque
1660 4777 1894 4833 uerbum
1929 4778 1985 4831 B
2149 4783 2216 4833 27
2254 4778 2596 4851 patinarum]
2636 4776 2963 4848 pabinantur
3006 4776 3064 4831 B
3098 4776 3245 4847 pati-

648 4861 837 4917 narias
872 4877 905 4915 v
1050 4866 1117 4915 36
1158 4859 1509 4930 accipiebant
1543 4876 1575 4914 v
1611 4858 1792 4930 accipi
1827 4860 1882 4914 B
1919 4865 2148 4930 utroque
2183 4860 2298 4915 loco
2440 4864 2507 4913 41
2548 4858 2768 4931 sibilus]
2807 4857 2960 4912 sibus
2993 4856 3051 4912 B
