3613 5528
600 387 637 448 1
648 385 731 450 78
1670 388 2130 444 CASSIODORII

605 498 649 534 p.
679 487 786 527 2³00
811 487 861 526 P.

599 574 660 630 in
716 574 906 651 prima
953 570 1168 650 syllaba
1214 570 1252 631 b
1300 573 1591 653 continet,
1646 575 1705 632 in
1755 574 2013 636 secunda
2063 594 2123 654 v,
2180 583 2244 635 ut
2279 573 2465 653 ‚bovis
2521 573 2655 634 bovi
2710 575 2918 636 bovem
2965 593 2998 635 a
3044 574 3212 655 bove,

599 680 755 739 sicut
811 681 872 738 in
920 696 1099 758 supra
1145 678 1304 739 dicto
1351 682 1701 757 pronomine
1747 683 1986 743 variatis
2033 683 2330 742 contrario
2377 680 2591 741 litteris
2638 690 2870 743 constat
2914 683 3211 742 effectum.

773 784 882 846 Bat
917 787 978 845 in
1019 803 1137 846 uno
1178 792 1406 847 tantum
1444 789 1684 866 repperi
1722 790 1961 848 nomine
1999 789 2237 867 generis
2283 791 2482 849 neutri
2528 788 2836 868 pluraliter
2882 790 3211 869 enuntiato,

597 890 653 951 id
696 899 787 952 est
825 891 1137 973 battualia,
1183 911 1335 972 quae
1375 892 1547 972 vulgo
1587 892 1825 955 battalia
1861 893 2170 975 dicuntur,
2207 912 2356 973 quae
2395 893 2433 954 b
2473 904 2694 955 mutam
2736 894 2955 956 habere
2994 914 3208 975 cogno-

597 1000 805 1059 vimus».
882 1001 1337 1061 exercitationes
1374 1006 1571 1060 autem
1612 1000 1865 1061 militum
1902 999 1992 1060 vel
2038 999 2427 1080 gladiatorum
2466 1003 2772 1082 significat.
2843 1002 2983 1083 iude
3029 1005 3206 1062 etiam
3235 1014 3263 1054 ⁵

598 1105 965 1167 battuatores
1009 1099 1170 1179 τοὺς
1214 1099 1622 1185 βασανιστάς
1667 1106 1784 1167 dici
1832 1116 1993 1186 puto.
2069 1110 2151 1168 vit
2194 1126 2305 1188 per
2349 1128 2383 1167 v
2430 1108 2730 1186 scribitur,
2779 1117 2845 1171 ut
2889 1111 3046 1170 vitta.

777 1212 881 1303 Vir
944 1221 1005 1273 ct
1074 1232 1183 1273 vox
1246 1212 1642 1292 monosyllaba
1712 1212 1893 1273 didici
1961 1214 2395 1295 tantummodo,
2467 1233 2618 1293 quae
2690 1233 2798 1293 per
2858 1234 2890 1274 v
2949 1214 3209 1276 litteram

600 1320 957 1381 scribentur.
1030 1320 1173 1381 alias
1228 1320 1460 1381 vocales
1505 1339 1541 1381 x
1590 1318 1832 1399 quidem
1888 1318 2119 1381 litterae
2179 1322 2575 1402 antepositas»,
2628 1320 2666 1379 b
2723 1330 2920 1382 autem
2975 1320 3207 1382 litterae

597 1426 985 1486 cohaerentes
1032 1425 1210 1487 latina
1257 1428 1448 1487 nescit
1492 1429 1731 1487 omnino
1780 1426 2071 1488 facundia.

594 1580 689 1646 v1
721 1575 862 1646 'DE
919 1581 1225 1647 MEDns
1282 1580 1701 1647 SYLLABIS
1755 1579 2152 1649 EIVSDEM
2207 1543 2714 1649 ADAMANTII
2767 1582 3208 1649 MARTYRII
3239 1602 3291 1641 ιο

698 1720 717 1733 “
771 1711 854 1771 De
903 1711 1139 1791 syllabis
1192 1714 1255 1772 in
1302 1711 1595 1792 capitibus
1656 1713 1961 1773 nominum
2019 1714 2253 1794 positiS,
2310 1722 2595 1792 quantum
2650 1714 2981 1794 potuimuS,
3027 1712 3038 1789 1
3078 1716 3207 1773 sine

771 1891 805 1937 4
842 1884 899 1939 id
938 1886 1023 1941 est
1057 1885 1338 1940 battualia
1379 1883 1606 1951 Carrio,
1642 1883 1701 1936 id
1739 1885 1828 1938 est
1862 1884 2106 1939 battalia
2133 1884 2313 1939 ABG
2478 1885 2742 1939 dicuntur
2775 1883 2832 1937 Β
2869 1884 3065 1939 dicunt
3097 1883 3213 1937 AG

664 1965 1050 2036 cognoscimus
1088 1967 1142 2019 A
1211 1980 1219 1988 ·
1287 1971 1320 2019 6
1357 1964 1572 2035 autem]
1609 1963 1671 2017 at
1705 1963 1762 2016 Β
1907 1969 1939 2016 6
1976 1962 2308 2019 battiatores
2348 1962 2396 2017 G
2538 1970 2603 2017 10
2641 1963 2979 2019 MARTIRII
3016 1963 3133 2018 AG

597 2052 655 2100 11
698 2046 986 2101 nominum
1020 2044 1077 2098 Β
1111 2045 1353 2100 nominis
1389 2044 1506 2100 Ao

1494 2331 1865 2385 MARTYRII
1900 2329 1995 2383 DE
2036 2329 2078 2383 B
2115 2329 2211 2383 ΕΤ
2249 2328 2299 2383 V

593 2498 839 2559 candem
887 2499 1142 2560 litteram
1187 2499 1468 2579 inveniri,
1516 2506 1581 2557 ut
1627 2497 1894 2577 Iuppiter
1930 2496 2115 2579 IoviS,
2162 2495 2484 2557 notandum
2523 2494 2678 2575 quod
2730 2497 2906 2556 etiam
2952 2493 3047 2556 illa
3093 2513 3205 2573 per

591 2626 625 2664 v
671 2605 931 2666 vocalem
985 2624 1093 2685 pro
1142 2613 1505 2666 consonante
1553 2604 1893 2665 scribentur
1940 2591 2179 2664 ultimae
2238 2606 2322 2663 vis
2378 2601 2633 2682 syllabae
2691 2605 2984 2664 servantia
3029 2621 3204 2681 regu·

599 2712 742 2796 lam,
789 2710 962 2793 q'uam
1008 2711 1180 2794 paulo
1219 2719 1355 2793 post
1392 2729 1536 2772 suus
1574 2710 1739 2772 locus
1778 2709 2148 2798 monstrabit.
2220 2708 2334 2772 bus
2372 2708 2651 2790 syllabam
2688 2710 2750 2771 iu
2788 2711 2978 2790 capite
3018 2706 3203 2800 nomi·

594 2822 687 2881 nis
734 2822 985 2901 positam
1034 2820 1195 2881 nullo
1243 2818 1417 2880 modo
1465 2820 1728 2879 invenire
1775 2821 1961 2898 potui.

768 2926 874 2988 Bat
920 2929 981 2987 in
1020 2946 1138 2988 uno
1187 2935 1414 2989 tantum
1452 2927 1690 3006 repperi
1736 2927 1975 2986 nomine
2012 2943 2233 3004 genere
2272 2932 2484 2986 neutro
2531 2924 2840 3004 pluraliter
2878 2927 3202 3007 enuntiato,
3231 2936 3258 2976 ⁵

588 3033 647 3093 id
697 3042 789 3094 est
834 3033 1140 3116 battualia,
1199 3033 1358 3114 quod
1404 3033 1442 3094 b
1489 3042 1714 3094 mutam
1758 3033 1980 3094 habere
2028 3035 2428 3112 cognovimus.
2503 3034 2958 3094 exercitationes
3005 3041 3203 3095 autem

590 3141 844 3208 militum
881 3141 972 3201 vel
1008 3141 1398 3220 gladiatorum
1437 3140 1743 3218 significat.
1814 3140 1950 3200 inde
1990 3141 2166 3200 etiam
2203 3137 2569 3200 battuatores
2604 3129 2762 3212 τοὺς
2797 3130 3206 3218 βασανιστάς

590 3248 707 3308 dici
754 3257 915 3327 put0.
990 3247 1091 3308 bet
1137 3246 1393 3308 deficere
1441 3247 1722 3324 comperi.
1794 3247 1878 3306 vit
1932 3265 2040 3326 per
2085 3265 2120 3305 v
2175 3244 2511 3325 digammon
2556 3245 2870 3327 scribitur,
2920 3254 2989 3307 ut
3041 3247 3202 3306 vitta.

588 3353 692 3413 hot
738 3353 846 3415 but
893 3353 1143 3433 syllabas
1190 3369 1501 3418 romanum
1550 3354 1790 3429 penitus
1837 3369 1957 3412 non
2004 3350 2260 3412 admittit
2306 3350 2624 3430 eloquium.

765 3460 870 3521 Vix
910 3479 1019 3521 vox
1060 3456 1455 3538 monosyllaba
1495 3456 1673 3518 didici
1722 3457 2160 3539 tantummodo,
2205 3476 2356 3537 quae
2403 3476 2511 3537 per
2558 3477 2592 3516 v
2638 3456 2896 3519 litteram
2941 3457 3199 3519 vocalem
3232 3471 3285 3509 1⁰

589 3569 650 3628 in
698 3568 1163 3628 consonantium-
1197 3573 1553 3646 potestatem
1598 3564 1930 3625 traductam
1976 3565 2331 3627 scribentur.
2406 3564 2548 3627 alias
2594 3564 2824 3626 vocales
2870 3584 2906 3624 x
2962 3563 3200 3644 quidem

584 3674 976 3754 antepositaS,
1032 3673 1070 3733 b
1117 3680 1313 3734 autem
1370 3672 1602 3734 litterae
1663 3671 2054 3732 cohaerentes
2107 3691 2217 3752 per
2263 3672 2603 3734 articulatas
2651 3689 2826 3732 voces
2872 3672 3199 3731 consistere

588 3776 768 3838 latina
815 3779 1061 3838 nimium
1108 3780 1401 3858 ignoravit
1446 3778 1735 3840 facundia.
2305 3778 2316 3788 “

718 3933 1221 4000 ADAMANTII
1276 3932 1473 3998 SIVE
1527 3932 1970 4000 MARTYRII
2026 3931 2456 4001 SARDIANI
2508 3915 3074 4001 GRAMMATICI

582 4039 988 4108 EXPLICIT
1024 4040 1145 4107 DE
1183 4038 1462 4105 PRIMA
1497 4038 1867 4106 NOMINIS
1915 4036 2315 4106 SYLLABA
2353 4040 2684 4107 INCIPIT
2728 4040 2847 4107 DE
2894 4036 3199 4105 MEDIIS
3230 4058 3282 4097 ιε

1427 4143 1845 4211 SYLLABIS
1891 4145 2357 4216 FELICITER

766 4278 848 4339 De
888 4271 1123 4358 syllabis
1160 4280 1222 4339 in
1260 4278 1451 4357 capite
1489 4277 1795 4336 nominum
1838 4276 2067 4357 positis,
2096 4285 2382 4355 quantum
2419 4278 2742 4358 potuimuS,
2778 4275 2904 4336 sine
2933 4281 3196 4354 praeter·

586 4403 733 4410 54,-

764 4466 797 4513 2
835 4459 1118 4515 servantia.
1157 4458 1213 4512 P
1246 4458 1577 4513 servandam
1614 4456 1681 4510 N
1818 4462 1851 4509 4
1888 4454 2128 4510 inveniri
2162 4456 2231 4510 N
2366 4464 2398 4512 6
2437 4456 2654 4514 batalia
2688 4460 2738 4512 et
2771 4455 2837 4509 in
2871 4471 3041 4524 marq.
3070 4455 3196 4510 bat-

584 4540 764 4594 tualia.
813 4540 890 4606 P,
938 4538 1192 4595 batuelis.
1236 4538 1305 4591 N
1442 4543 1472 4590 7
1519 4536 1612 4592 vel
1655 4551 1757 4590 om.
1802 4532 1892 4602 N,
1938 4533 2065 4587 add.
2115 4533 2172 4586 P
2305 4536 2629 4592 battuatores
2664 4535 2749 4603 N,
2797 4549 2934 4589 corr.
2971 4533 3194 4589 battua-

586 4624 736 4675 tores
777 4621 833 4674 P
956 4624 990 4673 8
1027 4618 1301 4674 scribetur
1337 4617 1394 4670 P
1511 4619 1577 4672 ut
1609 4615 1757 4671 vitta.
1791 4630 1893 4668 om.
1931 4613 2010 4680 N,
2045 4613 2173 4670 add.
2215 4615 2272 4668 P
2392 4621 2425 4671 9
2464 4615 2736 4686 admittit]
2759 4611 3026 4669 ammisit
3058 4612 3117 4666 P

588 4705 652 4753 12
693 4700 988 4755 coherente
1024 4698 1393 4768 particulatas
1429 4713 1595 4751 voces
1630 4694 1698 4748 N
1737 4693 2061 4748 coherentes
2107 4695 2434 4751 coherentes
2485 4694 2814 4750 articulatas
2849 4709 3015 4749 voces
3056 4692 3113 4747 P

588 4786 653 4833 14
705 4778 1127 4835 ADAMANTII
1180 4777 1344 4832 SIVE
1394 4772 1763 4829 MARTYRII
1815 4772 2167 4830 SARDIANI
2216 4773 2687 4830 GRAMMATICI
2742 4778 2792 4827 et
2841 4772 3195 4827 SYLLABIS

583 4857 970 4913 FELICITER
1003 4874 1105 4912 om.
1141 4858 1219 4923 N,
1257 4857 1385 4911 add.
1424 4855 1481 4908 P
1619 4860 1683 4909 17
1722 4852 1844 4908 sine
1879 4853 2123 4923 quadam
2158 4855 2224 4935 ut
2257 4857 2395 4922 puto
2433 4852 2914 4923 praetermissione
2950 4852 3009 4905 P
