3613 5528
1412 352 1551 409 ΑΒΕ
1589 352 2078 411 GRAMMATICA
2895 357 3029 421 415

422 464 464 502 p.
491 454 558 495 48.
588 454 643 495 44
668 455 728 494 H.

424 546 484 599 et

738 635 952 707 atque
998 628 1164 690 huic
1210 631 1280 690 in
1328 630 1584 690 faciem
1630 647 1842 690 soror
1889 638 1965 691 ut
2011 649 2360 692 conserva
2405 631 2708 694 Metisci.

419 734 716 797 interdum
764 741 825 796 et
868 754 976 815 pro
1025 736 1311 817 particula
1359 755 1749 819 supervacua,
1796 745 1863 798 ut

1355 862 1573 905 nosco
1620 845 1864 905 crines
1910 846 2313 925 incanaque
2361 856 2593 909 menta

367 961 393 1003 ⁵
824 954 1017 1032 regis
1062 951 1376 1013 Romani.

417 1058 719 1120 interdum
763 1058 1106 1138 qualitatem
1151 1057 1330 1121 habet
1376 1058 1446 1118 ad
1493 1059 1666 1138 peius
1713 1058 2101 1139 deteriusque
2152 1060 2522 1143 tendentem,
2570 1072 2637 1124 ut

768 1185 971 1245 quam
1017 1167 1237 1228 semel
1283 1167 1665 1228 informem
1709 1173 1908 1226 vasto
1955 1166 2234 1227 vidisse
2281 1165 2410 1228 sub
2448 1176 2661 1230 antro

772 1273 1104 1355 Scyllam:
1913 1331 1923 1344 .

415 1396 534 1440 uon
580 1381 737 1442 enim
785 1380 1004 1444 nullius
1049 1382 1271 1442 formae
1310 1381 1624 1462 significat,
1672 1380 1775 1442 sed
1815 1381 1999 1443 malae
2038 1383 2261 1444 formae
2301 1392 2363 1444 et
2401 1401 2552 1463 quae
2590 1384 2766 1464 vulgo
2804 1385 3022 1447 dicitur

338 1497 389 1537 1⁰
415 1485 713 1548 deformis.
769 1490 909 1550 item

802 1604 872 1657 et
916 1595 1127 1676 Pyrgi
1173 1606 1460 1658 veteres
1506 1599 2136 1677 intempestaeque
2183 1597 2601 1659 Graviscae:
2696 1666 2701 1672 ‚

413 1718 546 1762 nam
585 1709 645 1761 et
692 1699 787 1762 hic
824 1720 944 1762 non
982 1681 1234 1783 nulliusJ
1276 1703 1378 1764 sed
1421 1702 1603 1764 malae
1640 1705 2010 1781 tempestatis
2048 1702 2328 1765 dicuntur
2367 1704 2696 1767 Graviscae.
2770 1710 3018 1786 ponitur

412 1815 473 1868 et
523 1826 633 1887 pro
689 1807 967 1887 qualitate
1023 1809 1377 1887 ordinativa,
1441 1816 1512 1868 ut
1572 1825 1710 1868 cum
1767 1808 2019 1869 dicimus
2076 1804 2259 1889 ‘opus
2313 1812 2372 1872 in
2431 1810 2559 1872 dies
2614 1807 2882 1894 crescit',
2946 1823 3013 1875 ut

411 1913 689 1994 Virgilius
1271 1905 1272 1912 ἵ

334 2024 384 2064 1⁶
808 2015 1026 2093 inque
1074 2013 1229 2074 dies
1275 2012 1477 2074 avide
1526 2032 1835 2094 surgens
1883 2023 2097 2094 caput
2142 2013 2364 2077 altius
2412 2017 2652 2078 essert.

410 2122 652 2200 ponitur
708 2127 767 2181 et
820 2137 930 2200 pro
987 2122 1175 2200 spatio
1233 2120 1571 2204 temporali,
1625 2140 1763 2183 cum
1818 2123 2110 2201 significat
2167 2140 2355 2202 usque
2414 2123 2632 2206 adbuc,
2678 2143 2713 2182 *
2760 2134 2825 2186 ut
2879 2145 3015 2188 cum

410 2225 660 2289 dicimus
709 2222 844 2289 ‘hoc
893 2245 1110 2288 munus
1155 2230 1216 2288 in
1264 2246 1475 2307 magno
1521 2222 1755 2310 habeo’,
1801 2236 1871 2289 ut
1915 2227 2195 2308 Virgilius

1770 2352 1978 2414 quem
2024 2334 2379 2398 Thracius
2425 2337 2589 2398 olim

787 2440 1144 2503 Anchisae
1190 2443 1510 2521 genitori
1555 2443 1625 2502 in
1673 2459 1922 2521 magno
1971 2459 2275 2503 munere
2324 2442 2641 2526 CisseuS‚
2682 2439 2691 2528 Ι

328 2552 469 2607 met
515 2546 830 2609 Sallustius
894 2550 955 2609 in
1009 2548 1034 2609 1
1089 2548 1472 2610 historiarum
1540 2544 1645 2609 ‘et
1707 2549 1899 2609 facta
1962 2551 2032 2610 in
2097 2549 2331 2629 gloria
2370 2537 2730 2614 vnumeret
2793 2561 2889 2636 et,
2953 2557 3014 2615 si

408 2652 653 2737 liceat,
698 2656 977 2717 avidius
1024 2650 1342 2717 secerit’.

584 2760 708 2825 Sub
754 2766 1112 2844 praepositio
1160 2764 1450 2843 significat
1494 2761 1669 2825 modo
1717 2782 1924 2846 supra,
1971 2772 2039 2827 ut

768 2878 877 2931 ter
925 2870 1204 2932 i'lamma
1249 2871 1330 2932 ad
1379 2888 1722 2932 summum
1770 2874 1953 2932 tecti
1999 2869 2333 2933 subiecta
2379 2873 2650 2936 reluxit

407 2985 466 3038 et
520 2971 857 3057 ‘corpora
913 2976 1103 3039 saltu
1159 2977 1532 3039 subiciunt
1587 2979 1654 3038 in
1714 2972 1995 3059 equos',
2052 2978 2110 3038 id
2168 2988 2260 3040 est
2305 2998 2483 3060 supra
2530 2982 2778 3062 iaciunt3
2836 2982 3008 3043 modo

324 3097 377 3138 25
405 3084 556 3144 infra
634 3092 702 3146 ut

569 3132 588 3166 '
1679 3173 2117 3255 caudamque
2164 3174 2572 3237 remulcens

810 3282 1128 3344 subiecit
1171 3284 1612 3363 pavitantem
1660 3287 1872 3343 utero
1920 3281 2287 3360 silvasque
2333 3284 2601 3363 petivit

405 3397 464 3450 et
519 3384 1004 3470 ‘pedibusque
1059 3398 1382 3453 rotarum
1437 3387 1812 3449 subiciunt
1864 3384 2166 3469 lapsus’.
2267 3390 2558 3470 significat
2620 3399 2681 3452 et
2742 3402 3007 3472 propter,

404 3504 471 3557 ut
515 3490 686 3576 ‘quo
732 3497 989 3559 deinde
1038 3497 1166 3558 sub
1213 3500 1371 3578 ipso
1420 3514 1585 3557 ecce
1630 3489 1870 3555 volat’.
1962 3498 2205 3576 ponitur
2251 3506 2312 3558 et
2355 3515 2465 3577 pro
2511 3499 2600 3578 in,
2649 3506 2714 3558 ut

584 3649 765 3707 Codex
801 3650 1194 3722 Sangallensis.
1271 3658 1303 3706 6
1340 3650 1551 3705 habent:
1707 3648 2030 3704 feudentem
2189 3658 2222 3706 8
2260 3651 2477 3707 seillam
2641 3655 2708 3704 10
2744 3650 3009 3708 deformis

400 3731 447 3787 it
483 3734 542 3787 et
572 3749 682 3802 pur
717 3730 835 3787 siue
869 3734 1017 3786 teres
1063 3730 1506 3801 intempestaeque
1551 3728 1771 3800 ganiste
1829 3732 1986 3799 (corr.
2035 3731 2303 3801 grauiste)
2450 3739 2514 3787 12
2561 3732 2817 3804 ganistae
2863 3750 3001 3789 corr.

399 3812 682 3882 granistae
824 3811 1051 3883 ponitur
1086 3828 1186 3882 pro
1333 3816 1398 3865 13
1435 3810 1502 3864 ut
1528 3810 1718 3878 priore
1754 3810 1869 3864 loco
1905 3826 2005 3864 om.
2154 3816 2217 3864 17
2247 3811 2429 3866 habeo
2459 3810 2713 3881 uirgilius
2741 3813 2808 3867 ut:
2834 3829 3001 3883 quem

399 3891 600 3947 tratius
754 3899 823 3948 20
877 3891 1171 3947 historiam
1332 3897 1399 3945 23
1454 3889 1565 3960 ter]
1622 3890 1709 3943 tei·
1873 3895 1943 3943 24
1994 3889 2168 3944 saltus
2329 3891 2565 3962 iaciunt]
2611 3890 2790 3946 iasoui
2933 3898 3003 3946 26

400 3964 706 4043 eadamque
868 3978 936 4028 27
975 3969 1242 4027 subiectit'·
1397 3972 1556 4024 utero
1591 3986 1691 4025 om.
1865 3975 1932 4023 28
1971 3969 2272 4041 sig-nificat]
2311 3970 2469 4041 ignes
2507 3987 2644 4025 corr.
2683 3971 2859 4042 siguis

399 4060 467 4109 29
504 4054 640 4126 quo]
679 4054 828 4122 quod

575 4201 607 4249 2
647 4198 817 4265 atque
871 4194 1027 4267 huic]
1096 4195 1248 4265 Very.
1287 4195 1425 4249 Aen.
1470 4192 1617 4246 XII
1649 4198 1765 4248 623
1927 4198 1962 4247 4
1999 4191 2190 4263 nosco]
2240 4191 2393 4262 Very.
2434 4194 2570 4248 Aen.
2621 4193 2715 4247 VI
2747 4199 2859 4249 810

400 4281 430 4330 7
468 4292 636 4344 quam
675 4276 873 4347 semel]
922 4276 1077 4346 Verq.
1117 4278 1253 4329 Aen.
1295 4274 1379 4327 1I
1379 4274 1421 4326 I
1454 4277 1557 4327 431
1726 4278 1787 4327 11
1848 4274 1906 4327 et
1955 4272 2150 4344 Pyrgi]
2210 4272 2361 4342 γαρ.
2400 4274 2539 4328 Aen.
2581 4274 2645 4327 X
2677 4278 2787 4329 184
2932 4282 2998 4330 15

396 4356 589 4428 inque]
638 4357 795 4428 Vei-9.
833 4372 1008 4426 yeory.
1051 4356 1174 4409 III
1209 4359 1319 4410 553
1465 4361 1530 4409 16
1567 4369 1740 4424 usque
1777 4353 1988 4420 adhuc,
2043 4355 2107 4407 ut
2161 4370 2286 4408 cum
2341 4352 2578 4408 dicimus
2632 4370 2668 4408 a.
2722 4370 2886 4409 mane
2940 4354 2999 4410 in

395 4438 644 4504 noctem,
699 4438 765 4492 ut
817 4436 966 4506 apud
1003 4435 1301 4506 Virgilium
1363 4434 1528 4491 ‘felix
1583 4433 1630 4488 si
1684 4434 1936 4503 protinus
1981 4433 2142 4488 illum
2189 4436 2484 4501 aequasset
2518 4433 2670 4489 nocti
2706 4434 2902 4488 ludum
2940 4435 2999 4489 in

396 4518 689 4587 lucemque
724 4516 994 4572 tulisset'.
1033 4515 1261 4586 ponitur
1297 4517 1355 4571 et
1388 4531 1490 4586 pro
1527 4513 1940 4584 praepositione
1978 4529 2107 4584 pro,
2145 4513 2209 4567 ut:
2247 4530 2367 4567 eum
2401 4512 2634 4568 dicimus
2662 4514 2769 4567 hoc
2798 4531 3000 4568 munus

397 4598 683 4653 Diomdes
710 4615 770 4668 p.
809 4600 1015 4663 412‚12
1163 4602 1228 4651 18
1267 4611 1433 4665 quem
1472 4593 1767 4665 Thracius]
1819 4594 1972 4665 Very.
2012 4594 2149 4649 Aen.
2199 4593 2251 4646 V
2275 4599 2385 4648 536
2523 4599 2593 4647 22
2632 4593 2774 4664 Sub]
2814 4593 2996 4649 Diom.

387 4694 448 4747 p.
479 4682 686 4743 41223
712 4677 872 4733 Beda
897 4678 962 4732 de
987 4677 1122 4731 orth.
1144 4694 1205 4746 p.
1235 4680 1444 4742 288,19
1588 4680 1656 4728 23
1685 4675 1775 4729 ter
1801 4674 2049 4746 flamma]
2090 4673 2243 4743 Very.
2271 4690 2447 4744 ρων-9.
2480 4674 2648 4727 IIII
2672 4678 2784 4729 385
2927 4680 2997 4729 24

395 4757 654 4828 corpora]
685 4756 841 4827 Very.
860 4758 999 4812 Aen.
1025 4756 1172 4811 XII
1185 4761 1304 4813 287
1384 4761 1454 4810 26
1473 4754 1844 4827 caudamque]
1877 4754 2031 4823 Very.
2050 4754 2192 4808 Aen.
2216 4752 2322 4807 XI
2337 4758 2450 4809 812
2537 4759 2605 4808 28
2624 4752 2995 4825 pedibusque]

407 4837 564 4908 Vera.
586 4839 723 4894 Aen.
746 4838 830 4891 II
841 4842 956 4894 235
1029 4836 1307 4907 significat
1334 4836 1393 4891 et
1419 4851 1591 4905 prope
1609 4834 1895 4889 Diomedes
1912 4833 2136 4889 etBeda
2207 4838 2275 4888 29
2301 4834 2440 4906 quo]
2469 4833 2624 4905 Ver-9.
2645 4834 2784 4891 Aen.
2816 4833 2996 4893 V323
