3613 5528
635 454 723 518 34
1376 496 1385 505 .
1466 452 1988 508 FRAGMENTVM
2025 452 2434 507 PARISINVM

637 638 795 699 modi
832 637 1074 699 verbum
1111 640 1404 719 ponimuS,
1450 637 1664 698 deinde
1702 637 2064 720 adverbium,
2100 645 2303 718 postea
2341 637 2714 718 infinitivum,
2760 635 2972 696 deinde
3010 645 3243 697 rectum

621 750 855 827 'casum,
903 746 960 806 id
1002 754 1093 806 est
1132 748 1573 828 nominativum,
1618 744 1831 806 deinde
1871 761 2218 827 pronomen,
2265 752 2469 824 postea
2508 745 2886 822 participium
2933 752 2993 803 et
3037 751 3243 821 postea

640 852 911 932 obliquos
949 870 1139 914 casus.
1187 855 1375 933 siquis
1412 860 1575 914 recte
1612 851 1919 914 historiam
1957 852 2130 936 legat,
2167 852 2494 913 secundum
2531 850 2691 911 hunc
2730 850 2997 910 ordinem
3036 867 3242 911 omnes

632 968 834 1039 partes
879 961 1162 1022 orationis
1209 957 1608 1037 examinabit}

1728 1119 2148 1127 ———-——.—

817 1281 1295 1361 Praepositiones
1342 1281 1608 1342 locorum
1656 1288 1938 1360 quattuor
1983 1280 2158 1361 vulgo
2207 1287 2536 1362 servantur,
2582 1299 2654 1341 ex
2699 1282 2760 1340 in
2807 1280 2878 1340 ad
2918 1277 3007 1339 ab.
3089 1278 3240 1339 duae
3269 1292 3295 1333 5

636 1391 859 1468 primae
909 1407 1026 1468 quo
1072 1391 1195 1449 itur
1236 1399 1295 1451 et
1340 1387 1497 1448 unde
1547 1390 1742 1450 exitur
1790 1389 2151 1469 significant,
2207 1396 2275 1472 ut
2319 1390 2381 1448 in
2428 1405 2624 1449 arcem
2664 1394 2726 1448 ct
2763 1389 2840 1447 'ex
2888 1404 3043 1467 arce,
3090 1386 3239 1446 duae

633 1505 955 1575 sequentes
1012 1512 1128 1574 quo
1176 1493 1373 1555 aditur
1421 1502 1480 1555 et
1526 1495 1684 1555 unde
1736 1495 1960 1576 abitur,
2017 1503 2085 1556 ut
2130 1495 2200 1556 ad
2250 1495 2633 1556 simulacrum
2681 1501 2739 1555 et
2785 1492 2857 1553 ab
2906 1491 3238 1553 simulacro.

633 1604 859 1680 antiqui
896 1604 957 1662 in
996 1601 1226 1662 duabus
1273 1601 1815 1681 praepositionibus
1854 1621 1924 1663 ex
1964 1609 2024 1662 et
2061 1602 2132 1662 ab
2172 1585 2491 1682 sequentes
2539 1598 2853 1661 demebant
2895 1599 3143 1680 litteras,
3189 1599 3239 1658 si

632 1707 1259 1788 proximum'verbum
1306 1707 1718 1769 semivocalem
1769 1710 2020 1788 primam
2068 1716 2170 1769 aut
2214 1716 2438 1768 mutam
2494 1706 2835 1766 habiturum
2885 1714 3037 1785 erat,
3093 1712 3160 1764 ut
3206 1723 3239 1763 e

633 1814 831 1889 Gallia,
881 1833 912 1874 e
959 1813 1122 1895 lociS,
1170 1815 1447 1892 quoniam
1495 1831 1567 1872 ex
1616 1815 1812 1873 minus
1850 1813 2036 1873 levem
2084 1814 2555 1892 conpositionem
2604 1814 2760 1873 facit.
2831 1812 2944 1873 hoc
2988 1828 3236 1873 consue·
3272 1827 3321 1864 10

634 1923 776 1983 tudo
825 1939 944 1982 non
992 1928 1212 1980 servat:
1258 1919 1401 1980 dicit
1448 1921 1605 1980 enim
1654 1939 1725 1981 ex
1771 1918 1970 1979 Gallia.
2045 1919 2187 1979 illud
2238 1938 2559 2001 servamuS,
2606 1923 2654 1980 si
2701 1919 2932 1981 vocales
2978 1937 3236 1997 sequun-

639 2037 755 2109 tur,
802 2036 868 2088 ut
913 2044 1347 2106 praeponamus
1385 2044 1475 2108 ex,
1523 2045 1602 2088 ecc
1639 2025 1850 2107 Eryco,
1898 2044 1968 2085 ex
2009 2025 2272 2105 Olympo.
2349 2030 2398 2087 si
2445 2029 2716 2106 sequitur
2753 2028 2773 2086 i
2821 2035 2920 2087 aut
2957 2045 3015 2109 u,
3060 2023 3237 2085 habe·

619 2143 736 2211 „tur
783 2137 934 2195 ratio
982 2132 1198 2215 duplex
1246 2134 1643 2212 antiquorum.
1731 2150 1868 2193 nam
1915 2134 1964 2193 si
2013 2132 2227 2194 vocalis
2273 2131 2467 2212 aliqua
2512 2135 2879 2213 iungeretur,
2924 2129 3239 2191 demebant

630 2260 694 2323 x,
749 2260 780 2301 e
828 2239 1133 2322 Vaticano,
1191 2260 1224 2300 e
1271 2238 1510 2299 Iudaea:
1564 2238 1677 2299 hoc
1736 2239 2106 2311 consuetudo
2163 2259 2282 2300 non
2339 2248 2550 2301 servat.
2641 2241 2691 2299 si
2747 2257 2856 2318 per
2914 2223 2994 2298 se‘
3035 2246 3238 2298 essent

634 2349 760 2406 sine
808 2345 1001 2425 aliqua
1049 2344 1251 2426 vocali,
1298 2363 1334 2404 x
1381 2344 1731 2425 adiciebant,
1777 2353 1845 2406 ut
1882 2364 1953 2405 ex
1992 2344 2226 2425 Illirico,
2275 2366 2343 2405 ex
2382 2345 2646 2407 Vmbria:
2693 2347 2835 2406 item
2883 2347 2934 2406 si
2981 2344 3020 2403 h
3065 2363 3231 2424 prae·
3267 2357 3318 2396 1⁵

630 2460 973 2533 poneretur,
1020 2470 1089 2512 ex
1128 2450 1406 2511 Himetto.
1481 2449 1593 2510 hoc
1641 2469 1945 2512 servamus
1984 2451 2029 2534 †
2066 2460 2126 2512 et
2164 2451 2303 2531 quid
2351 2452 2506 2511 infra
2544 2462 2651 2512 est.
2727 2454 2787 2512 in
2835 2450 3051 2529 quibus
3095 2470 3232 2510 con-

631 2566 908 2618 sonantes
965 2560 1187 2636 primae
1236 2565 1402 2637 sunt,
1460 2556 1824 2618 detrahimus
1871 2557 1935 2638 b,
1993 2566 2061 2618 ut
2107 2576 2137 2617 a
2186 2557 2497 2639 Capua,‚a
2546 2556 2820 2619 Dertona.
2911 2560 2972 2617 in
3021 2556 3237 2636 quibus

638 2664 867 2735 vocales
915 2671 1268 2744 sequuntur,
1315 2655 1387 2722 'ab
1438 2665 1876 2743 praeponimuS,
1923 2671 1989 2724 ut
2034 2662 2107 2724 ab
2145 2662 2421 2744 Ericinis,
2467 2662 2539 2723 ab
2577 2663 3055 2724 Atheniensibus,
3129 2665 3178 2723 si
3218 2665 3237 2722 i

630 2780 733 2833 aut
778 2791 818 2831 u
877 2779 1240 2852 sequuntur,
1300 2772 1440 2830 item
1504 2749 1573 2830 ut
1627 2788 1833 2851 supra,
1888 2769 2006 2830 duo
2062 2780 2372 2831 servantur
2434 2769 2609 2831 modi.
2702 2773 2752 2831 si
2807 2789 2916 2851 per
2972 2789 3036 2831 se
3098 2779 3239 2830 sunt

633 2899 666 2937 ,ιι
704 2886 772 2940 ιιι
809 2877 881 2938 ab
919 2876 1156 2959 Illirico,
1202 2875 1274 2936 ab
1313 2874 1597 2956 Vrhian03
1645 2878 1695 2935 si
1743 2866 1948 2937 secum
1991 2874 2233 2938 alteram
2275 2876 2535 2938 vocalem
2577 2879 2818 2953 habent,
2857 2880 2892 2937 b
2940 2879 3236 2958 amittunt,
3267 2893 3319 2929 20

632 2995 699 3047 ut
743 3005 774 3046 a
823 2984 1107 3065 Venusia,
1152 3001 1184 3042 a
1230 2984 1499 3044 ianitore.

808 3198 840 3246 5
876 3188 1320 3262 praepositiones
1356 3189 1604 3244 locorum
1631 3206 1694 3259 p.
1733 3195 1831 3259 29,
1859 3195 1898 3245 8

804 3379 1024 3434 Subieci
1058 3377 1427 3446 framentum
1452 3392 1517 3429 ex
1545 3377 1723 3430 codice
1751 3376 2013 3432 Parisino
2042 3382 2193 3434 7520
2227 3380 2442 3434 saeculo
2478 3379 2761 3435 undecimo
2795 3379 2998 3449 scripto
3033 3379 3236 3438 editum

626 3463 691 3515 in
727 3458 989 3513 analectis
1022 3456 1397 3525 yrammaticis
1443 3454 1952 3511 Vindobonensibus
1978 3473 2040 3527 p.
2080 3463 2192 3514 452

808 3536 854 3591 C
885 3537 1052 3589 codex
1089 3534 1385 3588 Parisinus

805 3634 838 3672 v
875 3616 1041 3671 editio
1088 3614 1523 3671 Vindobonensis

808 3722 840 3770 5
886 3712 1100 3768 INCIP.
1147 3711 1285 3767 ARS
1322 3712 1540 3769 PROBI
1576 3717 1673 3771 DE
1711 3715 2007 3770 ULTIMIS
2045 3714 2397 3771 SYLLABIS
2435 3716 2646 3775 OUIUS
2685 3719 2852 3775 SINT
2889 3719 3235 3774 DECLINA-

632 3795 877 3850 '1⁸10le
916 3792 1059 3847 UEL
1098 3791 1221 3845 UBI
1256 3793 1562 3849 terminent
1595 3796 1925 3865 genitiuum.
1989 3795 2436 3865 Praepositiones
2472 3798 2722 3853 locorum
2760 3801 2808 3854 0
2948 3807 2979 3854 6
3017 3801 3075 3853 et
3110 3805 3238 3853 ante

632 3894 698 3931 ex
727 3891 852 3931 arce
882 3890 980 3928 om.
1013 3872 1072 3941 0,
1111 3873 1240 3926 add.
1268 3888 1299 3926 v
1388 3917 1399 3925 .
1444 3880 1475 3928 9
1514 3871 1729 3930 mutam
1755 3892 1788 3929 v
1817 3878 2035 3930 mutum
2068 3875 2113 3930 0
2250 3876 2317 3928 ut
2350 3877 2589 3945 egalliae
2628 3879 2764 3933 locis
2804 3879 2852 3934 Ο
2884 3883 2944 3934 ut
2981 3896 3011 3934 e
3050 3879 3238 3933 Gallia

631 3961 690 4012 et
725 3973 755 4011 e
793 3953 988 4008 Tuscis
1028 3952 1275 4006 Scaurus
1439 3960 1504 4008 10
1542 3955 1885 4010 consuetudo
1922 3971 2031 4009 non
2071 3958 2387 4024 conservat,
2425 3956 2632 4013 dicitur
2667 3959 2815 4014 enim
2852 3976 2884 4013 v
3070 3965 3133 4013 12
3172 3962 3238 4014 ut

631 4043 943 4106 §ponamus
992 4048 1264 4102 exeuryco
1311 4035 1591 4105 exolimpo
1628 4035 1676 4100 C
1716 4036 1783 4090 ut
1827 4049 2236 4104 praeponamus
2285 4055 2321 4091 x
2359 4055 2426 4092 ex
2463 4040 2640 4108 Eryco
2678 4056 2745 4094 ex
2783 4040 3022 4109 Olympo
3058 4056 3091 4093 v

634 4123 698 4171 13
746 4132 873 4170 nam
921 4113 969 4169 si
1002 4130 1034 4166 v
1072 4112 1122 4165 N
1173 4112 1221 4166 si
1267 4129 1389 4167 cum
1434 4115 1635 4169 lineola
1679 4115 1743 4168 in
1787 4115 1968 4168 media
2004 4120 2166 4183 parte
2212 4117 2423 4180 litterae
2457 4120 2510 4173 N
2551 4122 2598 4174 Ο
2786 4125 2850 4174 15
2890 4137 2920 4174 e
2960 4119 3234 4175 Vaticano

629 4196 900 4261 Scaurus,
938 4191 1251 4248 eusticiano
1290 4191 1339 4246 0
1489 4200 1555 4247 15
1592 4194 1729 4248 item
1767 4193 1817 4248 si
1853 4193 1891 4246 h
1927 4200 2365 4262 praeponeretur
2401 4217 2469 4253 ex
2505 4201 2774 4270 Hymetto
2810 4217 2843 4254 v
2880 4201 2997 4254 coll.
3037 4199 3233 4256 Scaur.

619 4295 678 4347 p.
709 4281 799 4345 30,
829 4280 885 4340 9,
931 4273 1067 4328 item
1104 4270 1152 4325 si
1190 4289 1256 4341 .y.
1296 4277 1635 4341 §poneretur
1674 4292 1740 4327 .x.
1777 4272 1967 4327 h'inea
1997 4289 2064 4327 ..o
2105 4273 2180 4331 G.
2218 4295 2257 4346 y
2293 4279 2512 4344 defendi
2544 4283 2758 4348 poterat
2793 4280 2902 4345 ita,
2937 4278 3076 4332 item
3113 4278 3160 4332 si
3196 4297 3233 4348 y

626 4357 978 4427 sequeretur,
1015 4352 1437 4422 praeponebant
1473 4371 1567 4420 ex,
1605 4355 1667 4406 ut
1704 4369 1770 4406 ex
1806 4355 2025 4422 ymetto
2227 4361 2292 4411 16
2330 4357 2438 4411 hoc
2474 4374 2785 4425 servamus,
2824 4358 2882 4412 et
2919 4356 3148 4425 quidem
3186 4356 3234 4411 si

623 4437 930 4506 sequuntur
964 4449 1157 4500 voces,
1191 4433 1249 4487 in
1286 4433 1488 4501 quibus
1524 4449 1572 4486 v.
1627 4433 1860 4498 fortasse
1894 4432 2003 4486 hoc
2039 4450 2324 4490 servamus
2362 4436 2531 4491 etiam
2579 4439 2640 4492 in
2684 4436 3097 4507 praepositione
3133 4435 3232 4490 ab:

622 4517 680 4571 in
720 4515 923 4585 quibus
968 4531 1077 4583 sqq.
1133 4515 1216 4568 vel
1258 4514 1368 4579 hoc
1414 4529 1716 4569 servamus
1775 4514 1834 4566 et
1877 4511 1936 4565 in
1982 4512 2054 4567 ab
2094 4514 2290 4567 eadem
2327 4516 2475 4571 ratio
2512 4519 2624 4576 est·
2662 4517 2721 4570 in
2757 4516 2959 4585 quibus
2993 4531 3105 4584 sqq.
3163 4515 3232 4581 cf.

622 4596 819 4651 Scaur.
839 4612 901 4664 p.
923 4599 1105 4662 30,10
1227 4599 1291 4648 17
1323 4592 1561 4663 primae]
1593 4609 1670 4645 an
1696 4590 2020 4681 proximae?
2163 4600 2229 4648 18
2257 4594 2329 4648 ab
2358 4596 2775 4667 praeponimus]
2804 4596 2842 4649 b
2870 4597 3168 4665 pponimus
3193 4596 3240 4651 Ο

730 4674 779 4730 si
813 4674 835 4728 i
870 4677 970 4729 aut
1006 4693 1043 4728 u
1080 4677 1349 4744 sequatur
1383 4689 1415 4725 v
1566 4677 1629 4725 19
1669 4669 1717 4722 si
1753 4669 1900 4722 euim
1940 4674 2071 4725 sunt
2104 4673 2282 4740 solae,
2321 4674 2582 4728 dicuntur
2610 4678 2675 4729 ut
2709 4674 2962 4743 reliquae
2990 4674 3235 4744 vocales,

624 4756 695 4810 ab
730 4756 867 4809 urbe
905 4755 978 4808 ab
1014 4754 1238 4824 Illyrico
1274 4753 1475 4821 scripsi
1511 4753 1665 4822 apud
1701 4751 1975 4814 Scaurum
2028 4808 2031 4812 ,
2133 4758 2200 4806 20
2239 4753 2311 4807 ab
2347 4754 2582 4810 urbiano
2622 4755 2752 4809 Sicu
2791 4754 3028 4809 alteram
3065 4770 3235 4809 uoca-

621 4835 733 4889 lem
763 4833 1035 4889 amittunt
1063 4835 1111 4888 0
1143 4835 1216 4888 ab
1243 4823 1472 4900 Urbim,
1502 4832 1549 4886 si
1577 4848 1706 4886 cum
1735 4832 1917 4887 altera
1944 4831 2142 4900 vocali,
2175 4831 2443 4887 amittunt
2469 4835 2506 4887 b
2541 4850 2573 4888 v
2719 4838 2784 4887 21
2827 4835 2892 4887 ut
2927 4840 2962 4887 a
2995 4834 3232 4890 uenusia

623 4933 659 4968 a
693 4912 932 4968 ianitore
971 4912 1019 4967 G
