3613 5528
0 2998 27 3141 .ss
0 2948 15 2991 f

1381 442 1520 498 ARS
1558 443 2046 501 GRAMMATICA
2896 442 3028 508 385

427 560 474 597 p.
505 544 565 586 15.
598 545 647 584 ιε
675 544 737 585 Η.

434 648 581 710 quae
622 630 955 690 succedunt
998 625 1059 690 in
1106 628 1300 690 locum
1339 631 1493 712 eius,
1540 639 1606 692 ut
1644 633 1846 692 asside
1881 632 2081 711 accipe
2122 648 2334 711 aggere
2372 629 2539 709 alliga
2578 648 2794 711 appara
2832 631 3026 714 arripe

432 739 692 798 ammitte
739 737 1006 798 attende:
1053 745 1191 797 nota
1236 738 1662 819 praenominis,
1719 755 1856 798 cum
1904 737 2148 798 Decium
2205 738 2521 818 significat3
2575 739 2719 798 item
2776 740 3027 817 numeri,

432 862 566 905 cum
629 846 984 925 quingentos
1050 845 1356 923 significat.
1469 863 1507 923 g
1570 842 1765 905 littera
1840 863 2171 906 consonans
2237 854 2397 906 muta
2463 854 2581 907 tam
2644 845 3029 925 praeponitur

432 949 732 1012 vocalibus
777 969 953 1030 quam
1002 949 1414 1032 subiungitur,
1459 957 1528 1011 ut
1563 969 1703 1030 gere
1741 971 1982 1032 aggere:
2028 954 2414 1033 praeponitur
2450 962 2511 1014 et
2549 949 3027 1031 consonantibuS,

380 1070 406 1110 ⁵
432 1066 497 1119 ut
560 1060 621 1117 in
685 1059 916 1138 agmine
981 1074 1195 1136 magno
1255 1074 1433 1136 grege
1500 1057 1664 1138 gflre.
1765 1058 1802 1118 h
1868 1062 2107 1139 proprie
2168 1060 2176 1136 Ι
2236 1060 2547 1122 continens
2610 1061 3027 1140 aspirationem

430 1174 668 1245 recepta
713 1164 880 1244 volgo
926 1167 986 1225 in
1034 1183 1350 1226 numerum
1396 1174 1696 1226 mutarum
1742 1166 2020 1229 omnibus
2067 1166 2364 1229 vocalibus
2411 1167 2825 1248 praeponitur,
2883 1164 3027 1226 nulli

431 1270 808 1352 subiungitur
846 1273 959 1332 nisi
997 1269 1488 1353 consonantibuS,
1527 1280 1592 1333 ut
1629 1274 1689 1333 in
1718 1271 1979 1336 Thrasea
2007 1274 2257 1335 Thracia
2295 1276 2640 1354 graecisque
2671 1271 3027 1355 nominibus,

433 1388 498 1440 ut
541 1377 796 1440 Thebae.
887 1379 925 1439 k
972 1378 1168 1440 littera
1216 1397 1548 1440 consonans
1602 1387 1762 1440 muta
1821 1389 1992 1443 notae
2051 1389 2276 1442 tantum
2335 1399 2510 1443 causa
2565 1383 2833 1461 ponitur,
2889 1398 3026 1440 cum

431 1495 531 1547 aut
576 1485 852 1548 kalendas
907 1485 1029 1547 sola
1085 1486 1376 1566 significat
1432 1495 1534 1547 aut
1586 1485 1919 1548 Kaesonem
1972 1496 2076 1549 aut
2129 1487 2312 1569 kaput
2365 1497 2468 1549 aut
2525 1488 2880 1550 kalumniam
2925 1496 3028 1547 aut

357 1606 406 1646 ιο
434 1591 866 1673 Karthaginem.
959 1613 994 1674 p
1041 1592 1235 1655 littera
1283 1611 1615 1655 consonans
1661 1601 1785 1672 tam
1832 1598 2237 1671 praeponitur
2293 1597 2601 1658 vocalibus
2656 1612 2832 1674 quam
2888 1593 3025 1654 sub·

430 1701 718 1781 iungitur,
771 1710 839 1762 ut
874 1703 935 1762 in
972 1701 1092 1783 his,
1138 1702 1307 1780 ponit
1342 1703 1612 1782 opponit3
1651 1701 2036 1782 praeponitur
2078 1710 2138 1762 et
2174 1702 2663 1783 consonantibuS,
2703 1711 2769 1763 ut
2804 1701 3029 1781 plaudit

434 1806 694 1886 prandit:
740 1819 878 1869 nota
926 1810 1351 1892 praenominis,
1406 1827 1541 1870 cum
1589 1807 1713 1869 sola
1760 1807 2035 1870 Publium
2092 1809 2407 1891 significat,
2462 1816 2523 1870 et
2578 1826 2715 1870 cum
2775 1826 2805 1868 r
2858 1826 3025 1888 prae·

430 1916 619 1994 posita
664 1914 947 1995 populum
994 1914 1351 1996 Romanum,
1415 1924 1476 1975 et
1541 1913 1805 1975 subiecta
1851 1933 1884 1974 r
1930 1932 2057 1975 rem
2103 1914 2425 1998 publicam,
2490 1924 2552 1977 et
2614 1918 2948 1996 praeposita
2995 1934 3028 1976 c

432 2020 659 2081 litterae
715 2030 915 2103 patres
961 2024 1346 2102 conscriptos,
1439 2041 1475 2100 q
1524 2021 1716 2082 littera
1772 2040 2106 2083 consonans
2170 2033 2329 2085 muta
2385 2043 2456 2085 ex
2513 2043 2545 2084 c
2602 2033 2663 2084 et
2718 2041 2757 2083 u
2814 2021 3027 2083 litteris

608 2203 790 2259 Cocles:
825 2204 1215 2275 Sanyallensis.
1321 2211 1348 2258 1
1386 2205 1450 2258 ut
1485 2201 1735 2272 accipere
1772 2218 1980 2273 aggere
2135 2209 2167 2257 2
2205 2202 2403 2257 amitte
2555 2205 2690 2258 nota
2725 2217 3028 2271 prenomen

503 2288 531 2337 7
570 2283 767 2339 thasea
803 2284 1002 2340 traicia
1144 2291 1176 2340 8
1216 2300 1342 2339 cum
1379 2283 1504 2354 aut]
1543 2285 1641 2337 aut
1676 2298 1801 2336 cum
1948 2289 1979 2337 9
2019 2282 2349 2352 Kaesonem]
2389 2281 2667 2337 Katonem
2787 2286 2958 2352 caput
2991 2351 2997 2358 ἢ

436 2370 499 2418 10
536 2368 650 2419 tam
690 2365 1053 2435 praeponitur
1086 2365 1373 2421 vocalibus
1409 2380 1509 2420 om.
1667 2370 1729 2416 12
1771 2366 1907 2419 nota
1941 2370 2171 2435 prenoffi
2326 2371 2390 2419 13
2427 2363 2700 2433 populum
2736 2380 3028 2419 romanum

430 2449 469 2515 p
503 2449 561 2501 et
707 2452 772 2499 14
809 2444 1110 2516 conscripti

2937 2522 2972 2544 J

611 2613 636 2660 1
676 2605 860 2661 asside
898 2606 1096 2661 addidi
1131 2623 1197 2661 ea:
1225 2606 1485 2661 Diomede
1513 2624 1575 2676 p.
1604 2610 1811 2674 424,12
1848 2609 1914 2661 ut
1940 2605 2131 2676 accipe
2160 2622 2365 2676 aggere
2403 2605 2580 2676 alliga
2606 2609 2811 2677 appete
2840 2604 3024 2674 arripe

429 2686 607 2741 asside
644 2686 870 2742 attende
1016 2693 1047 2740 2
1085 2686 1376 2742 Decimum
1414 2688 1699 2742 Diomedes
1720 2704 1780 2756 p.
1811 2690 2040 2754 424,13‚
2078 2685 2309 2741 Decium
2346 2688 2512 2743 codex
2541 2687 2786 2742 Charisii
2815 2704 2876 2756 p.
2898 2690 3027 2753 10‚6

427 2772 477 2820 et
512 2768 716 2822 codices
750 2766 938 2822 Bedae
971 2769 1207 2839 orthoyr.
1246 2786 1308 2839 p.
1346 2773 1518 2836 261,s
1684 2775 1748 2823 12
1805 2771 1865 2823 ei,
1917 2785 2042 2823 cum
2095 2786 2123 2821 r
2178 2766 2365 2837 posita
2410 2768 2678 2838 populum
2715 2768 3027 2823 Romanum

429 2847 716 2903 Diomedes
745 2864 805 2917 p.
843 2852 1050 2917 425,17

429 3115 830 3204 γραμμάτων
876 3121 1012 3185 τῶν
1050 3117 1435 3205 συμφώνων
1480 3117 1738 3187 τούτων
1876 3169 1894 3203 ,
1931 3113 1973 3185 ἃ
2020 3113 2472 3204 ὑπεισέρχεται
2518 3122 2611 3196 εἰς
2655 3115 2773 3186 τὸν
2819 3115 3026 3185 τόπον

426 3223 669 3292 τούτου
824 3244 837 3258 ·
903 3237 1179 3312 σημεῖον
1243 3229 1732 3313 χρηματισμοῦ,
1798 3222 1994 3293 ὁπότε
2065 3224 2315 3291 Δέκιον
2380 3229 2714 3312 σημαίνει,
2784 3221 3030 3311 ὁμοίως

428 3327 748 3418 ἀριθμοῦ,
785 3327 983 3399 ὁπότε
1018 3336 1494 3411 πεντακοσίους
1529 3336 1856 3419 σημαίνει.
1943 3356 1987 3413 q
2022 3328 2290 3417 γράμμα
2338 3329 2708 3418 σύμφωνον
2747 3329 3028 3418 ἄφωνον

427 3438 536 3505 καὶ
579 3436 1018 3524 προτάσσεται
1065 3438 1474 3525 φωνηέντων
1521 3440 1633 3507 καὶ
1677 3435 2116 3506 ὑποτάσσεται
2251 3459 2266 3475 ·
2312 3435 2748 3525 προτάσσεται
2799 3437 2872 3506 δὲ
2917 3437 3029 3505 καὶ

375 3564 402 3605 ⁵
430 3543 838 3632 συμφώνων,
885 3540 977 3625 ὡς
1020 3546 1093 3613 ἐν
1138 3549 1230 3636 τῷ
1368 3598 1382 3613 .
1429 3554 1469 3612 h
1514 3550 1760 3633 κυρίως
1796 3544 1918 3631 μὲν
1959 3548 2233 3612 δασεῖαν
2271 3544 2600 3631 περιέχον,
2645 3540 3022 3632 ἄναδεχθὲν

430 3649 502 3719 δὲ
543 3664 552 3739 Ι
592 3654 912 3738 χυδαίως,
961 3648 1051 3731 ὥς
1086 3649 1271 3738 ἡμεῖς
1308 3653 1609 3739 λέγομεν,
1653 3654 2213 3739 καταχρηστικῶς,
2260 3654 2355 3730 εἰς
2389 3648 2510 3719 τὸν
2547 3648 2843 3738 ἀριθμὸν
2891 3654 3027 3719 τῶν

427 3755 723 3844 ἀφώνων
741 3756 1010 3826 πάντων
1034 3758 1163 3842 [δὲ]
1184 3761 1318 3825 τῶν
1338 3762 1748 3846 φωνηέντων
1766 3757 2228 3847 προτάσσεται,
2258 3756 2492 3826 οὐδενὶ
2509 3755 2951 3826 ὑποτάσσεται
2971 3761 3033 3826 εί

427 3866 517 3954 μὴ
546 3864 966 3954 συμφώνοις,
1013 3862 1101 3945 ὡς
1129 3867 1202 3933 ἐν
1229 3868 1319 3955 τῷ
1454 3865 1565 3933 καὶ
1593 3867 1667 3933 ἐν
1694 3879 1835 3945 τοῖς
1865 3867 2233 3952 ἑλληνικοῐς
2268 3862 2620 3954 ὀνόμασιν,
2668 3862 2758 3946 ὥς
2794 3868 3028 3952 Θῆβαι.

428 3982 470 4039 lc
513 3973 780 4060 γράμμα
827 3970 1198 4059 σύμφωνον
1242 3970 1525 4059 ἄφωνον
1574 3978 1855 4061 σημείου
1901 3971 2117 4061 μόνον
2178 3974 2368 4040 ἕνεκα
2420 3978 2710 4059 τίθεται,
2766 3970 2929 4040 ὅταν
2986 3967 3027 4060 ἢ

349 4098 403 4137 1⁰
427 4078 763 4159 καλάνδας
816 4077 1030 4165 μόνον
1087 4084 1394 4166 σημαίνει
1450 4075 1490 4167 ἢ
1548 4086 1870 4148 Καίσωνα
2016 4132 2030 4147 .
2071 4106 2114 4163 p
2168 4078 2436 4167 γράμμα
2492 4078 2863 4167 σύμφωνον
2918 4080 3029 4147 καὶ

429 4185 953 4273 προτάσσεται
1026 4187 1511 4272 φωνηέντων
1583 4188 1711 4254 καὶ
1778 4183 2247 4269 ὑποτάσσεται,
2314 4182 2403 4264 ὡς
2467 4187 2540 4252 ἐν
2606 4183 2866 4264 τούτοις

427 4292 865 4379 προτάσσεται
910 4292 1021 4359 καὶ
1068 4291 1475 4381 συμφώνων,
1524 4290 1612 4373 ὥς
1655 4290 1729 4361 τὸ
1776 4305 2003 4379 κροτεῖ
2043 4289 2305 4383 ἀριστᾷ·
2361 4306 2636 4378 σημεῖον
2674 4310 3026 4379 χρηματισ-

430 4403 590 4488 μοῦ,
637 4397 801 4467 ὅταν
847 4397 1063 4485 μόνον
1224 4404 1562 4486 σημαίνει,
1607 4400 1717 4467 καὶ
1764 4397 1928 4468 ὅταν
1976 4402 2095 4467 τοῦ
2142 4423 2172 4465 r
2218 4396 2765 4485 προτασσόμενον
2916 4398 3028 4464 καὶ

428 4503 974 4592 ὑποτασσόμενον
1020 4508 1110 4597 τῷ
1157 4530 1189 4572 r
1365 4506 1475 4572 καὶ
1519 4505 2066 4594 προτασσόμενον
2120 4509 2241 4575 τοῦ
2289 4530 2322 4572 c
2367 4503 2748 4592 γράμματος
2926 4554 2940 4569 .
2988 4528 3026 4585 q

605 4690 637 4737 2
680 4680 906 4756 τούτου]
945 4703 1110 4739 τουτο
1265 4689 1297 4736 3
1335 4701 1374 4753 g
1409 4700 1508 4740 om.
1672 4690 1704 4738 5
1739 4685 1777 4739 h
1817 4701 1916 4741 om.
2080 4704 2303 4754 κιριοως
2340 4690 2408 4754 μὲ
2568 4677 2895 4750 άναδεχθὲν
2933 4679 3024 4754 δὲ]

431 4766 830 4835 αναδεχθεντα
973 4771 1005 4820 8
1042 4766 1209 4834 τηβαι
1353 4771 1384 4819 9
1421 4765 1462 4819 k
1498 4781 1598 4821 om.
1743 4784 1923 4819 ενακα
2063 4757 2203 4819 ὅταν
2229 4758 2292 4835 ἢ]
2322 4782 2497 4832 ηοταν
2644 4767 2709 4815 10
2745 4780 3025 4829 ηκατονεα

502 4863 540 4914 p
576 4860 675 4900 om.
825 4851 886 4898 11
937 4841 1309 4913 προτάσσεται
1357 4844 1698 4914 φωνηέντων
1744 4845 1842 4898 καὶ
1887 4862 1991 4900 om.
2136 4848 2200 4898 12
2239 4838 2580 4914 συμφώνων]
2620 4859 2814 4912 σιμφις
2961 4847 3024 4896 14

431 4926 507 4997 τῷ
544 4923 595 4996 r]
634 4943 732 4978 του
768 4941 798 4977 r
943 4942 981 4993 q
1017 4941 1117 4979 om.
