3613 5528
554 359 684 424 168
1617 353 2081 413 CASSIODORII

553 471 596 508 p.
626 460 732 501 2296
759 460 810 500 P.

726 542 807 604 Ve
854 550 1128 624 correpta
1173 543 1430 603 nominis
1475 543 1837 622 principium
1884 539 2164 602 obsidens
2206 560 2240 599 v
2286 540 2621 620 digammon
2668 539 2940 601 similiter
2985 537 3162 600 habe·

549 651 637 712 bit
698 653 761 712 in
826 652 1147 731 scriptura,
1209 657 1278 711 ut
1323 649 1521 711 Venus
1577 650 1745 711 venia
1801 648 2174 709 verecundus
2230 646 2582 709 venerabilis
2639 656 2807 709 vetus
2870 664 3164 707 venenum

550 759 865 820 vehemens
913 756 1276 838 vehiculum,
1332 759 1412 817 ita
1458 765 1686 837 tamen,
1741 757 1791 816 si
1840 775 1959 817 non
2007 755 2078 816 ab
2125 755 2401 816 adverbio
2449 754 2607 835 quod
2656 763 2747 815 est
2804 753 2956 815 bene
3004 772 3160 815 com-

549 866 902 945 positionem
949 862 1267 925 habuerint
1313 865 1566 923 nomina.
1641 863 1787 923 haec
1835 880 2089 941 namque
2137 880 2247 941 per
2291 861 2329 922 b
2377 871 2600 924 mutam
2646 860 3046 941 notabuntur,
3092 879 3163 921 eo

550 969 708 1050 quod
754 969 1097 1031 adverbium
1154 968 1306 1030 bene
1363 988 1473 1049 per
1519 968 1557 1030 b
1604 976 1842 1032 mutam.
1876 967 2058 1029 scribi
2114 971 2264 1037 ratio
2312 968 2651 1048 regularum
2700 967 2998 1049 compellit
3054 967 3164 1028 bac
3193 982 3219 1022 5

550 1077 623 1138 de
670 1095 869 1139 causa.
942 1084 1175 1137 constat
1223 1076 1509 1155 quaedam
1556 1074 1832 1136 adverbia
1878 1095 1911 1134 a
1950 1076 2187 1135 nomine
2234 1075 2463 1150 venire,
2513 1083 2573 1136 et
2618 1076 2668 1135 si
2716 1077 2971 1135 nominis
3018 1074 3162 1135 dati·

551 1201 659 1244 vus
706 1201 879 1244 casus
926 1181 1242 1261 singularis
1287 1184 1350 1243 in
1398 1201 1433 1241 o
1480 1182 1744 1264 desinat,
1789 1180 1996 1243 ultima
2034 1200 2068 1241 o
2116 1181 2312 1242 littera
2358 1184 2419 1242 in
2460 1201 2492 1242 e
2533 1191 2651 1242 tam
2699 1179 2942 1242 brevem
2987 1198 3164 1259 quam

553 1289 786 1369 longam
824 1307 1109 1350 conversa
1148 1289 1286 1351 facit
1332 1287 1702 1369 adverbium,
1749 1295 1816 1348 ut
1862 1288 2072 1349 doctus
2119 1288 2277 1349 docti
2325 1287 2499 1348 docto
2545 1288 2749 1368 docte,
2795 1287 2983 1348 malus
3030 1285 3164 1347 mali

553 1397 705 1458 malo
762 1395 930 1455 male.
1004 1413 1146 1473 ergo
1201 1404 1262 1456 et
1316 1394 1509 1457 bonus
1567 1394 1708 1455 boni
1762 1394 1919 1455 bono
1978 1394 2132 1455 bone
2179 1393 2386 1456 debuit
2433 1396 2645 1455 facere.
2721 1382 2826 1454 sed
2871 1412 2947 1454 ne
2995 1412 3162 1454 voca-

558 1506 714 1565 tivus
760 1518 963 1581 casus,
1010 1519 1128 1561 non
1175 1500 1519 1562 adverbium
1565 1509 1840 1583 putetur,
1887 1510 1954 1563 ut
1999 1511 2093 1563 est
2138 1497 2196 1561 ‘o
2244 1501 2396 1562 bone
2435 1496 2568 1583 vir’,
2614 1503 2804 1563 visum
2851 1509 2943 1562 est
2988 1503 3165 1561 etiam
3197 1519 3248 1559 ιο

554 1607 975 1689 paenultimam
1021 1626 1056 1666 o
1102 1608 1360 1669 litteram
1405 1611 1468 1669 in
1516 1627 1548 1669 e
1596 1616 1972 1687 convertere,
2029 1616 2096 1669 ut
2148 1608 2262 1670 boc
2318 1607 2689 1689 adverbium,
2744 1607 2887 1669 illud
2949 1626 3166 1668 nomen

555 1715 869 1777 iudicetur.
956 1716 1138 1795 igitur
1192 1734 1225 1776 a
1280 1714 1436 1775 bono
1472 1716 1716 1776 ‘lactum
1775 1722 1869 1775 est
1924 1713 2266 1776 adverbium
2321 1713 2491 1776 bene.
2585 1715 2806 1776 bonum
2863 1734 3003 1776 vero
3059 1733 3167 1795 per

558 1823 711 1883 hanc
747 1821 1006 1883 litteram
1044 1822 1362 1901 significari
1399 1821 1818 1883 monstrabunt
1855 1823 2181 1899 sequentia.
2245 1823 2446 1901 itaque
2484 1824 2534 1883 si
2581 1820 2653 1882 ab
2691 1821 2969 1884 adverbio
3008 1821 3167 1902 quod

560 1938 652 1991 est
696 1928 849 1989 bene
897 1929 1222 2008 composita
1268 1929 1493 1989 fuerint
1535 1931 1797 2002 nomina,
1844 1946 1953 2007 per
1992 1927 2028 1987 b
2077 1936 2296 1989 mutam
2345 1928 2717 2012 scribuntur,
2762 1938 2829 1990 ut
2875 1928 3167 2009 benignus

908 2060 986 2067 ---

740 2125 769 2173 1
809 2118 1135 2189 digammon
1170 2133 1272 2172 om.
1309 2117 1366 2171 Β
1482 2122 1515 2170 2
1554 2115 1742 2187 venia]
1779 2133 1929 2172 uena
1962 2116 2019 2170 Β
2142 2121 2173 2171 5
2210 2116 2319 2171 hac
2355 2117 2427 2172 de
2463 2086 2633 2173 causa
2669 2118 2820 2188 quod
2856 2120 3079 2173 constat
3114 2119 3168 2173 B

637 2206 699 2254 11
741 2196 1143 2269 paenultimam
1181 2214 1280 2252 om.
1317 2197 1374 2252 B
1522 2204 1585 2251 12
1621 2195 1835 2251 iudicet
1872 2196 1920 2251 0
1950 2195 2163 2279 indicet
2199 2196 2397 2253 Carrio

1467 2498 1832 2554 MARTYRII
1868 2498 1966 2554 DE
2001 2498 2048 2553 B
2085 2498 2180 2553 ΕΤ
2217 2499 2268 2554 V

743 2664 824 2727 Ve
871 2673 1145 2745 correpta
1184 2665 1439 2726 nominis
1484 2666 1843 2745 principium
1882 2665 2162 2728 obsidens
2200 2686 2233 2726 v
2261 2667 2605 2747 ⁵digammon
2645 2668 2917 2731 similiter
2962 2667 3176 2729 habeat

567 2776 627 2836 in
675 2775 998 2854 scriptura,
1054 2781 1121 2834 ut
1166 2771 1365 2835 Venus
1414 2775 1583 2834 venia
1629 2775 2001 2836 verecundus
2048 2773 2400 2836 venerabilis
2446 2785 2616 2838 vetus
2663 2796 2955 2838 venenum
3002 2776 3174 2838 vehe-

567 2900 735 2943 mens
764 2863 1141 2962 vehiculum,
1162 2882 1242 2940 ita
1273 2889 1468 2941 tamen
1497 2882 1547 2941 si
1587 2899 1704 2942 non
1734 2880 1806 2941 ab
1837 2880 2112 2941 adverbio
2150 2881 2301 2943 beue
2332 2887 2819 2963 compositionem
2860 2884 3178 2946 habuerint

565 2991 818 3051 uomina.
892 2986 1037 3047 haec
1085 3004 1336 3066 namque
1384 3006 1492 3067 per
1536 2986 1573 3046 b
1622 2996 1841 3048 mutam
1891 2987 2274 3070 notabuntur,
2319 3009 2390 3050 eo
2438 2989 2596 3070 quod
2635 2989 2977 3052 adverbium
3024 2989 3175 3051 bene

564 3115 673 3177 per
733 3094 771 3155 b
828 3101 1048 3156 mutam
1106 3094 1286 3154 scribi
1352 3094 1500 3154 ratio
1538 3092 1895 3171 ’regularum
1953 3094 2253 3174 compellit
2317 3094 2428 3156 hac
2483 3096 2555 3156 de
2611 3115 2806 3158 causa.
2889 3097 3176 3177 quaedam
3205 3114 3231 3154 5

566 3200 980 3264 adverbiorum
1018 3219 1049 3260 a
1089 3201 1325 3260 nomine
1363 3201 1565 3260 venire
1604 3218 1721 3260 non
1770 3199 2018 3261 dubium
2054 3208 2171 3282 est,
2218 3210 2279 3262 et
2325 3203 2376 3262 si
2423 3204 2679 3264 nominis
2725 3203 2956 3265 dativus
3004 3223 3178 3265 casus

568 3307 884 3388 singularis
941 3309 1002 3367 in
1052 3325 1087 3366 o
1134 3305 1389 3388 desinat,
1442 3305 1646 3366 ultima
1700 3325 1735 3365 o
1786 3306 1985 3394 littera
2040 3308 2100 3367 in
2158 3327 2190 3368 e
2246 3316 2364 3368 tam
2419 3308 2660 3370 brevem
2715 3329 2891 3389 quam
2945 3310 3179 3391 longam

571 3432 854 3475 conversa
913 3414 1051 3474 facit
1105 3411 1474 3493 adverbium,
1529 3421 1596 3473 ut
1650 3412 1861 3475 doctus
1916 3412 2075 3475 docti
2132 3414 2307 3476 docto
2353 3415 2555 3496 docte,
2613 3416 2798 3477 malus
2845 3416 2981 3479 mali
3026 3418 3178 3478 malo

573 3520 737 3581 male.
823 3538 964 3598 ergo
1022 3528 1081 3579 et
1136 3517 1329 3580 bonus
1384 3518 1523 3600 boni
1578 3517 1736 3579 bono
1791 3518 1946 3580 bone
2003 3518 2256 3582 debebat
2310 3521 2523 3582 facere.
2599 3523 2700 3584 sed
2759 3543 2832 3584 ne
2880 3526 3180 3585 vocativus

571 3645 770 3708 casua,
828 3644 943 3685 non
1000 3624 1342 3687 adverbium
1405 3634 1676 3706 putetur,
1736 3605 1802 3686 ut
1859 3621 1918 3685 ‘o
1977 3624 2130 3688 bone
2187 3622 2319 3710 vir',
2379 3630 2568 3689 visum
2626 3639 2718 3691 est
2771 3632 2947 3691 etiam
3003 3650 3178 3712 paen·
3211 3649 3263 3689 ιο

573 3733 839 3796 ultimam
878 3750 913 3791 o
949 3732 1206 3794 litteram
1245 3735 1303 3793 in
1345 3752 1377 3792 e
1416 3740 1791 3812 convertere,
1836 3739 1904 3793 ut
1947 3732 2062 3793 hoc
2098 3732 2468 3815 adverbium,
2514 3733 2657 3796 illud
2706 3755 2920 3797 nomen
2959 3737 3180 3799 iudice·

572 3849 688 3902 tur.
779 3840 959 3917 igitur
1015 3858 1046 3899 a
1103 3839 1258 3899 bono
1314 3840 1535 3901 factum
1593 3847 1683 3900 est
1738 3837 2081 3899 adverbium
2141 3839 2352 3922 bene..
2394 3840 2614 3903 bonum
2672 3862 2813 3903 vero
2866 3862 2977 3923 per
3030 3842 3182 3903 hanc

574 3946 1107 4037 litteram‘siguari
1165 3944 1580 4006 monstrabunt
1635 3930 1961 4025 sequentia.
2025 3925 2141 4007 ’sic
2204 3949 2403 4026 itaque
2460 3950 2510 4008 si
2571 3947 2642 4008 ab
2698 3948 2974 4010 adverbio
3031 3949 3181 4011 beue

576 4054 901 4132 composita
938 4053 1161 4113 fuerint
1198 4054 1461 4133 nomina,
1504 4070 1613 4131 per
1650 4049 1689 4111 b
1719 4059 1941 4112 mutam
1987 4051 2352 4134 scribentur,
2399 4062 2467 4114 ut
2509 4052 2804 4134 benignus
2841 4053 3183 4115 benivolens

644 4291 650 4298 -
757 4266 782 4315 1
834 4259 919 4315 Ve
956 4259 1215 4328 correpta.
1251 4257 1490 4312 nominis
1527 4256 1831 4313 constituta
1867 4275 1903 4312 a
1938 4258 2214 4330 principio
2251 4278 2288 4315 v
2323 4260 2574 4316 litteram
2622 4261 2884 4317 similiter
2917 4261 2976 4317 in
3015 4262 3186 4333 scrip-

574 4345 703 4397 tura
738 4340 958 4397 tenebit
992 4340 1057 4393 ut
1091 4354 1266 4392 venus
1307 4336 1472 4393 venia
1505 4337 1849 4391 verecundus
1877 4339 2214 4394 veneravilis
2241 4343 2402 4395 vetus
2431 4344 2693 4396 veternus
2721 4358 2998 4396 venenum
3025 4359 3184 4396 vera-

577 4426 725 4477 trum
761 4423 1061 4477 vehemens
1096 4419 1416 4475 vehiculum
1455 4418 1511 4471 P
1660 4423 1692 4470 3
1738 4416 2042 4472 habuerint
2073 4419 2305 4475 nomina
2338 4420 2479 4476 haec
2515 4438 2755 4491 namque
2792 4421 2850 4474 P
2886 4421 3187 4477 habuerint

506 4519 526 4536 ·
578 4519 799 4571 nanque
836 4503 975 4557 haec
1009 4499 1239 4556 nomina.
1274 4500 1341 4554 N
1460 4505 1494 4552 4
1530 4500 1742 4552 mutam
1783 4515 1886 4553 om.
1922 4499 2000 4570 N,
2038 4501 2165 4556 add.
2207 4501 2264 4554 P
2385 4508 2417 4575 6
2458 4500 2648 4557 venire
2685 4519 2795 4556 non
2833 4502 3065 4558 dubium
3101 4506 3190 4558 est

581 4582 630 4637 ei
666 4583 726 4635 P
749 4580 939 4638 venire
977 4583 1035 4636 et
1071 4579 1120 4634 ei
1155 4581 1230 4648 N,
1268 4581 1331 4633 in
1366 4596 1472 4649 quo
1508 4575 1696 4633 venire
1735 4610 1799 4618 —
1840 4580 2068 4636 desinat
2103 4581 2302 4636 omas-sa
2336 4587 2385 4637 et
2423 4583 2617 4650 postea
2651 4585 3026 4653 superscripta
3059 4590 3189 4640 sunt

651 4669 685 4717 9
722 4662 867 4717 bone
897 4661 1141 4717 debebat
1175 4661 1360 4741 facere
1402 4661 1459 4714 P
1489 4660 1631 4714 bene
1668 4659 1912 4715 debebat
1944 4660 2129 4715 facere
2165 4659 2312 4715 bone
2348 4661 2415 4714 N
2521 4667 2587 4715 10
2624 4667 2854 4732 putetur
2881 4666 2938 4718 P
2965 4667 3189 4735 putare·

580 4743 672 4795 tur
706 4740 775 4794 N
892 4743 958 4796 ut
992 4741 1049 4794 in
1086 4736 1328 4794 terentio
1366 4739 1510 4795 bone
1547 4740 1634 4793 vir
1673 4739 1730 4793 P
1869 4739 2237 4809 penultimam
2274 4756 2307 4793 o
2344 4739 2590 4795 litteram
2630 4742 2687 4796 P
2721 4745 2785 4798 ut
2819 4744 3190 4813 penultimam

580 4820 831 4875 litteram
865 4819 934 4874 N
1070 4826 1135 4874 11
1174 4818 1470 4890 iudicetur]
1509 4820 1863 4888 nuncupetur
1902 4819 1959 4872 P
2102 4827 2165 4876 13
2204 4819 2435 4891 signari]
2473 4820 2777 4891 significari
2813 4822 2943 4876 NP
3195 4819 3232 4862 ⁸
