3613 5528
1245 393 1591 449 EXEMPLA
1631 393 2163 450 ELOCVTIONVM
2878 393 3007 459 467

405 506 448 545 p.
478 495 569 536 22⁴.
599 495 679 536 285
705 494 757 536 Ιι.

407 580 950 642 delectaverit.
999 579 1262 642 delector
1324 580 1420 641 illa
1486 599 1580 661 re,
1644 579 1800 641 idem
1867 579 2111 641 Horten.
2177 579 2291 640 hic
2356 581 2661 661 primum
2717 579 3011 642 Catulus

406 688 809 750 delectatus
855 690 1010 768 ipso
1056 687 1213 749 loco
1260 736 1274 750 .

584 796 815 858 Desisto
869 796 980 858 hac
1035 814 1128 878 re,
1196 794 1308 856 Sal.
1355 795 1492 856 hist.
1538 793 1590 855 11
1656 804 1733 857 ut
1797 798 2083 857 actione
2149 794 2572 878 desisteret,
2634 794 2770 856 Ter.
2834 794 3009 856 Phor.

407 905 538 977 (IV
566 904 742 981 3,29)
779 911 857 966 ut
902 922 1068 965 erus
1113 903 1223 964 his
1269 901 1576 964 desistat
1619 901 1878 965 litibus
1917 951 1930 963 .
1970 903 2191 964 desiste
2237 902 2350 964 hoc
2397 903 2619 985 facere,
2665 902 2834 982 Verg.
2865 902 3006 963 Aen.

326 1024 353 1063 ⁵
406 1009 513 1071 XII
561 1011 713 1085 (60)
760 1011 1035 1073 desiste
1083 1028 1357 1072 manum
1405 1012 1858 1072 committere
1907 1009 2227 1072 TeucriS.
2268 1003 2279 1094 Ι

584 1117 847 1180 Devertit
892 1119 1160 1199 domum,
1206 1114 1324 1178 Cic.
1355 1135 1464 1197 pro
1504 1116 1691 1179 Deiot.
1731 1118 1941 1193 (6‚17)
1989 1126 2059 1179 et
2103 1118 2379 1179 domum
2425 1120 2648 1198 regiS‚
2693 1117 3010 1198 hospitis

409 1228 538 1307 tui,
584 1225 1027 1288 devertisses
1057 1273 1069 1285 .
1099 1224 1352 1286 devertit
1387 1225 1449 1286 in
1490 1224 1758 1308 domum,
1794 1225 1953 1287 idem
1988 1243 2098 1306 pro
2136 1223 2349 1287 Milone
2391 1225 2646 1301 (20,54)
2686 1224 3005 1286 devertit

407 1336 477 1395 in
524 1334 758 1396 villam
805 1333 1092 1414 Pompei
1144 1380 1157 1395 .

583 1441 795 1523 Defigit
839 1444 900 1503 in
948 1440 1045 1503 illa
1088 1459 1184 1522 re,
1231 1440 1349 1502 Cio.
1396 1443 1458 1502 in
1506 1440 1626 1502 Cat.
1674 1440 1701 1502 1
1747 1442 1955 1520 (6,16)
2006 1441 2188 1522 quod
2246 1460 2392 1502 eam
2448 1460 2743 1502 necesse
2799 1449 3009 1521 putas

329 1561 380 1601 ιο
407 1567 562 1609 esse
600 1549 670 1609 in
717 1546 1039 1609 consulis
1077 1565 1378 1628 corpore
1418 1548 1741 1629 defigere
1771 1597 1784 1610 .
1816 1548 2018 1629 defigit
2045 1547 2141 1609 illa
2169 1566 2262 1630 re,
2310 1547 2478 1629 Verg.
2508 1548 2651 1610 Aen.
2683 1547 2787 1608 XII
2818 1549 3003 1621 (130)

406 1655 737 1736 defigunt
781 1655 1049 1718 tellure
1096 1655 1357 1716 hastas

579 1763 755 1825 Disco
802 1782 873 1825 ex
919 1762 1046 1847 illo,
1091 1763 1261 1844 Verg.
1307 1763 1451 1825 Aen.
1497 1761 1603 1824 XII
1651 1765 1840 1838 (435)

705 1869 931 1954 disce,
975 1889 1182 1952 puer,
1228 1873 1566 1933 virtutem
1615 1890 1699 1932 ex
1744 1890 1849 1933 me
1895 1890 2284 1951 verumque
2330 1871 2645 1934 laborem
2693 1921 2706 1934 .

405 1976 569 2038 disco
615 1976 686 2038 de
734 1976 859 2058 illo,
905 1976 1039 2037 Ter.
1086 1975 1234 2038 Eun.
1284 1978 1393 2050 (II
1428 1977 1598 2053 2,31)
1645 1986 1728 2040 ut
1773 1977 1913 2039 sibi
1959 1978 2217 2040 liceret
2263 1979 2548 2042 discere
2594 1981 2661 2042 id
2709 1980 2791 2041 de
2841 1998 2944 2041 me
2993 2027 3007 2040 .

328 2099 378 2138 ιε
585 2083 832 2145 Deilexit
886 2083 959 2145 de
1015 2086 1347 2167 proposito,
1412 2084 1531 2146 Cic.
1577 2084 1786 2166 Philip.
1844 2084 1972 2146 XVI
2018 2082 2066 2164 †
2110 2084 2292 2147 latere
2349 2088 2432 2148 sis
2487 2105 2571 2148 ne
2627 2088 3010 2167 vestigium

406 2191 690 2271 quidem
738 2192 1043 2254 deflexit
1088 2239 1101 2253 .

583 2297 917 2380 Disceptata
963 2299 1035 2361 lis
1082 2309 1199 2375 est,
1248 2299 1366 2362 Cic.
1414 2299 1663 2382 Philipp.
1710 2299 1866 2362 XVII
1913 2319 2048 2362 non
2107 2310 2217 2364 est
2270 2301 2394 2363 illa
2450 2301 2812 2363 dissensio
2867 2301 3007 2362 dis·

406 2418 692 2487 ceptata
736 2407 945 2469 bello.
1141 2407 1148 2412 ’

580 2514 924 2595 Deportavit
968 2514 1236 2596 domum,
1284 2515 1402 2578 Cic.
1441 2516 1514 2577 de
1553 2535 1676 2598 rep.
1714 2518 1741 2578 1
1778 2518 2020 2592 (14,21)
2060 2536 2215 2579 cum
2262 2517 2457 2579 aliud
2505 2516 2685 2579 nihil
2733 2517 3010 2579 domum

321 2637 380 2677 so
407 2640 599 2683 suam
647 2621 1186 2702 deportavisset
1233 2672 1246 2684 .
1294 2624 1624 2704 deportavit
1669 2626 1730 2686 in
1774 2624 1949 2706 illud,
1996 2624 2151 2686 idem
2199 2624 2270 2686 de
2318 2632 2597 2706 praetura
2644 2625 2867 2686 urbana
2916 2628 3007 2699 (in

421 2731 589 2792 Verr.
618 2738 737 2794 act.
766 2749 884 2794 sec.
924 2730 1212 2809 J20,54)
1250 2731 1423 2794 haec
1461 2751 1598 2794 non
1636 2731 1912 2795 domum
1952 2751 2145 2795 suam
2193 2751 2424 2814 neque
2471 2735 2543 2794 in
2589 2731 3004 2795 suburbana

406 2841 820 2920 amicorum,
867 2837 989 2899 sed
1034 2838 1318 2901 Romam
1363 2843 1435 2902 in
1470 2839 1838 2920 publicum
1885 2841 2301 2922 deportavit
2346 2889 2359 2902 .

582 2946 843 3008 Discedit
896 2946 1108 3030 Roma,
1173 2946 1290 3009 Cic.
1346 2949 1409 3009 in
1463 2947 1709 3010 Verrem
1764 2950 1997 3019 actione
2059 2951 2249 3029 prima
2305 2949 2551 3025 (1854)
2617 2966 2771 3009 cum
2837 2947 3008 3009 haec

408 3053 822 3132 frequentia
867 3052 1080 3116 Roma
1125 3055 1557 3116 discesserit
1602 3103 1616 3117 .

325 3175 378 3216 ss
583 3160 935 3241 Defungitur
999 3161 1120 3244 his,
1185 3161 1302 3223 Cic.
1368 3162 1644 3224 frument.
1711 3167 1803 3237 (in
1875 3165 2044 3226 Verr.
2103 3166 2218 3226 III
2264 3163 2486 3238 16,42)
2553 3181 2707 3224 cum
2773 3161 3008 3224 tribus

408 3266 729 3328 decumis
773 3286 901 3347 pro
948 3286 1084 3329 una
1129 3267 1688 3348 defungeretur,
1736 3269 1908 3350 Verg.
1953 3271 2095 3333 Aen.
2144 3270 2218 3331 vl
2264 3271 2405 3345 (83)

828 3394 864 3434 o
914 3374 1194 3437 tandem
1242 3380 1520 3458 magnis
1563 3377 1798 3459 pelagi
1848 3378 2193 3442 defuncte
2239 3378 2583 3459 periclis.

583 3482 870 3562 Desperat
915 3481 1067 3543 hanc
1115 3501 1269 3566 rem,
1317 3483 1435 3545 Cic.
1483 3484 1557 3545 de
1603 3484 1911 3565 suppliciis
1957 3487 2048 3559 (in
2093 3485 2262 3548 Verr.
2307 3486 2554 3564 V6,12J
2602 3487 3009 3566 desperatis

406 3591 538 3650 iam
586 3587 916 3650 omnihus
963 3588 1201 3651 rebus,

323 3711 378 3752 ³0
582 3698 845 3759 Dilectus
891 3697 1058 3777 huic,
1104 3696 1274 3778 Verg.
1321 3717 1481 3778 geor.
1529 3700 1571 3760 I
1608 3699 1795 3773 (399)
1844 3699 2155 3762 dilectae
2201 3700 2490 3762 Thetidi
2537 3700 2876 3782 alcyones
2923 3747 2936 3760 .

580 3805 741 3886 Dego
788 3803 946 3866 illam
992 3823 1147 3889 rem,
1183 3803 1354 3885 Verg.
1383 3805 1525 3867 Aen.
1555 3804 1662 3867 1111
1692 3807 1883 3881 (550)
1923 3810 2077 3869 sine
2116 3810 2418 3869 crimine
2465 3810 2675 3869 vitam
2720 3808 3008 3890 degere,

584 4003 766 4059 Codex
809 4002 1108 4059 Parrhasii
1180 4011 1212 4058 3
1250 4004 1472 4061 Desiste
1509 4006 1615 4060 hac
1651 4022 1712 4060 re
1872 4012 1907 4060 4
1945 4008 2009 4061 ut
2043 4009 2193 4077 erus]
2230 4005 2441 4062 aterius
2586 4012 2619 4061 ὁ
2656 4005 2784 4076 XII]
2824 4006 2900 4061 XI

407 4088 436 4137 7
476 4083 805 4140 devertisset
840 4100 979 4139 corr.
1019 4115 1084 4125 -
1126 4102 1184 4140 es
1342 4102 1443 4155 pro
1481 4084 1617 4141 Milo
1782 4092 1850 4141 10
1888 4085 2151 4158 defigere]
2189 4087 2369 4158 defige
2530 4086 2660 4158 XII]
2700 4086 2776 4141 XI
2941 4093 3006 4142 12

403 4163 534 4235 XII]
573 4163 649 4219 XI
812 4170 878 4220 18
915 4164 1068 4220 bella
1103 4181 1239 4220 corr.
1277 4164 1428 4221 bello
1593 4173 1658 4221 19
1696 4166 1747 4238 I]
1783 4165 1838 4219 II
2001 4173 2070 4221 20
2107 4167 2448 4239 deportavit]
2485 4165 2733 4238 portavit
2776 4167 3008 4222 seeundo

405 4245 518 4300 loco
662 4250 730 4300 25
767 4243 878 4300 Cic.
915 4244 1257 4302 frumentum
1292 4246 1471 4303 tribus
1615 4253 1684 4303 30
1720 4248 1746 4301 I
1782 4263 1884 4303 om.
2030 4246 2271 4304 alciones
2415 4254 2480 4303 31
2522 4247 2751 4319 degere]
2791 4246 3011 4318 degerit

395 4324 587 4394 priore
624 4326 736 4380 loeo

582 4491 615 4540 2
653 4486 991 4559 delectatus]
1041 4487 1354 4543 delectatur
1400 4488 1530 4543 olim
1565 4489 1629 4543 in
1663 4489 1987 4559 fraymentzs
2023 4489 2312 4544 Hortensii
2365 4505 2431 4544 ex
2478 4486 2763 4544 Frontone
2805 4488 3009 4544 editum

405 4572 482 4622 est
624 4573 656 4622 3
696 4567 905 4623 desisto
941 4568 1047 4623 hac
1084 4586 1144 4625 re
1180 4568 1599 4624 Lindenmnnus
1744 4575 1773 4624 7
1814 4569 2147 4626 devertisset
2182 4587 2249 4626 ea:
2281 4568 2333 4623 G
2368 4570 2541 4626 edidit
2574 4569 3007 4639 Lindemamnus,

405 4648 725 4704 divertisset
760 4652 811 4703 et
846 4646 1078 4703 divertit
1115 4648 1193 4702 M
1349 4654 1416 4703 15
1456 4648 1731 4704 Ciceronis
1773 4650 1940 4704 verba
1985 4666 2052 4704 ex
2089 4649 2423 4721 Philippicis
2457 4650 2802 4705 orationibus
2835 4650 3009 4705 citata

404 4728 551 4783 unde
597 4729 775 4798 petita
827 4728 967 4797 sint,
1019 4744 1134 4784 non
1188 4733 1399 4784 constat
1572 4727 1889 4786 Laterensis
1947 4732 2021 4786 M
2030 4728 2150 4783 PG
2319 4736 2383 4785 21
2423 4729 2564 4785 haec
2611 4746 2720 4785 non
2756 4730 2817 4785 in
2852 4731 3006 4787 tuam

406 4808 630 4941 ⁴23me
681 4825 862 4877 neque
910 4808 967 4863 in
1016 4808 1335 4865 suburbana.
1380 4808 1711 4879 amicorum,
1768 4811 1867 4866 sed
1912 4810 2143 4866 Romam
2202 4809 2259 4864 in
2312 4810 2602 4880 publicum
2654 4810 3007 4881 depol-tusses

452 4903 594 4943 were
