3613 5528
974 1259 1291 1386 VELII
1354 1259 1683 1360 LONGI
1747 1259 1892 1358 DE
1958 1258 2810 1359 ORTHOGRAPHIA

588 1448 632 1487 p.
661 1441 766 1480 2213
794 1440 844 1479 P.

770 1550 1185 1613 Necessarium
1213 1550 1474 1613 arbitror
1500 1553 1572 1614 de
1602 1553 2022 1633 orthographia
2052 1570 2385 1615 sermonem
2425 1554 2758 1614 instituenti
2797 1570 2828 1613 a
2866 1550 3196 1612 litterarum

586 1665 877 1737 potestate
934 1660 1168 1719 initium
1227 1658 1440 1720 facere.
1514 1660 1771 1738 primum
1827 1660 2011 1737 igitur
2065 1657 2334 1719 definitio
2391 1657 2624 1719 litterae
2681 1660 2838 1719 varia
2886 1658 2998 1718 suit
3041 1657 3195 1738 apud

587 1765 921 1844 plerosque.
997 1764 1093 1825 alii
1140 1768 1297 1825 enim
1347 1768 1431 1825 sic
1480 1765 1858 1846 definierunt,
1917 1760 2143 1826 ‘littera
2192 1774 2284 1825 est
2325 1766 2563 1825 initium
2601 1766 2763 1825 vocis
2801 1758 3201 1843 explanatae':

589 1870 685 1931 alii
742 1874 853 1953 sic,
912 1867 1139 1932 ‘littera
1197 1879 1289 1933 est
1344 1874 1577 1932 initium
1633 1874 1794 1931 vocis
1853 1866 2301 1950 significantis':
2361 1870 2458 1931 alii
2523 1866 2753 1931 ‘littera
2816 1880 2907 1932 est
2962 1873 3201 1932 minima
3250 1865 3254 1869 ’

593 1996 731 2059 pars
790 1973 1109 2039 orationis'
1168 1977 1257 2055 [et
1303 1978 1547 2039 verbum
1605 1987 1696 2039 est
1742 1987 1802 2039 et
1849 1980 2189 2040 coniunctio
2236 1986 2297 2038 et
2341 1976 2750 2058 praepositio}
2824 1977 2937 2037 hoc
2984 1979 3200 2057 impro-
3230 1994 3257 2034 5

594 2084 802 2146 bantes
850 2084 946 2145 alii
994 2084 1273 2145 dixerunt
1320 2081 1536 2146 ‘littera
1576 2093 1667 2145 est
1714 2086 1947 2146 initium
1987 2084 2268 2165 scriptilis
2306 2079 2508 2145 vocis'.
2583 2082 2966 2145 excluserunt
3003 2091 3202 2145 autem

592 2209 799 2252 omnes
850 2190 1008 2252 illam
1065 2190 1496 2276 definitionem,
1563 2210 1736 2271 quam
1795 2189 2034 2270 quidam
2092 2190 2399 2273 dixerunt,
2457 2190 2714 2251 litteram
2776 2208 2908 2251 esse
2969 2193 3205 2252 initium

596 2300 760 2358 vocis
816 2298 1228 2380 significantiS‚
1287 2297 1422 2358 ideo
1468 2299 1747 2376 quoniam
1795 2297 2080 2378 quaedam
2137 2315 2314 2358 voces
2372 2295 2552 2357 scribi
2607 2304 2884 2378 possunt,
2939 2300 3206 2377 quamvis

596 2403 741 2464 nihil
796 2404 1156 2485 significent,
1211 2406 1389 2465 sicuti
1448 2422 1583 2465 cum
1640 2404 1892 2466 dicimus
1949 2406 2127 2466 tittir:
2183 2422 2318 2465 nam
2371 2402 2485 2464 hoc
2542 2401 2724 2464 scribi
2778 2409 3032 2483 potest,·
3061 2402 3206 2464 nihil

597 2527 737 2569 vero
785 2510 1091 2587 significat.
1165 2513 1363 2571 verius
1410 2518 1502 2571 est
1548 2510 1717 2592 illud,
1773 2513 2008 2573 initium
2066 2510 2347 2590 scriptilis
2403 2511 2563 2570 vocis
2609 2518 2712 2569 aut
2763 2510 2999 2570 initium
3046 2509 3206 2570 vocis
3237 2528 3288 2568 ιο

586 2608 955 2695 explanatae.
1031 2615 1269 2695 quidam
1322 2635 1463 2678 vero
1519 2635 1725 2679 omnes
1780 2616 2009 2678 litteras
2064 2617 2297 2677 vocales
2346 2634 2476 2677 esse
2523 2615 2802 2677 dixerunt
2850 2614 3208 2676 arbitrantes

598 2721 817 2784 nullam
885 2724 1070 2803 magis
1136 2725 1404 2785 minusve
1470 2724 1867 2785 necessariam
1930 2741 2091 2805 esse,
2163 2731 2225 2784 et
2288 2723 2425 2803 quia
2489 2740 2694 2783 omnes
2748 2721 2988 2806 litterae
3035 2739 3210 2782 voces

602 2829 931 2909 explanant.
1009 2829 1105 2891 alii
1154 2830 1431 2891 dixerunt
1477 2848 1685 2891 omnes
1731 2848 1865 2891 esse
1912 2837 2326 2911 consonante8‚
2372 2831 2649 2907 quoniam
2696 2831 2758 2889 in
2795 2827 3016 2890 Catone
3065 2829 3209 2888 scri·

601 2934 795 2997 bendo
851 2955 970 2997 non
1027 2939 1224 2998 minus
1282 2944 1454 2997 sonet
1498 2955 1530 2996 a
1578 2940 1786 2998 littera
1832 2955 1968 2998 cum
2016 2955 2078 3012 c,
2136 2954 2313 3016 quam
2360 2955 2393 2996 c
2439 2936 2636 2997 littera
2683 2954 2820 2997 cum
2865 2954 2916 2996 a.
2989 2938 3212 2996 scimus

603 3052 798 3105 tamen
845 3042 1213 3105 subtiliorem
1262 3045 1473 3105 factam
1521 3064 1652 3106 esse
1699 3046 2069 3126 divisionem,
2114 3052 2181 3105 ut
2227 3042 2456 3104 vocales
2494 3043 2624 3104 illae
2664 3041 2905 3122 quidem
2942 3042 3208 3102 diceren-
3241 3062 3291 3102 ιε

604 3157 729 3233 tur,
784 3153 912 3213 sine
961 3153 1177 3233 quibus
1226 3150 1445 3232 syllaba
1492 3153 1622 3212 fieri
1670 3171 1786 3212 non
1845 3153 2061 3232 possit,
2117 3158 2350 3211 ceterae
2407 3159 2829 3232 consonantes,
2883 3166 3032 3230 quae
3080 3165 3218 3209 cum

609 3256 704 3319 his
750 3267 989 3322 sonent:
1036 3278 1172 3321 nam
1212 3258 1358 3319 nibil
1403 3264 1668 3319 mutatur
1714 3276 1787 3318 ex
1835 3255 2069 3336 syllaba.
2144 3258 2368 3317 inventi
2414 3267 2555 3319 sunt
2599 3267 2798 3319 tamen
2835 3259 2937 3337 qui
2983 3263 3045 3317 et
3089 3235 3217 3317 sine

606 3365 792 3426 vocali
828 3375 1043 3448 putent
1076 3384 1253 3446 posse
1293 3364 1571 3444 syllabam
1607 3364 1756 3425 fieri.
1814 3382 1950 3425 nam
1987 3365 2506 3426 animadvertimus
2543 3365 2698 3445 apud
2736 3366 2994 3425 comicos
3032 3382 3061 3423 s
3099 3369 3159 3423 et
3195 3369 3221 3422 t

607 3474 835 3551 pariter
882 3475 1134 3553 scriptas
1179 3471 1426 3554 litteras,
1473 3480 1540 3532 ut
1584 3471 1741 3552 apud
1789 3470 2137 3532 Terentium
2183 3473 2244 3533 in
2290 3470 2649 3534 Phormione
2935 3539 2940 3545 ,

1973 3577 2020 3660 †
2066 3596 2203 3640 non
2250 3580 2311 3639 is
2357 3577 2663 3639 obsecro
2710 3586 2849 3660 est,
2948 3571 2954 3576 ’
3250 3597 3304 3636 so

930 3703 1136 3765 quem
1181 3693 1250 3748 te
1299 3704 1582 3766 semper
1628 3685 1897 3747 dicunt.
1972 3684 2052 3745 St
2099 3684 2270 3765 quid
2315 3684 2767 3756 has„metues
2814 3686 3035 3746 sores:

795 3891 976 3947 Godeae
1014 3892 1309 3948 Parrhasii
1398 3899 1426 3946 1
1465 3843 1798 3963 instituendi
1835 3892 1914 3947 0:
1952 3894 1980 3947 t
2012 3908 2277 3962 superscr.
2316 3895 2389 3947 c*
2539 3900 2572 3947 2
2610 3892 2789 3948 finitio
2953 3899 2983 3947 ‘1
3020 3890 3226 3946 finitio·

612 3988 742 4027 nem
885 3978 917 4025 9
955 3972 1191 4028 dicimus
1228 3989 1328 4027 om.
1369 3972 1429 4039 G,
1466 3975 1529 4027 in
1564 3990 1734 4044 mary.
1775 3974 1904 4028 aad.
1944 3989 1974 4028 c
2118 3979 2182 4026 11
2221 3973 2444 4029 vocales
2480 3990 2580 4028 om.
2613 3973 2682 4038 Ο,
2719 3974 2784 4026 in
2818 3988 2990 4043 marq.
3028 3971 3160 4025 add.
3199 3985 3229 4032 c

726 4057 793 4106 12
832 4051 1084 4126 litterae]
1124 4055 1341 4110 litteras
1485 4060 1553 4107 14
1590 4070 1703 4109 non
1738 4051 1923 4107 minus
1959 4055 2119 4108 sonet
2153 4071 2189 4107 a
2225 4069 2395 4122 quam
2433 4069 2463 4108 c
2498 4052 2692 4108 littera
2737 4069 2864 4106 cum
2902 4068 2938 4106 a

620 4173 753 4181 —-—

794 4233 852 4288 R
887 4236 1053 4290 editio
1084 4235 1342 4304 princeps
1376 4232 1584 4287 Romae
1621 4249 1674 4285 a.
1710 4235 1861 4285 1587

792 4314 1059 4371 VELIVS
1096 4313 1391 4370 LONGVS
1430 4312 1526 4367 DE
1566 4310 2150 4368 ORTHOGRAPHIA
2186 4311 2242 4365 R
2369 4316 2401 4364 5
2431 4313 2497 4366 ut
2521 4312 2757 4366 uerbum
2784 4312 2951 4366 codex
2979 4309 3230 4366 Vrsinia·

614 4412 722 4451 nus
758 4397 823 4451 in
858 4413 1030 4466 mary.
1069 4398 1128 4451 et
1163 4395 1394 4450 verbum
1423 4396 1510 4449 est
1544 4395 1604 4448 et
1638 4391 1961 4447 coniunctio
1990 4393 2049 4446 et
2083 4390 2442 4462 praepositio,
2479 4409 2619 4461 quae
2644 4393 2864 4460 seclusi,
2902 4409 2969 4446 ex
2996 4392 3230 4446 adnota—

614 4479 761 4531 tione
795 4478 861 4532 de
888 4477 1151 4546 partibus
1187 4475 1457 4529 orationis
1492 4475 1557 4526 in
1591 4474 1838 4543 maryine
1875 4473 2156 4540 adscripta
2191 4473 2354 4526 illata
2389 4488 2497 4527 ease
2531 4473 2786 4527 videntur
2966 4476 2995 4525 7
3035 4472 3228 4541 quam]

616 4573 730 4626 qua
765 4557 931 4611 codex
964 4555 1299 4610 Vre-iniurius
1335 4555 1399 4608 in
1434 4570 1604 4623 marq.
1737 4558 1801 4605 12
1839 4553 2072 4619 fortasse
2106 4552 2318 4606 nullam
2357 4552 2538 4622 magis
2574 4552 2826 4607 minusve
2853 4550 3230 4606 necessariam

617 4654 737 4693 esse
776 4654 946 4706 quam
984 4636 1155 4690 aliam
1302 4640 1367 4688 13
1407 4633 1708 4703 explanent
1744 4632 2052 4689 Putschius.
2112 4651 2190 4687 cm
2225 4631 2627 4701 explanarent?
2775 4638 2843 4686 14
2888 4647 3001 4686 non
3047 4629 3232 4684 minus

618 4720 781 4771 sonet
817 4734 852 4770 a
888 4729 1126 4785 quam·c
1161 4715 1355 4770 littera
1391 4730 1519 4768 cnm
1555 4728 1592 4766 a
1627 4711 1683 4765 R
1850 4718 1913 4767 16
1950 4712 2182 4779 fortasse
2217 4710 2338 4768 fieri
2374 4727 2486 4766 non
2522 4713 2715 4781 posset
2752 4742 2820 4751 —
2860 4711 3128 4765 sonarent

625 4801 691 4849 17
730 4798 980 4851 mutatur
1013 4794 1073 4850 in
1111 4795 1330 4865 syllaba
1365 4792 1423 4847 R
1554 4797 1618 4845 19
1657 4790 1714 4846 in
1754 4790 2111 4862 Phormione]
2163 4790 2216 4845 V
2247 4798 2307 4858 1,
2346 4795 2417 4845 16
2544 4795 2613 4844 20
2652 4807 2764 4845 non
2800 4788 2849 4844 is
2885 4789 3116 4843 obsecro
3155 4805 3233 4842 es.

618 4890 784 4946 quem
813 4891 1033 4944 semper
1058 4877 1116 4930 te
1145 4891 1265 4929 esse
1294 4872 1605 4928 dictitanti?
1656 4871 1754 4927 Ch.
1786 4870 1866 4926 St.
1899 4871 1991 4926 So,
2032 4871 2178 4937 Quid
2207 4871 2310 4926 has
2339 4869 2547 4925 metuis
2575 4868 2761 4924 fores?
2797 4868 2853 4922 R
2882 4884 2950 4923 ex
2982 4867 3235 4924 Terentio
