3613 5528
1348 410 1447 466 DE
1485 409 2067 467 ORTHOGRAPHIA
2900 409 3024 474 149

408 522 453 560 1».
485 512 591 552 2sss
618 512 665 551 P.

584 596 633 668 Q
679 596 877 659 littera
926 603 1068 659 tunc
1116 605 1279 658 recte
1326 599 1599 679 ponitur,
1656 616 1792 658 cum
1849 595 1933 658 illi
1990 598 2187 659 statim
2234 614 2274 657 u
2329 594 2527 657 littera
2573 604 2634 657 et
2689 595 2800 657 alia
2847 613 3021 675 quae-

404 702 552 765 libet
588 722 702 765 una
737 704 1015 785 pluresve
1054 703 1286 766 vocales
1326 705 1677 765 coniunctae
1717 705 1970 785 suerint,
2015 705 2096 764 ita
2135 711 2202 764 ut
2239 720 2357 764 una
2394 701 2612 782 syllaba
2652 703 2777 764 fiat:
2825 710 3021 763 cetera

340 883 345 889 ¹
404 829 516 889 per
560 829 592 871 c
637 810 1000 872 scribuntur.
1075 810 1188 872 hoc
1234 810 1461 872 Lucilio
1518 829 1757 890 quoque
1815 810 2068 871 videtur.
2143 828 2262 870 non
2318 808 2463 870 nulli
2522 812 2734 888 putant
2778 808 3021 871 auribus

404 918 854 980 deserviendum
902 926 1080 998 atque
1135 920 1217 979 ita
1262 917 1672 998 scribendum,
1730 925 1797 979 ut
1852 916 2110 979 auditur.
2183 924 2276 978 est
2332 918 2488 977 euim
2548 915 2674 976 sere
2720 921 3020 976 certamen

350 1036 378 1078 ⁵
406 1025 481 1086 de
526 1033 687 1086 recta
735 1027 1031 1105 scriptura
1075 1027 1139 1085 iu
1187 1024 1317 1107 hoc,
1363 1033 1570 1086 utrum
1618 1025 1775 1105 quod
1823 1023 2130 1099 audimuS,
2177 1040 2250 1083 an
2299 1022 2455 1103 quod
2504 1022 2686 1083 scribi
2734 1030 3021 1102 oporteat,

404 1130 783 1193 scribendum
822 1134 915 1192 sit.
992 1150 1101 1212 ego
1141 1151 1259 1193 non
1298 1134 1492 1192 omnia
1530 1130 1777 1193 auribus
1816 1130 2099 1191 dederim.
2165 1129 2429 1209 quotidie
2468 1136 2611 1191 sunt
2655 1131 2758 1208 qui
2804 1147 2913 1209 per
2950 1149 3020 1190 co

403 1239 617 1300 cotidie
680 1238 971 1320 scribant,
1028 1238 1244 1319 quibus
1302 1257 1548 1319 peccare
1603 1238 1744 1299 licet
1797 1236 2100 1318 desinere,
2155 1238 2206 1296 si
2263 1238 2455 1297 scient
2512 1235 2775 1316 quotidie
2825 1235 3018 1314 [inde]

402 1352 657 1405 tractum
695 1362 826 1405 esse
866 1363 898 1405 a
937 1353 1083 1424 quot
1120 1344 1348 1427 diebus,
1384 1345 1499 1407 hoc
1536 1352 1629 1406 est
1666 1342 1941 1404 omnibus
1979 1342 2206 1404 diebus,
2255 1337 2406 1421 ‘qui’
2445 1341 2661 1422 syllaba
2698 1360 2809 1422 per
2845 1360 2886 1431 q
2923 1361 2960 1403 ιι
3001 1345 3020 1402 i

401 1450 713 1533 scribitur3
759 1454 809 1512 si
857 1452 1168 1532 dividitur,
1218 1460 1284 1513 ut
1320 1454 1399 1513 sit
1436 1454 1533 1513 cui
1582 1458 1648 1513 ut
1694 1450 1857 1527 huic,
1906 1468 2016 1529 per
2062 1467 2110 1510 c.
2159 1448 2272 1545 boc
2318 1451 2462 1510 item
2500 1451 2561 1509 in
2599 1451 2817 1511 ceteris
2854 1456 3017 1510 nota·
3081 1488 3088 1493 ·

326 1574 377 1612 ιο
406 1558 630 1640 bimm,
685 1567 752 1622 ut
804 1559 1151 1621 divisionem
1209 1578 1243 1620 c
1300 1559 1495 1621 littera
1549 1566 1850 1638 sequatur.
1944 1559 1996 1616 si
2061 1564 2257 1616 tamen
2324 1556 2651 1618 secundum
2718 1559 3019 1637 antiquam

402 1668 871 1728 enuntiationem
918 1666 1101 1728 fuerit
1144 1666 1190 1748 †
1238 1667 1374 1746 quia
1421 1652 1729 1745 genetivus
1777 1672 1839 1725 et
1882 1661 2168 1725 ablativus
2215 1682 2334 1724 uon
2382 1663 2681 1725 dividitur.

577 1772 763 1835 Causa
809 1792 919 1853 per
956 1791 1134 1834 uuam
1182 1792 1238 1836 s:
1284 1792 1396 1834 nec
1442 1789 1798 1852 quemquam
1837 1779 2068 1833 moveat
2109 1774 2348 1850 antiqua
2396 1773 2720 1851 scriptura:
2769 1790 2903 1833 nam
2956 1782 3017 1834 et

399 1900 712 1943 accussare
759 1900 867 1961 per
914 1881 1032 1942 duo
1082 1900 1111 1941 s
1158 1883 1556 1961 scripserunt,
1612 1881 1768 1939 sicut
1815 1879 1998 1940 fuisse
2046 1878 2316 1941 divisisse
2363 1895 2494 1938 esse
2543 1883 2604 1937 et
2648 1874 2694 1956 †
2739 1896 3015 1940 causasse

396 2006 506 2069 per
543 1988 661 2049 duo
698 2007 727 2049 s
765 1990 1054 2068 scriptum
1093 1989 1345 2050 invenio.
1418 1989 1481 2047 in
1520 2005 1635 2066 qua
1680 1986 2086 2046 enuntiatione
2127 2003 2244 2064 quo
2291 1984 2466 2046 modo
2514 1983 2765 2045 duarum
2783 1958 3012 2046 ’conso-

319 2108 371 2147 15
402 2097 671 2158 nautium
717 2114 900 2157 sonus
947 2095 1322 2175 exaudiatur,
1367 2112 1489 2154 non
1534 2094 1787 2153 invenio.

575 2201 784 2265 Vostra
820 2202 958 2264 olim
999 2204 1079 2263 ita
1117 2220 1227 2282 per
1264 2220 1325 2281 o,
1371 2199 1547 2261 hodie
1593 2218 1701 2280 per
1739 2219 1801 2280 e,
1850 2207 1917 2261 ut
1954 2198 2198 2260 advorsa
2236 2199 2508 2281 adversa,
2552 2204 2833 2279 pervorsa
2879 2217 3013 2278 per-

397 2326 596 2390 versa,
641 2316 840 2370 votare
888 2317 1116 2390 vetare,
1162 2315 1369 2369 vortex
1417 2315 1649 2389 vertex,
1695 2306 2029 2367 convollere
2069 2306 2428 2389 convellere,
2487 2305 2846 2386 amploctere
2894 2324 3012 2366 am-

396 2415 675 2495 plectere.

575 2521 724 2583 Malo
772 2523 874 2602 qui
918 2528 1132 2603 putant
1178 2520 1251 2582 ab
1299 2539 1368 2582 eo
1416 2520 1576 2601 quod
1623 2527 1716 2581 est
1760 2539 1972 2600 graece
2019 2518 2276 2602 μᾶλλον
2334 2520 2759 2601 [comparativo
2807 2519 3010 2597 modo]

315 2642 371 2681 20
398 2629 777 2691 descendisse
815 2636 876 2690 et
920 2647 1030 2708 per
1066 2628 1184 2689 duo
1221 2628 1240 2689 l
1283 2625 1582 2709 scribunt,
1627 2635 1893 2708 peccant.
1969 2646 2088 2690 non
2127 2630 2285 2689 enim
2323 2647 2353 2689 a
2402 2646 2615 2707 graeco
2662 2626 3010 2689 translatum

396 2745 517 2820 est,
580 2736 683 2798 sed
745 2735 817 2798 ab
878 2738 1258 2815 antiquorum
1319 2734 1779 2817 cousuetudine,
1819 2737 1948 2815 qui
2011 2737 2204 2816 primo
2266 2736 2450 2816 magis
2516 2733 2647 2795 volo
2713 2734 3020 2817 dixerunt,

394 2854 601 2925 postea
658 2864 689 2906 a
749 2843 1021 2926 pluribus
1079 2842 1427 2905 elisionibus
1487 2842 1600 2903 boc
1660 2843 1911 2904 verbum
1969 2850 2460 2923 angustaverunt,
2518 2850 2584 2904 ut
2639 2860 2805 2922 mage
2862 2841 3012 2925 volo,

542 3042 568 3089 1
610 3034 655 3100 Q
689 3036 883 3090 littera
900 3052 963 3104 Ρ.
994 3040 1119 3102 150,
1146 3041 1227 3092 22
1258 3034 1411 3090 Cart.
1452 3033 1732 3088 Valerian.
1762 3036 1889 3101 155,
1917 3036 1994 3088 24
2103 3037 2136 3086 6
2173 3030 2426 3101 quotidie
2455 3031 2748 3101 Papiriam
2779 3037 2909 3098 158,
2937 3037 3009 3086 18

473 3120 538 3169 19
574 3113 724 3170 Malo
764 3114 1066 3183 Papirion.
1105 3120 1233 3182 159,
1268 3120 1300 3169 1

543 3290 568 3338 1
618 3301 653 3336 u
697 3282 949 3338 litteram
995 3283 1049 3336 A
1193 3289 1226 3338 3
1273 3281 1491 3337 Lucilio
1529 3282 1798 3337 Semlerus
1844 3286 1893 3336 et
1927 3282 2166 3352 Berykio
2213 3288 2432 3337 auctore
2479 3283 2782 3338 Muellerus
2828 3281 3007 3337 Lucil.

391 3372 497 3424 sat.
535 3365 628 3420 rel.
676 3380 737 3433 Ρ.
776 3368 868 3430 48,
906 3360 1054 3416 lucio
1091 3362 1212 3417 AG
1242 3361 1409 3416 Lutio
1446 3361 1516 3416 Β.
1578 3362 1685 3417 ‘est
1726 3363 1775 3416 is
1811 3362 2024 3420 Lucius
2061 3364 2334 3419 Caecilius
2380 3362 2626 3417 Vindeae’
2654 3361 2867 3417 Carrio

391 3453 427 3502 4
463 3445 549 3500 ita
575 3443 929 3499 scribendum
958 3442 1041 3495 ita
1076 3444 1140 3496 ut
1167 3442 1221 3496 A
1260 3441 1318 3497 id
1347 3442 1703 3497 scribendum
1737 3444 1803 3496 ut
1841 3442 1889 3498 0
1993 3442 2252 3498 audiatur
2289 3458 2427 3496 corr.
2467 3442 2691 3496 auditur
2727 3441 2782 3495 B
2891 3441 3007 3497 fere

390 3529 676 3584 certamen
719 3525 774 3579 Β
822 3524 1104 3580 certamen
1148 3523 1265 3577 fere
1311 3523 1428 3578 AG
1576 3527 1609 3576 ὅ
1661 3523 1810 3592 quod
1857 3522 2115 3577 audimus
2160 3540 2231 3577 an
2280 3522 2429 3591 quod
2483 3522 2652 3577 scribi
2703 3524 2926 3593 oportet
2977 3540 3009 3581 ς

389 3623 536 3679 quae
565 3609 651 3676 (q3
681 3605 820 3673 AG)
859 3604 1116 3660 audimus
1145 3621 1217 3659 an
1246 3621 1390 3674 quae
1418 3606 1552 3674 (que
1580 3605 1656 3673 A)
1688 3603 1858 3658 scribi
1887 3603 2146 3674 oporteat
2171 3602 2350 3657 ABG
2457 3608 2488 3657 6
2522 3619 2622 3671 per
2650 3603 2738 3674 co]
2765 3619 2868 3672 per
2895 3619 2926 3657 c
2955 3603 3009 3656 A

501 3694 530 3742 7
571 3684 825 3741 scribunt
864 3684 913 3740 0
1049 3701 1281 3755 peccare
1317 3685 1456 3740 licet
1492 3683 1813 3740 desinerent
1847 3685 1896 3740 si
1932 3682 2140 3738 scirent
2177 3682 2225 3737 G
2255 3687 2305 3737 et
2345 3680 2541 3736 Carrio
2695 3689 2727 3738 8
2765 3684 3006 3737 tractum

389 3784 513 3824 esse
551 3768 692 3836 quot
727 3765 897 3835 (quod
931 3764 1008 3833 A)
1046 3763 1241 3819 diebus
1278 3764 1404 3821 AG.
1460 3765 1675 3819 diversa
1711 3765 1777 3820 de
1810 3782 1859 3820 v.
1899 3765 2151 3834 quotidie
2177 3764 2536 3833 praecipiunt
2570 3762 2757 3818 Velius
2784 3763 3009 3832 Longus

378 3867 444 3918 Ρ.
486 3853 575 3914 79,
613 3851 687 3901 17
724 3851 772 3900 et
807 3860 919 3901 eaec.
962 3844 1159 3913 Papir.
1188 3861 1250 3913 Ρ.
1288 3849 1417 3911 158,
1447 3848 1519 3899 18
1661 3862 1763 3914 per
1799 3864 1838 3914 q
1874 3843 2136 3902 scribitur
2170 3846 2227 3899 A
2263 3859 2364 3913 per
2400 3861 2438 3912 q
2476 3841 2643 3897 scribi
2679 3844 2849 3899 debet
2886 3845 2933 3900 0

388 3934 423 3983 9
469 3927 519 3982 si
562 3925 833 3981 diuiditur
876 3926 943 3979 ut
987 3924 1127 3979 sicui
1171 3925 1237 3979 ut
1280 3925 1411 3979 huic
1456 3940 1556 3993 per
1592 3940 1623 3978 c
1658 3925 1778 3978 AB
1825 3925 1872 3981 si
1916 3926 2189 3981 diuiditur
2232 3940 2334 3994 per
2371 3940 2402 3977 c
2448 3922 2497 3976 si
2545 3923 2633 3977 cui
2671 3924 2802 3980 huic
2842 3926 2891 3982 0

386 4006 714 4064 notauimus
748 4005 803 4059 B
987 4011 1054 4060 10
1089 4006 1153 4059 ut
1187 4004 1247 4059 in
1283 4003 1557 4060 diuisione
1596 4003 1644 4058 G
1823 4011 1885 4059 11
1933 4007 2164 4074 fortasse
2208 4003 2381 4059 fuerit
2426 4001 2561 4071 quoi
2595 4002 2847 4070 dativus,
2894 4025 3005 4063 non

387 4086 683 4142 dividitur:
732 4086 802 4154 cf.
851 4084 963 4140 Vel.
1000 4084 1174 4154 Lony.
1214 4102 1277 4155 Ρ.
1315 4091 1406 4154 70,
1443 4089 1516 4138 18
1708 4084 1845 4153 quia
1888 4085 2168 4155 genitiuus
2203 4084 2260 4137 B
2306 4084 2456 4152 quod
2500 4082 2780 4154 genitiuus
2819 4085 2866 4139 0
2916 4085 3005 4140 cui

388 4165 616 4221 datiuus
653 4167 707 4220 A
745 4180 860 4234 qua
896 4163 1177 4234 genitiuus
1216 4179 1249 4221 ς
1396 4170 1460 4218 12
1502 4162 1738 4219 Causam
1774 4181 1877 4233 per
1905 4182 2077 4220 unam
2115 4182 2141 4219 s
2178 4181 2281 4218 nec
2319 4178 2659 4233 quemquam
2686 4165 2917 4219 moueat
2950 4166 3005 4218 B

390 4245 573 4303 Causa
609 4263 711 4316 per
745 4259 913 4300 unam
952 4261 978 4297 s
1013 4258 1117 4297 nec
1154 4259 1386 4312 quemq3
1422 4245 1661 4298 nouerat
1698 4243 1746 4298 G
1778 4242 2018 4300 Causam
2053 4262 2153 4316 per
2181 4261 2349 4298 unam
2381 4260 2406 4297 s
2443 4259 2799 4312 nequaquam
2836 4259 3001 4298 noue·

386 4329 480 4382 rat
514 4329 596 4382 A:
634 4327 704 4394 cf.
753 4325 870 4380 Vel.
908 4323 1087 4393 Lcmq.
1114 4340 1175 4392 p.
1215 4327 1304 4390 79,
1341 4327 1412 4378 19
1450 4323 1646 4380 Seaur.
1682 4343 1737 4395 Ρ.
1776 4331 1871 4394 21,
1907 4330 1977 4380 14
2153 4330 2218 4379 13
2256 4339 2546 4378 accussare
2583 4339 2683 4391 per
2720 4321 2858 4377 duos
2896 4341 2922 4377 s
2963 4324 3011 4379 Ο

387 4423 652 4462 accusare
687 4421 790 4476 per
827 4404 939 4459 duo
975 4420 1031 4457 ss
1068 4403 1187 4456 AB
1314 4420 1570 4461 causasse
1606 4424 1707 4477 per
1743 4407 1854 4462 duo
1884 4424 1938 4461 ss
1964 4405 2090 4459 AB
2128 4401 2370 4460 causisse
2403 4419 2505 4472 per
2542 4400 2651 4456 duo
2689 4419 2715 4455 s
2755 4402 2812 4456 0.
2866 4402 3003 4470 ‘sor-

386 4493 531 4541 tasse
566 4485 801 4542 cauisse’
846 4483 1070 4552 carrio,
1107 4483 1353 4539 calcasse
1400 4484 1587 4541 Velius
1621 4487 1874 4558 Lonqus,
1911 4489 2056 4558 quod
2083 4486 2344 4556 probavit
2380 4482 2740 4537 Schneider-us
2774 4498 3001 4550 gramm.

389 4571 485 4624 lat.
515 4569 559 4621 I
576 4584 637 4636 Ρ.
665 4571 795 4623 432.
851 4567 1084 4633 sortasse
1111 4569 1291 4622 tamen
1314 4568 1486 4637 plura
1513 4568 1582 4622 ab
1611 4573 1919 4638 excerptore
1937 4567 2265 4636 perturbata
2291 4567 2448 4629 smtt,
2476 4567 2524 4616 et
2553 4560 2733 4615 fussus
2761 4561 3003 4618 divissus

390 4665 584 4704 suesse
621 4649 680 4702 et
712 4663 912 4702 aussus
947 4647 1241 4716 scripserat
1280 4649 1558 4704 Cornutus
1704 4654 1771 4702 16
1810 4648 2106 4703 aduorsum
2143 4660 2280 4700 corr.
2319 4657 2406 4696 -sa
2443 4641 2500 4696 G.
2566 4639 2868 4696 aduorsum
2907 4643 3002 4697 ad-

392 4745 622 4783 uersum
649 4743 975 4797 peruorsum
1002 4743 1325 4797 pet-uersum
1357 4728 1555 4784 Carrio
1659 4735 1721 4782 17
1751 4726 2022 4797 amplocti
2049 4723 2318 4795 amplecti
2345 4723 2400 4776 A
2487 4723 2577 4774 ’19
2606 4720 2780 4792 quod]
2812 4738 2917 4789 que
2948 4722 3002 4777 A

532 4808 774 4862 ΜΛΛΟΝ
822 4808 1187 4876 conparatiuo
1230 4808 1583 4863 descendisse
1628 4808 1682 4861 A
1731 4809 1975 4863 ΜΛΝΟΝ
2023 4804 2376 4876 conpetatifis
2427 4802 2780 4859 descendisse
2818 4804 2866 4863 Ο

390 4891 462 4940 22
498 4886 566 4939 ut
599 4901 764 4956 mage
801 4885 932 4942 uolo
972 4884 1169 4943 Carrio
1204 4890 1270 4943 ut
1304 4904 1509 4959 magne
1544 4887 1677 4943 uolo
1714 4888 1770 4941 A
1805 4889 1871 4942 ut
1905 4903 2109 4958 magne
2144 4884 2275 4940 uolo
2311 4882 2468 4943 ΒΟς
