3613 5528
1374 419 1510 475 Ans
1547 417 2041 475 GRAMMATICA
2869 417 3004 482 425

406 517 712 569 amum

405 602 543 663 vitio
592 602 710 663 l'uri
764 602 945 685 duco,
998 605 1277 686 inprecor
1332 583 1515 688 hosti,
1569 604 1839 667 ausculto
1896 605 2157 684 suasori,
2212 602 2480 684 supplico
2538 603 2672 686 tibi,
2726 604 3004 666 moderor

404 708 716 791 militibus,
768 708 1049 791 obstrepo
1106 712 1352 793 dicenti,
1406 711 1612 792 palpor
1668 719 1728 773 et
1780 709 1954 791 palpo
2011 729 2191 792 equo,
2246 712 2434 772 crisso
2492 710 2626 791 tibi,
2678 729 3001 792 praecurro

400 819 688 898 praetori,
724 834 983 897 procuro
1020 817 1231 898 pugili,
1270 818 1577 897 geniculor
1613 820 1873 900 parenti,
1910 835 2101 897 genua
2138 816 2248 879 tibi
2289 816 2590 900 advolvor,
2628 821 3001 899 praevaricor

402 940 532 1005 reo,
579 924 926 1004 supersideo
964 923 1283 1006 discipulo,
1329 924 1617 986 antecello
1663 924 1923 999 aemulo,
1970 924 2216 986 consilio
2256 922 2363 985 tihi
2409 942 2572 1006 sum,
2618 927 2819 988 studet
2863 927 3002 987 huic

323 1043 349 1084 ε
402 1030 517 1110 rei,
554 1031 734 1090 timeo
771 1028 881 1091 tihi
918 1038 979 1091 et
1015 1028 1088 1091 de
1129 1038 1214 1111 te3
1261 1026 1506 1092 detraho
1545 1030 1679 1113 tibi,
1716 1031 1944 1092 alienus
1984 1048 2117 1091 sum
2154 1029 2289 1114 tibi,
2326 1041 2489 1093 vacat
2528 1033 2697 1114 mihi,
2736 1043 3001 1115 tempero

402 1137 563 1218 vino,
609 1138 949 1199 testimonio
997 1146 1088 1199 est
1134 1137 1303 1219 mihi3
1363 1137 1643 1199 adversor
1700 1140 1969 1220 inimico,
2024 1137 2336 1200 subscribo
2393 1138 2683 1222 epistoliS,
2738 1142 3002 1203 intentus

400 1241 638 1325 studiis,
674 1246 951 1307 inimicus
989 1245 1348 1329 neglegenti,
1384 1247 1543 1308 dicto
1581 1246 1854 1328 audiens,
1893 1243 2129 1307 invidus
2166 1243 2351 1328 hono,
2389 1245 2693 1309 malivolus
2721 1247 3003 1331 studenti,

404 1348 614 1412 habilis
658 1354 890 1435 virtuti,
938 1352 1098 1415 utilis
1146 1355 1302 1430 seni,
1349 1361 1522 1435 aptus
1568 1354 1913 1416 industriae.

575 1458 800 1540 Incipio
837 1460 1127 1542 studium,
1173 1460 1482 1541 aggredior
1519 1460 1847 1542 hominem,
1893 1458 2171 1539 indulgeo
2209 1467 2295 1542 te,
2342 1462 2617 1541 experior
2653 1460 3002 1544 periculum,

323 1581 375 1621 10
398 1565 703 1645 periclitor
740 1570 1021 1650 amicum,
1059 1585 1259 1630 mereo
1297 1576 1358 1629 et
1397 1586 1632 1630 mereor
1667 1568 1985 1650 honorem,
2021 1566 2285 1647 despicio
2325 1566 2705 1648 laticlavium,
2743 1567 3001 1648 impedio

397 1672 717 1756 legentem,
762 1673 1032 1736 ludificor
1078 1673 1433 1758 vanilocum3
1472 1676 1484 1751 Ι
1525 1682 1755 1737 veteres
1803 1683 1865 1736 et
1919 1674 2242 1736 ludificavit
2296 1675 2457 1734 iuvat
2512 1691 2634 1756 me,
2691 1676 3002 1736 nanciscor

397 1783 796 1864 occasionem,
841 1781 980 1844 ludo
1027 1789 1350 1866 oratorem,
1395 1781 1572 1844 iubeo
1620 1782 1897 1864 famuloS,
1943 1781 2152 1843 invado
2199 1790 2258 1842 te
2306 1789 2368 1843 et
2412 1783 2472 1842 in
2521 1789 2607 1863 te,
2654 1783 2890 1844 intueor
2938 1791 2996 1844 te

399 1894 459 1949 et
503 1889 562 1949 in
611 1896 697 1969 te,
742 1887 980 1950 adorior
1014 1888 1343 1971 hominem,
1389 1889 1582 1950 involo
1621 1899 1679 1951 te
1716 1898 1778 1950 et
1814 1891 1873 1950 in
1913 1897 2002 1970 te,
2048 1887 2286 1949 redoleo
2326 1896 2721 1969 unguentum,
2767 1887 3001 1949 invideo

398 1993 666 2077 divitem,
713 1985 1002 2057 comm'eio
1048 1996 1269 2059 lectum
1305 2004 1367 2059 et
1401 1998 1666 2077 permeio
1703 1988 2012 2079 (commixi
2059 2002 2121 2056 et
2164 1987 2463 2078 permixi)‚
2500 1995 2778 2056 insimulo
2818 1997 2999 2058 simu-

323 2113 372 2155 15
399 2099 672 2184 latorem,
717 2102 1119 2165 animadverto
1167 2113 1255 2186 te,
1300 2106 1585 2165 criminor
1629 2103 2041 2184 directarium‚
2086 2100 2365 2163 moderor
2411 2111 2486 2163 te.

573 2208 834 2291 Inpertio
898 2210 1063 2272 illum
1127 2210 1237 2272 hac
1302 2228 1395 2293 re,
1460 2211 1671 2291 dignor
1735 2212 1991 2271 amicum
2055 2208 2340 2291 hospitio,
2404 2218 2607 2271 saturo
2671 2211 2999 2271 exercitum

398 2324 755 2400 commeatu,
809 2317 998 2379 libero
1046 2324 1105 2379 te
1150 2316 1446 2399 periculo,
1500 2317 1723 2379 liberor
1767 2316 2065 2399 molestia,
2120 2317 2275 2378 dono
2331 2323 2780 2397 praeceptorem
2835 2335 3001 2399 auro,

399 2430 663 2504 tempero
710 2443 804 2487 me
851 2426 1014 2507 vino,
1060 2423 1269 2486 fraudo
1316 2423 1674 2487 creditorem
1720 2426 2019 2505 pecuniis,
2075 2422 2282 2484 abdico
2341 2441 2436 2483 me
2492 2430 2796 2505 praetura,
2853 2422 2999 2484 cedo

396 2530 507 2591 tibi
550 2530 759 2614 gloria,
807 2531 1002 2593 afficio
1048 2530 1213 2592 illum
1259 2530 1509 2612 laetitia,
1556 2530 1777 2592 desisto
1826 2538 1928 2592 tua
1974 2529 2431 2612 consuetudine,
2487 2528 2653 2590 labor
2700 2548 2805 2610 spe
2853 2548 3000 2611 mea,

314 2650 372 2691 ιο
398 2634 599 2699 imbuo
645 2637 864 2700 malum
911 2637 1108 2720 malis,
1173 2638 1447 2718 egredior
1504 2640 1764 2720 civitate,
1828 2635 2144 2717 degredior
2200 2645 2425 2718 monte,
2489 2645 2807 2699 contentus
2867 2655 3000 2698 sum

396 2762 517 2807 uno
583 2763 853 2829 nummo,
917 2744 1063 2808 orbo
1130 2764 1377 2808 uxorem
1440 2745 1611 2830 dote,
1677 2743 1971 2808 interdico
2047 2745 2504 2825 ignominiosum
2569 2743 2726 2825 foro,
2799 2742 2998 2806 exulto

398 2852 671 2934 victoria,
726 2871 942 2934 soporo
986 2860 1047 2915 te
1094 2856 1256 2936 vino,
1313 2852 1526 2935 dignor
1572 2871 1606 2914 a
1652 2861 1710 2914 te
1757 2851 2011 2934 honore,
2065 2853 2331 2912 sustineo
2387 2870 2482 2913 me
2536 2850 2647 2911 hac
2701 2868 2795 2933 re,
2860 2869 2997 2912 con·

396 2957 610 3039 plaudo
647 2966 871 3042 tecum,
907 2960 1133 3040 gaudeo
1172 2960 1477 3043 felicitate,
1514 2978 1665 3042 opus
1702 2967 1793 3021 est
1831 2958 1977 3021 mihi
2003 2965 2275 3039 argento,
2313 2957 2542 3019 alienus
2570 2975 2703 3019 sum
2732 2958 2997 3039 crimine,

398 3068 647 3128 comitor
692 3069 924 3151 amicis,
971 3086 1110 3130 vaco
1156 3068 1391 3151 militia,
1435 3069 1808 3129 communico
1854 3077 2081 3148 tecum,
2136 3063 2370 3146 postulo
2418 3083 2451 3125 a
2500 3072 2583 3146 te,
2637 3071 2776 3126 utor
2821 3082 2996 3125 careo

317 3186 370 3227 25
397 3172 637 3234 fruorve
684 3173 929 3249 divitiis,
991 3176 1149 3235 nitor
1200 3174 1311 3236 hac
1357 3193 1451 3257 re,
1507 3175 1704 3255 potior
1760 3190 2034 3254 munere,
2087 3171 2269 3233 induo
2326 3179 2385 3232 te
2441 3172 2622 3232 armis
2630 3218 2650 3253 ,
2703 3189 2918 3251 precor
2964 3188 2998 3231 a

398 3279 537 3361 diis,
582 3287 721 3361 opto
769 3298 802 3341 a
847 3281 988 3364 diis,
1034 3288 1327 3362 antepono
1375 3291 1434 3343 te
1482 3279 1624 3363 fide,
1669 3279 1963 3341 interdico
2011 3277 2117 3339 tibi
2165 3279 2423 3339 amicitia
2468 3295 2614 3338 mea.

574 3386 794 3448 Similis
848 3405 981 3448 sum
1035 3389 1125 3449 tui
1180 3387 1444 3450 moribus
1498 3396 1563 3450 et
1617 3385 1724 3448 tibi
1781 3387 1957 3468 facie,
2019 3383 2204 3445 avello
2268 3386 2429 3446 senis
2495 3393 2556 3445 et
2620 3385 2747 3445 seni
2793 3402 2993 3466 canoS‚

396 3492 600 3574 frango
647 3495 805 3555 servi
850 3502 910 3557 et
957 3512 1127 3556 servo
1173 3502 1377 3577 caput,
1423 3513 1570 3556 eruo
1617 3492 1918 3554 mendacis
1965 3500 2024 3553 et
2071 3490 2339 3552 mendaci
2385 3489 2616 3572 oculos,
2663 3490 2860 3552 studio
2907 3494 2994 3553 tui

397 3600 512 3661 feci
547 3603 616 3662 id
648 3608 738 3663 est
773 3604 916 3663 dum
951 3603 1164 3664 studeo
1203 3604 1339 3678 tibi,
1383 3603 1585 3663 studio
1634 3608 1736 3661 tuo
1775 3598 1911 3675 feci
1953 3597 2012 3659 id
2061 3606 2153 3659 est
2197 3607 2256 3659 te
2305 3597 2608 3678 studente;
2668 3597 2998 3659 discrucior

317 3719 370 3761 ³0
397 3708 573 3768 animi
619 3715 683 3769 et
725 3709 919 3785 animo
930 3715 1158 3790 ,omem
1205 3710 1293 3770 tui
1339 3716 1400 3770 et
1447 3716 1576 3788 tuo,
1621 3707 1855 3767 vicinus
1901 3722 2032 3766 sum
2070 3702 2228 3766 illius
2266 3711 2330 3765 et
2362 3702 2447 3764 illi
2484 3710 2545 3763 et
2581 3703 2807 3764 amicus
2844 3721 2997 3785 sum,

397 3812 581 3874 fidens
627 3831 762 3875 sum
806 3815 986 3875 animi
1031 3824 1093 3876 et
1136 3817 1358 3897 animo,
1413 3814 1657 3876 memini
1703 3820 1764 3873 et
1820 3827 2047 3872 memor
2102 3828 2234 3872 sum
2292 3809 2537 3870 honoris
2584 3818 2646 3870 et
2689 3809 2997 3892 honorem,

395 3937 701 3982 ammoneo
729 3921 1176 3984 interfectorem
1204 3919 1401 3982 caedis
1440 3928 1496 3981 et
1536 3916 1806 3998 caedem,
1852 3915 2168 3978 obliviscor
2213 3917 2503 3978 amicitiae
2550 3924 2612 3976 et
2657 3917 2994 3998 amicitiam,

573 4181 753 4238 Codex
788 4181 1181 4252 Sanyanensis.
1275 4187 1302 4235 1
1341 4178 1508 4251 vitio]
1543 4177 1764 4234 uitium·
1908 4175 2192 4248 moderor]
2231 4175 2455 4231 medeor
2611 4181 2643 4229 2
2682 4174 2851 4231 cristo

395 4266 428 4315 8
454 4277 718 4331 procurro
746 4263 963 4334 pugillo
1089 4259 1385 4330 advolvor]
1413 4259 1610 4316 adulor
1737 4266 1769 4313 6
1795 4256 2182 4313 testimonium
2307 4262 2340 4311 8
2369 4269 2500 4310 sene
2619 4260 2652 4309 9
2683 4255 2990 4328 hominem]

393 4359 597 4399 nomen
752 4348 818 4398 10
853 4342 1181 4399 laticlauum
1337 4347 1400 4396 11
1440 4338 1602 4394 iubat
1636 4355 1724 4394 me
1884 4343 1947 4391 12
1985 4337 2280 4392 obintueor
2427 4339 2491 4389 15
2527 4333 2782 4389 mederor
2925 4336 2991 4386 18

391 4422 668 4495 tempero]
705 4425 872 4480 teneo
1024 4430 1094 4480 20
1129 4422 1388 4494 egredior
1423 4419 1712 4476 ciuitatem
1748 4415 2032 4488 digredior
2068 4418 2258 4470 monte
2419 4420 2487 4468 22
2534 4429 2770 4483 soporeo
2923 4417 2990 4466 23

392 4505 647 4577 argento]
697 4504 913 4560 oriento
1082 4509 1152 4559 24
1196 4501 1359 4573 vaco]
1407 4516 1549 4556 uoco
1719 4504 1788 4553 29
1834 4497 1893 4552 id
1944 4497 2030 4551 est
2066 4525 2135 4536 —
2171 4499 2272 4551 tuo
2316 4494 2427 4550 feci
2462 4511 2563 4549 om.
2725 4489 2993 4546 discutior

393 4584 1356 4641 auim.mi.metmtuiottuo

572 4821 639 4872 18
666 4819 918 4888 tempero
945 4831 1034 4871 me
1060 4813 1194 4869 vino
1211 4813 1396 4868 Βίωνι.
1409 4829 1472 4882 p.
1493 4813 1698 4876 315‚24
1841 4814 1910 4864 28
1949 4806 2135 4862 studio
2172 4804 2256 4859 tui
2294 4804 2404 4861 feci
2437 4803 2497 4858 id
2525 4802 2610 4858 est
2635 4801 2769 4856 dum
2795 4800 2992 4856 studeo

393 4893 526 4962 tibi,
562 4895 749 4951 studio
786 4898 885 4949 tuo
920 4893 1031 4950 feci
1064 4893 1126 4948 id
1162 4894 1249 4948 est
1283 4893 1343 4947 te
1380 4889 1640 4947 studente
1674 4889 1837 4946 Beda
1871 4889 1938 4943 de
1972 4886 2208 4955 ormoyr.
2240 4902 2299 4954 p.
2338 4886 2557 4952 288,27

498 5002 808 5036 omum-101
835 5002 1008 5034 uma
1035 5001 1122 5033 vn.
2496 4976 2565 5025 28
