3613 5528
562 433 690 502 100
1754 434 1970 491 cAPRI

557 547 600 584 p.
628 537 734 576 2243
762 537 811 575 Ρ.

736 621 905 681 Calva
951 621 1233 701 κρανίον
1283 630 1542 704 vocatur,
1588 621 1729 683 licet
1775 619 1998 681 Gellius
2046 630 2106 681 et
2151 619 2337 680 Varro
2385 620 2693 681 calvariam
2740 620 2953 680 dicant.
3032 637 3166 678 nam

561 729 842 805 calvariae
889 728 1115 808 plurale
1164 737 1271 789 est.
1346 728 1538 788 calvae
1579 746 1719 788 vero
1766 745 1919 808 ossa,
1968 746 2117 806 quae
2166 734 2307 787 sunt
2352 736 2413 788 et
2459 727 2839 806 singulariter
2886 726 3062 786 calva.

732 834 943 897 Vultus
989 843 1281 916 mutatur,
1330 835 1510 895 facies
1556 842 1769 895 manet.

733 941 1020 1029 Maestum
1068 944 1294 1016 enimn,
1342 944 1576 1002 tristem
1622 948 1865 1021 aspectu
1914 940 2100 1001 dices,

731 1048 1027 1110 Protenus
1083 1068 1191 1129 per
1237 1069 1269 1109 e
1318 1048 1661 1109 adverbium
1705 1047 1888 1108 locale
1937 1053 2056 1129 est,
2114 1048 2312 1110 idest
2365 1067 2547 1129 porro
2603 1057 2805 1130 tenuS,
2859 1056 2926 1109 ut
2982 1043 3165 1108 ‘cum
3222 1068 3248 1109 5

553 1163 925 1236 protenus-
955 1165 1261 1236 utraque
1310 1156 1530 1217 tellus
1576 1153 1716 1215 Vna
1764 1148 2006 1215 soret’.
2081 1156 2356 1234 protinus
2401 1174 2510 1235 per
2554 1158 2575 1215 i
2622 1154 2967 1216 adverbium
3015 1163 3163 1216 tem-

553 1262 753 1343 porale
803 1271 919 1345 est,
964 1263 1024 1323 id
1070 1272 1162 1325 est
1208 1266 1434 1344 statim,
1482 1269 1547 1323 ut

870 1381 1211 1458 protinus
1254 1380 1526 1441 Aeneas
1575 1378 1799 1439 celeri
1849 1386 2134 1439 certare
2182 1379 2461 1458 sagitta.

553 1503 847 1571 quatenus
912 1514 1021 1575 per
1080 1514 1113 1556 ε
1169 1494 1512 1556 adverbium
1582 1504 1698 1575 est,
1764 1497 2044 1575 quatinus
2109 1513 2218 1576 per
2271 1497 2292 1553 i
2350 1496 2689 1555 coniunctio
2755 1495 3034 1577 causaliS‚
3099 1504 3166 1557 ut

553 1603 601 1660 si
667 1601 828 1662 dieas
895 1597 1206 1681 ‘quatinus
1271 1601 1384 1662 boc
1442 1604 1569 1661 sine
1633 1600 1819 1680 plagis
1876 1620 1994 1661 non
2060 1602 2230 1683 saciS‚
2296 1619 2370 1659 en
2435 1599 2543 1660 tibi
2610 1596 2856 1680 plagas'.
2959 1602 3161 1663 adver·
3193 1625 3244 1662 10

554 1706 715 1768 bium
771 1719 968 1770 autem
1026 1720 1117 1770 est
1174 1717 1465 1788 quatenus
1525 1717 1626 1768 aut
1700 1710 1986 1787 temporis
2050 1704 2406 1784 [interdum]
2482 1715 2583 1767 aut
2647 1706 2789 1794 loo-i:
2861 1711 3164 1790 tempori5‚

553 1831 688 1874 cum
736 1814 987 1876 dicimus
1036 1810 1362 1895 ‘quatenus
1417 1814 1526 1874 bos
1584 1833 1781 1875 mores
1829 1810 2198 1897 exercebis’3
2253 1813 2393 1887 loci,
2441 1832 2575 1874 cum
2624 1812 2877 1874 dicimus
2926 1809 3161 1894 ‘quate-

554 1938 665 1980 nus
711 1917 979 1983 ibimus'.

727 2027 875 2089 Esse
922 2037 1187 2109 φαγεῖν,
1234 2029 1294 2090 id
1341 2037 1434 2089 est
1482 2027 1569 2105 [in
1618 2026 1832 2108 unum]
1881 2027 2254 2088 manducare.
3193 2104 3198 2109 ι

730 2134 933 2197 Buxus
980 2136 1157 2197 arbor
1203 2145 1322 2218 est,
1368 2134 1594 2196 buxum
1640 2143 1837 2196 autem
1887 2136 2131 2196 materia
2177 2137 2326 2213 ipsa.
2930 2200 2938 2209 ‚
3189 2154 3240 2197 15

726 2242 836 2303 Hic
884 2243 1071 2304 malus
1119 2245 1309 2325 naviS,
1352 2242 1499 2303 haec
1548 2242 1735 2303 malus
1782 2241 2067 2321 frugifera
2115 2239 2308 2300 arbor.

726 2347 944 2410 Pinnas
991 2367 1326 2431 murorum,
1372 2369 1598 2430 pennas
1645 2350 1839 2410 avium
1886 2348 2157 2409 dicimus,

724 2454 1129 2536 Laserpicium
1175 2456 1383 2518 florem
1429 2457 1707 2538 dicimuS,
1754 2464 1813 2515 at
1859 2455 2086 2516 caulem
2132 2455 2289 2515 laser
2332 2456 2515 2515 aiunt.

727 2561 1063 2641 Exprobrat
1110 2566 1211 2642 qui
1259 2572 1683 2625 commemorat
1720 2581 1873 2642 quae
1909 2564 2225 2643 praestitit,
2270 2560 2594 2641 obprobrat
2633 2563 2735 2641 qui
2774 2560 3160 2641 obprobrium

548 2668 828 2745 obiectat,
874 2667 987 2730 hoc
1034 2679 1125 2731 est
1168 2672 1393 2732 vitium.
3188 2689 3242 2729 20

728 2786 975 2866 Scorpio
1022 2786 1232 2847 bellica
1276 2806 1403 2870 reS,
1449 2797 1507 2849 at
1553 2789 1826 2867 scorpius
1873 2786 2101 2847 animal.

725 2892 1088 2954 Adulescens
1136 2913 1378 2977 nomen,
1426 2893 1770 2955 adolescens
1814 2895 2208 2974 participium.

724 2999 926 3061 Primo
974 3002 1218 3084 pedatu,
1265 3020 1384 3063 non
1430 3001 1630 3082 pidato
1678 3000 2013 3062 dicendum.

728 3251 755 3299 1
807 3244 982 3300 Calva
1018 3274 1085 3285 —
1135 3251 1166 3298 2
1215 3244 1577 3315 singulariter
1623 3245 1784 3299 calva.
1822 3249 1951 3313 post
1987 3243 2189 3298 Vultus
2226 3276 2295 3285 —
2335 3251 2369 3300 4
2415 3245 2566 3302 dices
2620 3248 2820 3303 habent
2863 3243 3018 3303 Bos

548 3324 725 3380 Calua.
765 3321 1090 3387 ΚὰΡὰΝΙΟΝ
1128 3324 1344 3393 (Caluio
1380 3325 1666 3394 kapanion
1692 3324 1769 3392 B)
1808 3325 2045 3378 uocatur
2082 3323 2216 3379 licet
2243 3328 2301 3380 et
2338 3326 2511 3381 celius
2540 3330 2600 3381 et
2635 3344 2798 3383 uarro
2833 3325 2953 3380 BG
2985 3324 3161 3379 Calua.

546 3412 782 3464 uocatur
826 3409 1051 3478 passaffi
1092 3404 1187 3458 uel
1232 3420 1470 3460 eanmon
1512 3405 1649 3459 licet
1694 3403 1868 3459 celius
1907 3406 1966 3458 et
2015 3420 2182 3459 uarro
2222 3406 2307 3462 M.
2357 3406 2524 3461 Gellii
2569 3424 2763 3462 nomen
2805 3407 3046 3462 restituit
3080 3405 3155 3458 H.

552 3488 780 3543 Peterus
819 3492 918 3542 vet.
957 3487 1081 3540 hist.
1117 3484 1273 3540 Rom.
1303 3486 1399 3539 rel.
1432 3501 1491 3553 p.
1525 3483 1853 3538 CCXXXI
1862 3484 1915 3537 V
1941 3486 2068 3556 paoli.
2111 3485 2325 3543 Charis.
2357 3505 2416 3556 p.
2448 3491 2538 3554 55,
2568 3492 2619 3541 7.
2648 3491 2774 3554 139,
2811 3491 2851 3541 2
2881 3485 3156 3539 Priscian.

547 3568 583 3624 l.
632 3567 767 3621 VII
791 3584 851 3636 p.
891 3570 1019 3631 318,
1056 3569 1090 3617 4
1234 3563 1449 3634 dicant]
1491 3565 1697 3619 uocant
1733 3582 1871 3620 corr.
1911 3566 2101 3622 dicant
2139 3567 2194 3618 B
2338 3572 2370 3621 2
2409 3582 2541 3621 vero
2578 3582 2678 3620 om.
2715 3564 2833 3619 Bo
2972 3564 3155 3635 calva}

546 3646 795 3701 caluaria.
827 3644 945 3699 Bo
1082 3648 1114 3697 5
1153 3643 1213 3697 id
1260 3647 1345 3698 est
1380 3659 1543 3713 porro
1580 3646 1741 3699 tenus
1779 3662 1905 3700 cum
1957 3649 2224 3716 protenus
2260 3645 2366 3699 hoo
2404 3647 2490 3699 est
2522 3660 2687 3714 porro
2724 3647 2887 3698 tenus
2922 3645 3158 3713 utraque

546 3727 714 3780 tellus
740 3725 877 3779 BG:
919 3723 1075 3792 Very.
1105 3728 1245 3777 Aen.
1276 3724 1402 3777 III
1436 3727 1544 3778 416
1689 3730 1721 3778 6
1760 3725 2089 3781 adverbium
2127 3732 2253 3782 ante
2287 3726 2600 3795 temporale
2637 3741 2738 3779 om.
2767 3725 2885 3778 BG
3025 3729 3055 3777 7
3094 3728 3160 3778 ut

546 3821 648 3861 om.
684 3803 800 3859 BG
972 3811 1005 3859 8
1042 3804 1318 3876 protinus]
1369 3804 1523 3873 Vera.
1564 3805 1700 3859 Aen.
1753 3805 1804 3859 V
1835 3810 1946 3862 485
2126 3814 2158 3862 9
2206 3824 2307 3876 per
2343 3822 2374 3860 e
2411 3804 2738 3861 aduerbium
2788 3805 3053 3873 quatinus
3090 3833 3157 3843 —-

546 3884 788 3941 causalis
827 3885 913 3939 est
958 3884 1023 3938 ut
1062 3883 1137 3937 M
1278 3889 1345 3938 10
1383 3883 1711 3939 aduerbium
1744 3887 1831 3940 est
1867 3889 2056 3941 autem
2084 3888 2295 3955 (autem
2323 3902 2424 3940 om.
2457 3885 2529 3955 Ο)
2569 3888 2846 3953 quatenus
2883 3887 2984 3937 aut
3018 3885 3158 3937 tem-

546 3965 697 4036 poris
733 3966 835 4020 aut
879 3963 990 4019 loci
1032 3963 1318 4020 interdum
1365 3965 1633 4034 temporis
1673 3982 1799 4019 cum
1839 3963 2074 4021 dicimus
2110 3957 2227 4020 BG
2403 3971 2470 4019 14
2516 3965 2653 4019 Esse
2691 3994 2756 4003 -
2794 3963 3155 4034 manducare]

548 4043 760 4106 ΕΦὸΓΗ
808 4045 867 4099 ἰιι
913 4062 1086 4098 unum
1130 4044 1466 4099 manducare
1508 4046 1583 4098 M
1627 4047 1717 4099 ΗΘ
1754 4051 1888 4115 pate
1935 4049 2003 4100 εἷθ’
2037 4045 2105 4100 id'
2153 4044 2215 4099 in
2258 4063 2431 4099 unum
2469 4044 2800 4099 manducare
2838 4043 2893 4095 B
2943 4059 3061 4097 esse
3099 4043 3158 4096 id

548 4128 635 4181 est
668 4125 728 4178 in
764 4143 935 4180 unum
970 4124 1308 4181 manducare
1349 4123 1416 4180 0:
1455 4126 1524 4192 cf.
1572 4126 1725 4196 Vei-9.
1756 4126 1896 4180 Aen.
1936 4127 2104 4179 IIII
2138 4131 2212 4179 66
2251 4128 2339 4180 est
2374 4125 2559 4180 mollis
2598 4125 2825 4178 flamma
2861 4121 3155 4190 medullas,

546 4206 729 4260 Diom.
767 4223 820 4273 p.
852 4209 983 4270 386,
1012 4210 1090 4260 29
1236 4211 1302 4258 16
1340 4204 1447 4259 Hic
1482 4206 1664 4260 malus
1700 4206 1868 4260 arbor
1903 4205 2064 4260 nauis
2103 4206 2241 4259 haec
2278 4204 2459 4258 malus
2497 4201 2724 4273 frugera
2760 4201 2927 4256 arbor
2966 4201 3042 4254 M

551 4292 616 4340 18
654 4284 1050 4354 Laserpiceum
1088 4286 1280 4340 florem
1320 4284 1555 4340 dicimus
1592 4288 1653 4340 at
1679 4285 1935 4356 ‚caulium
1972 4284 2120 4339 laser
2157 4283 2315 4340 aiunt
2354 4285 2430 4338 M
2472 4285 2646 4340 Laser
2691 4284 2911 4354 piceum
2963 4285 3156 4339 florem

545 4429 624 4482 At
651 4428 892 4483 causum
921 4429 1077 4496 (corr.
1107 4428 1384 4496 cauleum)
1412 4427 1648 4483 dicimus
1675 4428 1732 4481 B
1769 4428 1970 4482 Lasser
1998 4426 2214 4497 piceum
2244 4427 2436 4481 florem
2466 4427 2566 4480 aut
2593 4373 3150 4481 cauleu‘ffiiffiuffiaser-

545 4508 747 4577 pitium
776 4508 987 4576 florem,
1015 4510 1076 4562 at
1102 4508 1321 4563 caulem
1348 4508 1497 4562 laser
1525 4507 1762 4562 dicimus
1780 4524 1826 4576 p
1958 4513 2021 4560 19
2052 4506 2413 4575 ExprobatB
2443 4506 2759 4576 Exprobrat
2787 4507 2884 4577 qui
2913 4523 3152 4562 comme·

546 4590 731 4643 morat
758 4583 904 4658 qu'ae
932 4588 1231 4658 praestitit,
1268 4588 1544 4657 adprobat
1580 4586 1676 4655 qui
1714 4586 1981 4656 probrum
2018 4586 2266 4642 obiectat
2293 4593 2544 4656 excerpta
2568 4589 3058 4663 Montepessulana

547 4670 714 4741 quae]
745 4669 894 4739 quod
922 4667 1040 4722 BG
1123 4674 1194 4723 20
1227 4667 1499 4739 obiectat]
1530 4665 1705 4723 obicit
1729 4667 1845 4721 BC
1931 4673 1996 4721 21
2031 4665 2260 4735 Scorpio
2287 4666 2494 4721 bellica
2520 4684 2608 4722 res
2638 4671 2725 4723 est
2750 4669 2809 4723 id
2839 4671 2926 4723 est
2944 4668 3154 4738 sagitta

545 4750 606 4803 at
641 4748 892 4818 scorpius
929 4747 1140 4802 animal
1174 4749 1289 4802 BC
1449 4755 1516 4803 22
1556 4748 1869 4804 aduliscens
1897 4749 2088 4816 priore
2130 4748 2243 4802 loeo
2283 4746 2359 4800 M
2515 4765 2719 4804 nomen
2756 4752 2840 4804 est
2875 4780 2940 4789 —
2980 4749 3154 4818 parti-

546 4826 755 4897 cipium
792 4829 876 4881 est
911 4827 966 4879 B
984 4826 1031 4880 Ο
1205 4833 1273 4881 23
1323 4827 1510 4882 Primo
1548 4828 1758 4898 pedatu
1796 4845 1905 4882 non
1941 4828 2141 4898 pidatu
2178 4829 2335 4895 (cor-r.
2377 4830 2482 4899 -to)
2522 4829 2816 4884 dicendum
2856 4831 2931 4884 M
2963 4829 3152 4884 Primo

544 4907 752 4976 pedato
789 4923 901 4961 non
937 4907 1133 4974 pidato
1172 4906 1468 4962 dicendum
1503 4906 1640 4962 BC':
1681 4909 1751 4975 cf.
1791 4907 2007 4964 Charis.
2040 4925 2102 4978 p.
2140 4913 2272 4978 215,
2308 4915 2387 4966 20
2424 4909 2573 4965 Non.
2603 4926 2665 4977 p.
2705 4913 2795 4976 64,
2831 4913 2905 4965 17
