3613 5528
1350 450 1446 504 DE
1488 449 2064 506 ORTHOGRAPHIA
2931 451 3011 514 19

403 561 451 598 p.
482 550 598 591 8255.
627 550 676 591 sc
704 548 754 590 1².

671 629 898 696 ‘mille
945 630 1352 713 hominum',
1403 631 1569 696 ‘duo
1617 631 1915 697 meilia’:
1972 639 2141 697 item
2198 636 2398 697 hisce
2448 646 2756 716 utroque
2801 654 3008 715 opus,

2276 738 2589 825 ε1111111115,

672 844 1099 910 meilitiam'.
1192 857 1444 910 tenues
1491 851 1543 930 i,
1588 844 1890 929 ‘pilam’‚
1941 866 2074 927 qua
2122 848 2459 911 ludimus:
2509 845 2813 932 ‘pilum’,

674 974 808 1037 quo
853 959 1136 1036 pisunt,
1182 963 1467 1036 tenues;
1515 958 1574 1016 si
1619 955 1825 1035 plura
1871 956 2045 1017 haec
2094 956 2388 1038 feceriS,
2434 957 2601 1037 pila:

341 1070 369 1109 ⁵
675 1081 850 1142 quae
898 1064 1227 1142 iacimuS‚
1275 1061 1491 1123 addes
1538 1082 1597 1144 e,
1642 1064 1864 1145 peila‚
1912 1072 1988 1124 ut
2032 1062 2320 1142 plenius
2367 1065 2514 1125 siat.

399 1188 583 1248 quam
630 1172 1086 1231 inconstantiam
1125 1166 1309 1227 Varro
1357 1186 1615 1247 arguens
1662 1170 1723 1229 in
1771 1170 2028 1230 eundem
2077 1187 2343 1230 errorem
2381 1170 2612 1231 diversa
2659 1172 2748 1231 via
2796 1168 3012 1231 delabi-

400 1288 524 1357 tur,
571 1276 772 1337 dicens
820 1278 880 1336 in
920 1273 1136 1354 plurali
1184 1274 1423 1353 quidem
1471 1293 1719 1336 numero
1769 1275 1988 1337 debere
2029 1278 2259 1338 litterae
2299 1280 2398 1337 i·e
2443 1279 2747 1358 praeponi,
2794 1279 2852 1337 in
2892 1278 3010 1336 sin-

395 1383 596 1462 gulari
651 1402 787 1443 vero
846 1384 1116 1462 minime,
1172 1399 1307 1441 cum
1367 1380 1584 1460 alioqui
1631 1385 1651 1441 i
1698 1401 1816 1443 non
1875 1383 2030 1444 aliud
2080 1387 2141 1444 in
2198 1383 2482 1462 singulari
2536 1402 2713 1463 quam
2769 1387 2831 1443 in
2882 1387 3014 1459 plu-

396 1493 554 1563 rali,
610 1508 803 1565 neque
861 1491 1037 1548 aliud
1079 1490 1139 1546 in
1187 1491 1388 1547 medin
1444 1506 1619 1567 quam
1666 1492 1727 1552 in
1775 1496 2038 1551 extrema
2086 1489 2304 1571 syllaba
2350 1498 2545 1570 sonet,
2601 1499 2669 1550 ut
2714 1492 2774 1549 in
2823 1486 3018 1549 verbis

316 1603 371 1642 ¹0
402 1598 787 1657 manifestum
836 1603 944 1656 est.
1037 1594 1289 1654 dicimus
1336 1598 1495 1655 enim
1545 1591 1744 1658 ‘mitto
1793 1599 1926 1656 misi
1976 1592 2293 1678 misimus'‚
2350 1600 2465 1657 nisi
2522 1596 2691 1657 aliam
2745 1596 2842 1656 hic
2892 1593 3019 1656 vult

395 1721 539 1763 esse
594 1704 883 1763 rationem
944 1700 1131 1780 [quod
1189 1700 1511 1763 absurdum
1569 1702 1718 1785 est]‚
1775 1712 1869 1783 ut,
1925 1722 2062 1764 cum
2119 1703 2297 1764 verba
2354 1722 2591 1783 quoque
2648 1722 2718 1763 ex
2779 1700 3014 1782 syllabis

399 1817 711 1884 constent,
757 1828 831 1868 ex
877 1808 1107 1868 diversa
1149 1806 1158 1885 Ι
1200 1808 1401 1887 regula
1451 1811 1842 1889 corrigantur.
2233 1877 2254 1894 ·

584 1894 866 1975 Similiter
910 1926 1161 1994 peccant
1206 1924 1267 1976 et
1305 1918 1405 1995 qui
1446 1935 1565 1976 nux
1603 1925 1663 1977 et
1711 1926 1848 1977 trux
1896 1924 1955 1977 et
2003 1918 2166 1978 ferox
2215 1920 2275 1978 in
2326 1919 2702 1978 novissimam
2750 1914 3006 1975 litteram

388 2042 423 2082 s
473 2022 759 2102 dirigunt,
804 2040 941 2082 cum
987 2021 1208 2101 alioqui
1254 2022 1470 2102 duplex
1517 2023 1790 2103 sufficiat,
1838 2040 1988 2102 quae
2038 2026 2098 2083 in
2145 2042 2208 2083 se
2258 2032 2317 2084 et
2364 2042 2392 2083 s
2438 2022 2630 2083 habet.
2712 2024 2854 2082 item
2902 2022 3005 2099 qui

306 2136 361 2174 ¹⁵
396 2127 811 2208 reprehensus
857 2145 995 2188 cum
1033 2131 1391 2207 aspiratione
1439 2128 1727 2210 scribunt,
1774 2147 1910 2190 cum
1949 2148 2090 2190 *eam
2138 2131 2329 2209 prima
2366 2132 2581 2209 positio
2628 2146 2747 2189 non
2785 2126 3016 2207 habeat,

392 2244 458 2295 et
511 2232 786 2294 similiter
848 2234 1199 2317 vehemenS,
1260 2254 1395 2297 cum
1457 2254 1488 2294 a
1550 2237 1606 2295 vi
1668 2238 1884 2296 mentis
1944 2236 2190 2298 dicatur.
2284 2254 2457 2316 quarn
2519 2236 2755 2315 quidam
2810 2239 3022 2313 putant

585 2430 615 2479 7
655 2424 712 2477 in
748 2423 954 2492 plurali
991 2424 1216 2493 quidem
1255 2441 1485 2480 numero
1514 2441 1576 2493 p.
1615 2430 1712 2491 32,
1748 2429 1823 2479 21

550 2599 577 2645 1
618 2593 773 2647 mille
808 2593 1102 2647 hominum
1141 2595 1250 2648 duo
1287 2594 1446 2648 milia
1485 2594 1591 2647 Ρω
1629 2593 1784 2648 mille
1822 2594 2128 2649 hominum.
2166 2582 2234 2651 Π.
2272 2595 2327 2648 Β
2365 2593 2532 2649 meile
2581 2594 2871 2649 hominum
2909 2593 3018 2649 duo

388 2674 597 2729 meilia
640 2674 835 2727 Dousa
879 2672 1064 2727 Lucil.
1111 2678 1211 2728 sat.
1262 2675 1353 2728 rel.
1398 2692 1455 2744 p.
1494 2680 1565 2729 44
1606 2675 1695 2730 ‘ex
1739 2676 2080 2729 restitutione
2126 2675 2449 2744 Scaliyevi',
2493 2674 2682 2729 meille
2728 2673 3019 2728 hominum

390 2755 511 2808 duo
564 2751 779 2806 meillia
821 2751 1217 2807 Lachmannus
1262 2753 1443 2811 Lucil.
1490 2760 1664 2810 satur.
1706 2773 1766 2823 p.
1815 2760 1908 2810 36.
1977 2757 2187 2810 retinui
2231 2755 2414 2810 mille:
2473 2772 2605 2808 nam
2648 2755 2746 2808 hoc
2789 2754 3023 2808 voluisse

390 2836 619 2888 videtu-r
653 2833 929 2898 Lucilium,
978 2832 1133 2886 mille
1181 2836 1457 2902 yeminata
1501 2836 1524 2888 1
1568 2837 1757 2890 littera
1792 2853 1898 2904 per
1946 2835 1990 2903 i,
2039 2842 2234 2890 contra
2268 2836 2459 2891 meilia
2496 2836 2688 2892 meiles
2724 2835 3022 2890 meilitiam

384 2931 496 2982 per
535 2914 587 2967 ei
624 2914 910 2968 scribenda
947 2929 1058 2967 esse
1270 2914 1449 2985 hisce]
1497 2916 1640 2969 huce
1685 2915 1863 2969 ΒΡω
1913 2916 2041 2970 huic
2088 2915 2352 2985 Scaliger,
2399 2915 2558 2970 heice
2608 2916 2673 2969 L.
2717 2914 3022 2968 Muellerus

392 2996 583 3051 Lucil.
620 3000 725 3050 sat.
761 2993 855 3048 rel.
886 3009 944 3061 p.
986 2998 1061 3046 46
1260 3000 1291 3047 2
1341 2994 1534 3049 meiles
1580 2994 1878 3049 meilitiam
1918 2995 2181 3064 Scaliyer‚
2218 2995 2374 3049 mille
2411 2995 2669 3050 militiam
2707 2994 2817 3048 Βω
2864 2993 3022 3056 mille

396 3075 676 3130 miliciam
721 3074 777 3127 P
985 3080 1018 3126 3
1069 3073 1265 3129 tenues
1308 3075 1331 3128 i
1376 3075 1551 3145 pilam
1599 3091 1710 3143 qua
1757 3072 1989 3128 ludimu'
2029 3074 2291 3143 Scaliger,
2338 3076 2534 3128 tenues
2572 3076 2593 3130 i
2638 3076 2830 3144 (tenue
2868 3073 2917 3128 si
2954 3076 3020 3141 ω)

393 3156 579 3226 pilam
617 3154 677 3209 in
712 3170 825 3224 qua
859 3154 1096 3208 lusimus
1134 3154 1339 3224 ΒΡω,
1384 3158 1609 3209 tenuest
1652 3156 1673 3209 i
1718 3153 1859 3225 pilai
1897 3170 2009 3223 qua
2055 3153 2300 3208 ludimus
2344 3154 2650 3210 Muellerus
2840 3155 3020 3225 pilum

829 3247 856 3274 Ο

394 3307 511 3359 quo
549 3288 678 3359 ipso
715 3288 854 3357 (ipae
882 3287 961 3356 B)
1000 3289 1196 3342 tenues
1233 3288 1280 3342 si
1316 3289 1480 3358 plura
1517 3290 1656 3343 haec
1690 3287 1889 3342 feceris
1927 3286 2046 3356 pila
2070 3286 2250 3340 BPco
2288 3287 2465 3357 pilum
2495 3305 2606 3358 quo
2635 3288 2797 3356 pinso
2825 3289 3020 3342 tennes

395 3372 444 3426 i:
492 3371 660 3441 plura
701 3368 841 3421 haee
884 3364 1074 3420 feceri'
1120 3366 1272 3436 peila
1318 3367 1586 3438 Scaliyer‚
1635 3368 1835 3437 pilam,
1881 3383 1994 3434 qua
2039 3367 2251 3435 pisunt,
2298 3369 2518 3422 tenues:
2579 3369 2627 3423 si
2675 3367 2838 3437 plura
2882 3368 3022 3420 haec

396 3449 591 3504 feceri'
632 3447 751 3518 pila
782 3446 1089 3500 Muellerus
1125 3463 1191 3500 ex
1230 3445 1383 3500 Velio
1410 3447 1602 3516 Lonyo
1631 3464 1691 3515 p.
1722 3452 1882 3501 2221
1924 3446 2096 3514 pilam
2134 3463 2246 3514 qua
2281 3447 2470 3516 pisunt
2505 3465 2605 3517 per
2639 3448 2662 3500 i
2781 3454 2812 3501 5
2849 3446 3022 3502 addes

396 3550 427 3586 e
466 3531 653 3601 pena,
691 3530 755 3582 ut
803 3524 1012 3596 pleniu'
1051 3525 1151 3578 fiat
1187 3526 1448 3595 Scaliyer,
1486 3526 1627 3582 adise·
1663 3526 1816 3594 pella
1852 3528 1918 3580 ut
1951 3525 2150 3594 plenus
2189 3526 2288 3580 fiat
2322 3526 2378 3579 B
2414 3526 2558 3582 adde
2596 3545 2653 3582 se
2691 3525 2919 3595 (addere
2957 3529 3021 3592 ω)

396 3663 556 3734 pella
593 3663 660 3716 ut
694 3659 911 3730 plenius
947 3659 1051 3713 fiat
1090 3659 1196 3712 Ρω
1377 3666 1409 3715 6
1446 3659 1714 3715 dilabitur
1748 3658 1804 3711 B
1982 3664 2011 3711 7
2051 3658 2276 3713 litterae
2314 3659 2335 3714 i
2372 3660 2642 3730 praeponi
2683 3660 2795 3713 Ρω
2832 3608 3023 3730 litterie

394 3742 679 3814 praeponi
714 3740 786 3809 Β,
822 3739 843 3793 1
879 3739 1103 3793 litterae
1141 3756 1171 3793 e
1207 3739 1477 3809 praeponi
1524 3738 1930 3793 Wilmannsius
1965 3739 2030 3791 de
2080 3738 2239 3793 Varr.
2279 3740 2403 3795 libr.
2441 3757 2666 3810 yramm.
2713 3756 2774 3808 p.
2812 3743 2922 3794 175
2958 3754 3026 3793 ex

395 3875 719 3930 coniectura
757 3873 977 3927 Useneri
1165 3877 1197 3925 8
1237 3889 1363 3926 cum
1402 3871 1614 3941 alioqui
1653 3821 2026 3927 non‘kaliunde
2062 3871 2120 3926 in
2158 3871 2433 3941 singulari
2472 3857 2643 3941 quam
2679 3872 2738 3926 in
2777 3875 3025 3926 extrema

395 3955 625 4024 syllaba
669 3954 833 4007 sonat
874 3952 940 4003 ut
975 3950 1031 4003 B
1079 3968 1205 4005 cum
1252 3951 1464 4019 alioqui
1511 3954 1569 4006 et
1611 3951 1672 4005 in
1718 3949 1990 4018 singulari
2037 3969 2148 4007 non
2196 3952 2422 4006 aliunde
2471 3970 2642 4022 quam
2679 3952 2737 4006 in
2776 3958 3024 4009 extrema

394 4035 630 4105 syllaba
673 4036 838 4088 sonat
878 4031 944 4083 ut
993 4030 1097 4084 Ρω
1150 4047 1275 4084 cum
1322 4031 1536 4099 alioqui
1582 4034 1641 4085 et
1685 4048 1798 4085 non
1844 4029 2000 4083 aliud
2053 4031 2114 4085 in
2160 4032 2430 4102 singulari
2478 4049 2647 4100 quam
2703 4034 2762 4086 in
2819 4033 3026 4102 plurali

394 4115 661 4168 extrema
698 4113 915 4181 syllaba
950 4111 1110 4166 sonet
1143 4112 1203 4164 et
1237 4127 1272 4164 *
1309 4113 1375 4164 nt
1420 4111 1827 4165 Wilmannsius
1973 4117 2039 4164 10
2077 4111 2243 4166 mitto
2280 4111 2405 4164 misi
2436 4111 2687 4165 misimus
2717 4112 3025 4166 lViImann-

392 4194 535 4261 sius,
575 4192 744 4246 mitto
783 4192 1065 4247 emisimus
1100 4190 1275 4243 ΒΡω
1405 4190 1578 4244 aliam
1615 4206 1713 4246 om.
1758 4190 1894 4258 Ρω,
1934 4192 2061 4245 add.
2100 4190 2155 4243 Β
2311 4197 2371 4242 11
2414 4190 2563 4257 quod
2601 4193 2688 4246 est
2723 4193 3026 4247 absurdum

398 4273 542 4339 Ρω,
580 4273 802 4326 seclusit
848 4273 1253 4328 Wilmannsius
1394 4273 1460 4325 ut
1496 4270 1649 4340 cum]
1686 4269 1892 4324 uitium
1932 4270 1988 4323 P
2131 4275 2197 4322 12
2236 4271 2494 4324 constent
2533 4270 2638 4323 Ρω
2678 4275 2935 4326 constant
2970 4274 3026 4324 B

512 4369 582 4405 ex
622 4351 865 4421 diversa]
907 4356 965 4407 et
1001 4354 1224 4407 diuersa
1260 4351 1462 4417 ΒΡω,
1500 4353 1560 4406 at
1597 4350 1822 4405 diuersa
1863 4351 1934 4404 W
1933 4351 2265 4405 ilmannsius
2413 4356 2475 4403 13
2513 4367 2648 4404 nucs
2686 4356 2745 4405 et
2781 4354 2930 4406 truce
2969 4355 3029 4406 et

393 4433 587 4488 feroce
626 4451 670 4484 ω
799 4438 866 4485 14
902 4451 929 4487 s
958 4449 1056 4488 o-m.
1086 4432 1263 4485 ΒΡω
1397 4430 1609 4500 alioqui
1645 4431 1851 4500 duplex
1889 4429 2132 4484 sufficiat
2162 4430 2267 4482 Ρω
2311 4428 2486 4497 aliqui
2522 4429 2689 4498 duple
2726 4429 2944 4485 sufficia
2971 4431 3026 4484 Β

512 4511 574 4565 111
614 4527 675 4565 se
714 4528 744 4565 c
782 4514 839 4566 et
875 4530 900 4566 s
937 4513 1112 4567 habet
1146 4531 1189 4564 ω
1405 4518 1468 4564 15
1506 4510 1875 4580 reprehensus
1925 4510 2108 4565 Velius
2144 4509 2373 4579 Lonyias
2402 4527 2462 4577 p.
2502 4513 2684 4578 2234,
2721 4511 3026 4578 prehensus

390 4592 584 4646 ΒΡω
802 4592 1032 4665 positio]
1078 4609 1319 4661 persona
1353 4590 1556 4645 BPm:
1605 4591 1673 4656 cf.
1726 4589 1838 4646 Vel.
1879 4590 2053 4661 Lony.
2094 4609 2153 4660 p.
2193 4597 2355 4646 2229
2393 4588 2681 4659 reprendit
2719 4589 3026 4644 secundum

390 4671 655 4742 primam
692 4670 1053 4739 positionem:
1090 4673 1302 4742 prendo
1341 4672 1488 4726 enim
1526 4673 1788 4738 dicimus,
1827 4688 1938 4726 non
1975 4669 2260 4740 prehendo
2427 4676 2494 4722 16
2531 4683 2793 4722 neemens
2828 4669 2884 4722 B

389 4768 579 4822 quam
626 4749 858 4817 quidam
901 4754 1105 4821 putant
1154 4751 1557 4820 adiiciendam,
1604 4750 1868 4819 quoniam
1913 4753 2022 4807 hoc
2066 4767 2176 4804 non
2223 4748 2381 4803 aliud
2425 4749 2630 4819 putant
2673 4765 2796 4804 esse
2851 4767 3021 4818 quam

388 4831 579 4886 altius
616 4829 776 4898 vehi,
815 4847 941 4884 cum
977 4832 1081 4887 hoc
1118 4832 1354 4885 verbum
1391 4829 1509 4886 sine
1546 4830 1901 4885 dubitatione
1940 4830 2222 4900 aspiretur
2257 4828 2618 4882 Schneiderus
2662 4845 2888 4898 yramm.
2928 4831 3025 4885 lat.

386 4930 443 4967 τ.
484 4911 531 4963 Ι
556 4927 620 4980 p.
645 4914 774 4978 188,
813 4927 983 4978 quam
1020 4912 1248 4981 qnidam
1287 4914 1489 4982 putant
1524 4911 1908 4978 adiciendam,
1948 4910 2212 4980 quoniam
2250 4908 2307 4962 id
2341 4924 2450 4961 non
2480 4907 2633 4962 aliud
2668 4908 2874 4978 putant
2909 4925 3027 4963 esse

2531 4997 2603 5051 2*
