3613 5528
1098 448 1505 506 LECTIONES
1545 446 1826 505 comols
1864 445 2361 503 NEAPOLITANI
2903 446 3033 512 673

574 635 695 697 294,
734 636 766 685 2
812 629 873 685 in
920 634 1048 684 ante
1091 628 1276 701 prima
1309 643 1408 684 om.
1447 628 1527 696 N,
1582 628 1711 684 add.
1747 645 1789 683 n
1948 625 2189 697 primam
2224 628 2446 698 partem
2483 642 2619 685 corr.
2656 626 2840 714 prima
2874 627 3037 698 parte

504 724 536 774 3
572 716 965 788 ithypallicom
1005 717 1073 773 N
1099 717 1528 788 ithyphallicom
1568 736 1609 774 n
1751 723 1786 773 4
1823 716 2003 773 Nevio
2149 723 2179 771 7
2217 716 2433 772 metriis
2580 722 2643 772 19
2682 717 2966 773 arcelocus

432 796 496 845 21
555 805 772 844 armore
953 796 1021 845 22
1076 792 1307 862 fortasse
1361 790 1663 845 iambicam
1721 791 1780 845 et
1832 789 2180 858 sequentem,
2237 806 2564 859 quamquam
2619 792 2678 844 et
2730 806 2844 842 non
2898 794 3039 844 certo

434 863 703 946 apparuit
845 868 915 917 23
953 862 1332 918 occassionem
1477 867 1547 917 25
1585 861 1676 917 vel
1714 866 1984 932 quattuor
2019 877 2119 916 om.
2276 866 2345 916 26
2383 861 2593 916 habeat
2744 867 2811 916 27
2853 859 3038 915 dicola

431 949 548 989 uve
573 949 694 1064 2035.
733 1011 767 1059 2
805 1021 874 1060 ex
908 1003 998 1060 his
1034 1004 1212 1061 tribus
1250 1022 1350 1060 om.
1495 1021 1531 1061 a
1567 1009 1693 1061 ante
1729 1003 1928 1058 dextra
1961 1019 2060 1059 om.
2099 1003 2178 1069 N,
2216 1004 2343 1059 add.
2371 1020 2413 1058 n
2554 1008 2589 1056 4
2625 1003 2720 1058 καὶ
2758 1002 2854 1076 τῇ]
2893 1022 3038 1057 κατα

504 1080 537 1131 5
579 1072 820 1149 ἐπῇδον]
860 1096 969 1147 sm]
1135 1082 1166 1132 7
1202 1077 1262 1131 in
1307 1077 1502 1148 epodis
1550 1074 1868 1147 legitimum
1906 1091 2041 1131 οων.
2081 1074 2398 1146 legitimum
2441 1075 2504 1130 in
2540 1074 2738 1145 epodis
2900 1080 2933 1129 9
2971 1090 3040 1128 ex

432 1147 596 1203 rebus
626 1149 712 1203 his
739 1153 958 1204 constet
1094 1154 1161 1203 10
1197 1147 1496 1221 periodon]
1534 1148 1787 1219 proedon
1926 1152 1991 1201 12
2028 1146 2258 1215 aliquod
2397 1152 2461 1201 13
2498 1145 2712 1202 hisdem
2857 1150 2927 1201 20
2955 1146 3041 1201 usi

441 1219 645 1275 Aloeus
790 1226 857 1276 21
895 1236 1000 1274 usa
1037 1223 1124 1275 est
1158 1219 1217 1275 in
1254 1219 1397 1276 libro
1541 1220 1631 1274 vel
1667 1222 1855 1274 ternos
1892 1219 1981 1273 vel
2018 1222 2317 1288 quaternos
2352 1233 2452 1274 om.

575 1298 698 1357 296,
737 1298 768 1347 7
805 1291 1031 1363 regibus
1069 1292 1126 1360 ο]
1165 1292 1365 1358 regino
1520 1297 1552 1345 9
1592 1291 1814 1347 constet
1965 1295 2030 1344 11
2072 1289 2383 1346 adfectavit
2545 1295 2611 1345 16
2655 1289 2894 1361 pedibus
2939 1305 3039 1345 om.

510 1369 573 1418 17
614 1363 689 1418 sit
723 1380 826 1420 om.
972 1369 1038 1418 19
1077 1364 1340 1431 συζυγίας
1482 1368 1551 1417 24
1587 1362 1806 1434 natum]
1845 1363 2066 1416 tantum
2210 1360 2422 1418 adicias

578 1492 700 1554 297,
741 1494 772 1542 2
807 1486 1055 1542 iambica
1098 1486 1273 1542 habet
1317 1486 1596 1543 dimetron
1766 1492 1800 1541 3
1856 1486 2203 1556 ingredimur
2375 1493 2442 1542 10
2497 1476 2540 1540 ὦ
2591 1481 2737 1553 ἄναξ
2785 1450 3043 1541 &nullior

432 1560 652 1625 τιμετία
709 1556 955 1630 munionis
1008 1565 1169 1624 (corr.
1209 1590 1275 1600 —
1324 1561 1461 1626 λοις)
1645 1563 1710 1613 15
1749 1558 1872 1628 des]
1911 1558 2070 1613 vides
2221 1558 2281 1614 vi
2317 1574 2417 1613 om.
2574 1565 2640 1614 17
2685 1557 2823 1613 facis
2974 1564 3038 1613 21

437 1628 798 1699 Vergilianas
943 1635 1011 1685 28
1047 1629 1404 1685 ferecratium
1549 1635 1615 1685 30
1654 1649 1712 1684 τε
1752 1649 1999 1700 nazowe
2143 1649 2450 1700 μενεχαρμι

582 1708 703 1770 298,
743 1708 776 1756 2
812 1704 1134 1772 γουνοῦμαί
1166 1697 1221 1756 e’
1263 1697 1578 1790 ελαφηρόλε
1617 1720 1659 1756 n
1693 1718 1941 1771 yovvovc
2058 1720 2112 1756 ισ
2148 1704 2432 1774 εαφτ,βοίε
2470 1702 2539 1757 Ν
2674 1709 2707 1758 3
2744 1702 2949 1757 Alceus

435 1772 673 1829 Alc-mon
818 1779 852 1829 8
889 1773 1044 1829 facta
1081 1768 1389 1844 ὄυκετομος
1427 1777 1612 1828 anone
1650 1777 1908 1828 απολλων
1994 1772 2222 1828 ifferunt
2265 1775 2470 1829 lacuna
2513 1774 2684 1829 unius
2728 1779 2779 1828 et
2822 1774 3046 1829 dimidii

438 1861 625 1900 versus
657 1851 782 1914 post
820 1849 1077 1901 απολλων
1102 1846 1296 1901 relicta
1445 1852 1507 1899 11
1538 1845 1771 1899 Flaccus
1800 1846 1858 1899 in
1887 1844 2144 1900 omnibus
2293 1850 2358 1899 14
2395 1840 2475 1900 ὥσ
2513 1839 2701 1914 ἔφατ’,
2741 1840 3046 1915 §exciperes-

439 1916 541 1971 τοῦ
581 1911 641 1970 δ’
683 1913 845 1972 ἔκλυε
887 1916 1200 1984 vergiliana
1234 1917 1390 1972 solve
1427 1923 1611 1971 metus
1647 1916 1764 1972 fere
1801 1916 1943 1971 haec
1980 1916 2226 1987 aliquem
2271 1915 2379 1971 tibi
2415 1933 2647 1986 quorum
2688 1917 2851 1972 alteri
2888 1916 3048 1972 deest

439 1989 641 2114 αέἕιῐέἓς
678 1982 939 2115 ἆπῖόλλοὲν
978 1988 1143 2114 tilieti
1182 1989 1333 2114 saurus.
1360 1986 1680 2115 salutgzij}
1697 2007 2308 2115 &⁶⁸m“{⁰{g⁶²⁰1⁵(s⁸.vz
2334 2007 2435 2042 του
2473 1988 3045 2114 δηιέυεννθτςίῐὲαυῖε

432 2132 626 2187 relicta
645 2077 739 2187 123
766 2077 981 2187 ιιὶιεάάξῖεἳ
1008 2076 1472 2198 ηοῗαθοᾱεῐέἑιίῗὲω
1536 2078 1629 2187 ι116
1667 2077 1901 2186 sidrici-‚tex
1922 2078 1965 2185 ἓ
2000 2077 2272 2187 αἙίεοέι-ἰε
2309 2130 2378 2185 N
2483 2077 2868 2187 &chillo‘ffhogo
2917 2077 2974 2114 er
3011 2077 3047 2114 a

437 2208 502 2257 17
542 2202 700 2258 heroi
737 2204 836 2274 sic]
883 2202 1098 2258 heroici
1258 2208 1323 2258 19
1371 2197 1694 2274 &valbones
1748 2199 1938 2265 ἄλλοις
1992 2197 2254 2258 ἀπόλλων
2309 2222 2449 2273 χροα
2504 2204 2706 2277 (pacfice
2760 2197 3046 2258 ἄπόλλωνε

438 2280 692 2329 accentus
728 2277 948 2330 addidit
982 2292 1024 2329 n

577 2351 698 2413 299,
739 2353 765 2401 1
803 2352 927 2416 post
962 2343 1097 2402 talis
1133 2347 1336 2402 lacuna
1372 2347 1542 2401 unius
1574 2361 1761 2402 versus
1794 2346 1986 2401 relicta
2021 2351 2100 2401 est
2233 2344 2546 2402 esci-onium
2687 2352 2753 2400 10
2790 2344 3046 2415 expletur

436 2415 516 2471 sic
666 2423 729 2473 14
766 2418 1135 2474 Archilochus
1173 2413 1349 2489 ὄλμον
1386 2437 1566 2472 κακον
1601 2418 1660 2473 in
1697 2417 2037 2473 Archilocho
2075 2419 2280 2474 lacuna
2307 2424 2436 2487 post
2471 2437 2652 2473 κακον
2685 2418 2879 2473 relicta

440 2509 505 2561 18
542 2505 592 2560 V
619 2508 719 2562 hoc
754 2508 869 2563 loco
915 2524 1015 2564 om.
1143 2513 1210 2561 21
1249 2524 1468 2563 comam
1503 2506 1556 2560 V
1682 2513 1750 2562 22
1779 2506 2008 2562 tertium
2038 2505 2460 2565 anacreontium
2489 2508 2718 2577 quartus
2755 2506 3047 2578 glyconius

511 2583 579 2632 23
619 2579 998 2646 pherecratius
1035 2594 1135 2636 om,
2999 2615 3004 2621 ·

581 2655 701 2716 300,
748 2660 767 2705 1
811 2669 1189 2721 γουνουμαισε
1238 2651 1441 2705 lacuna
1477 2654 1606 2720 post
1652 2668 1710 2705 σε
1749 2651 1961 2717 relicta,
2007 2652 2133 2705 item
2178 2656 2251 2707 10
2398 2657 2462 2705 12
2501 2650 2831 2721 Mitylenem
2979 2656 3045 2706 15

439 2720 585 2776 sicut
620 2720 883 2793 Epheson
1043 2727 1109 2777 21
1150 2725 1390 2778 metrum
1431 2724 1517 2778 est
1676 2727 1745 2776 22
1784 2722 2081 2792 quominus
2118 2723 2401 2793 integrum
2447 2722 2888 2779 choriambicum
2927 2737 3049 2779 esse

440 2790 702 2848 videatur
835 2801 903 2849 23
935 2794 1245 2850 adfectavit
1376 2800 1447 2849 24
1475 2794 1649 2850 Alceo
1784 2800 1852 2850 26
1883 2794 2118 2850 Alceum
2252 2802 2321 2851 28
2349 2795 2645 2851 Horatium
2675 2796 2782 2851 hoc
2808 2797 3050 2867 apparet

511 2870 582 2919 30
619 2883 686 2919 ex
725 2882 794 2921 oc
829 2866 1356 2937 hendecasyllabam
1393 2866 1723 2936 sapphicum
1762 2867 1844 2921 sic
1881 2866 2054 2922 facies

579 2959 702 3022 301,
740 2960 772 3008 2
811 2955 1053 3011 secundo
1089 2973 1131 3010 n
1167 2955 1411 3011 secunda
1448 2954 1517 3009 N
1651 2960 1682 3010 6
1722 2951 1931 3024 σαπφῶ
1987 2954 2294 3024 παρθένων
2338 2951 2664 3025 ἂδυφοὸνων
2809 2962 2841 3010 9
2881 2974 3045 3010 aom-

437 3027 941 3097 δαριψεσποταμου
978 3031 1233 3097 κλλιροου
1260 3046 1498 3097 teuzone
1524 3026 1591 3081 N
1621 3020 1836 3081 ἀσπίδα
1874 3022 1999 3098 ‘um’
2043 3023 2364 3098 ἑσποταμοῦ
2402 3023 2694 3097 κλλιρρόου
2732 3022 2979 3097 προχοὰς
3005 3044 3047 3081 π

513 3138 575 3187 11
607 3111 1046 3203 δεστενὲναβραι
1082 3152 1306 3204 lapsus
1339 3137 1665 3203 καλλικομοι
1703 3153 1762 3189 τε
1802 3151 2006 3204 ponem
2151 3140 2218 3190 16
2253 3133 2499 3190 iucunda
2643 3141 2709 3190 17
2746 3132 3049 3190 iambicom

511 3210 581 3259 27
618 3204 913 3261 trimetron
947 3206 1408 3275 ypercatalecton
1444 3203 1619 3260 silvae

580 3299 702 3362 302,
740 3300 772 3349 2
810 3295 1189 3365 pentimimeri
1333 3300 1366 3349 3
1404 3294 1715 3367 quibusque
1860 3302 1894 3352 6
1931 3296 2023 3352 hic
2061 3294 2520 3366 endecasyllabus
2559 3295 2626 3350 N
2654 3293 3048 3364 hexadecasyl·

438 3365 602 3422 labus
637 3384 696 3433 w,
733 3369 826 3421 sed
862 3367 924 3422 id
960 3384 1169 3438 quoque
1203 3367 1344 3422 idem
1381 3372 1648 3422 corrector
1682 3368 1877 3423 delevit
1913 3373 1963 3423 et
1998 3369 2293 3438 adscripsit
2333 3367 2575 3422 ‘cautius
2611 3365 3045 3422 emendandum’

511 3443 544 3493 8
583 3437 882 3493 dimetrom
1038 3444 1103 3493 11
1146 3438 1347 3493 Aloeus
1504 3444 1568 3492 12
1606 3434 1861 3510 νύμφαις
1899 3457 2056 3494 αιοσε
2095 3441 2355 3510 ξαιτιοχω
2395 3440 2543 3506 φασί
2575 3437 2917 3509 τετυγμένας

444 3515 506 3564 13
546 3512 809 3564 secuntur
955 3514 1020 3564 15
1058 3527 1256 3565 aurum
1404 3515 1466 3564 17
1506 3509 1709 3565 Alceus
1857 3516 1923 3565 18
1961 3511 2238 3581 integram
2385 3515 2451 3566 19
2478 3527 2676 3566 aurum
2820 3515 2891 3565 20
2919 3510 3049 3564 cho-

437 3579 745 3637 riambicon
890 3581 1206 3637 catalecton
1353 3585 1421 3635 32
1460 3599 1558 3634 vsv
1597 3580 1660 3636 δέ
1700 3601 1794 3651 μοι
1824 3577 1998 3651 πόρος
2027 3577 2263 3653 ἔχόμνος
2290 3581 2567 3651 reliquam
2711 3588 2779 3636 23
2809 3596 3048 3652 seguens

511 3657 579 3707 25
616 3653 935 3708 trimetrom
1080 3659 1148 3709 27
1183 3653 1418 3707 lacunar

583 3730 705 3792 303,
742 3730 774 3779 2
813 3725 1123 3780 exanimari
1158 3742 1200 3779 a
1235 3739 1303 3780 ex
1342 3722 1593 3779 Aminari
1627 3724 1691 3779 N
1832 3730 1866 3780 4
1904 3741 2097 3780 omnes
2135 3725 2194 3780 hi
2228 3724 2399 3780 ionici
2552 3722 2869 3780 catalectici

439 3799 472 3849 8
510 3794 969 3864 pentemimerem
1127 3803 1190 3851 12
1236 3794 1450 3852 heroici
1606 3802 1672 3851 16
1710 3795 1864 3869 XVI]
1903 3796 2176 3852 sesdecim
2337 3801 2403 3851 19
2442 3801 2501 3852 et
2537 3797 2595 3851 in
2630 3795 2927 3851 intellectu
2964 3794 3032 3849 N
3033 3816 3051 3850 .·

438 3865 497 3920 in
542 3866 735 3921 deleuit
778 3884 818 3920 n
963 3874 1028 3922 23
1076 3872 1337 3923 secuntur
1481 3873 1550 3923 26
1595 3885 1923 3940 percussum
1968 3885 2105 3924 corr.
2152 3866 2468 3939 perculsum
2626 3874 2694 3923 32
2732 3865 3050 3923 bucolicum

583 3959 706 4025 304,
748 3962 775 4010 1
815 3955 1097 4012 contraxit
1130 3956 1191 4011 in
1227 3976 1399 4012 unum
1436 3960 1496 4013 et
1529 3956 1756 4024 imbres,
1794 3958 1887 4013 sed
1921 3958 2109 4013 deletis
2158 3956 2217 4011 in
2255 3974 2427 4011 unum
2579 3964 2610 4012 3
2647 3954 3050 4027 pentemimere

513 4050 544 4100 7
583 4043 818 4100 territur
863 4061 1000 4100 corr.
1048 4043 1250 4100 teritur
1395 4052 1458 4101 11
1500 4050 1663 4102 erunt
1703 4046 1840 4100 ARS
1878 4044 2102 4100 ATILII
2138 4044 2703 4100 FORTVNATIANI
2740 4044 2887 4100 Ex?

581 4122 704 4182 305,
743 4123 772 4171 1
814 4114 949 4171 ARS
991 4114 1223 4172 CAESII
1261 4116 1463 4173 BASSI
1501 4119 1599 4172 DE
1636 4116 1911 4172 METRIS
2071 4123 2103 4172 5
2142 4117 2387 4188 spondeo
2543 4115 2867 4171 choriambo

436 4187 757 4314 pyrrhichio
795 4188 884 4243 vel
922 4187 1110 4243 iambo
1269 4194 1298 4242 7
1338 4189 1679 4273 antipastica
1713 4188 1886 4259 podia
2048 4188 2146 4243 sed
2211 4190 2270 4242 et
2425 4192 2459 4242 8
2498 4187 2813 4257 antipastus
2852 4190 2940 4243 est
2975 4204 3044 4243 ex

480 4257 625 4315 revis
682 4262 846 4329 (corr.
902 4259 1001 4327 ·vi)
1148 4265 1216 4315 10
1271 4259 1378 4315 erit
1432 4261 1737 4317 disiambus
1903 4266 1968 4314 14
2025 4258 2142 4313 divi
2218 4261 2310 4313 tur
2358 4275 2495 4314 corr.
2544 4257 2815 4314 dividitur
2980 4265 3045 4314 15

438 4331 775 4402 anapesticis
923 4337 989 4386 19
1026 4330 1164 4386 satis
1202 4331 1310 4403 est]
1350 4332 1486 4387 satis
1521 4335 1608 4388 ter

584 4426 706 4490 306,
745 4426 778 4475 2
816 4421 1240 4493 amphibrachio
1403 4428 1438 4478 4
1484 4422 1763 4494 gliconion
1928 4427 1961 4478 5
2008 4419 2423 4476 choriambicon
2586 4425 2618 4474 6
2666 4419 2800 4475 diva
2847 4422 3048 4491 potens

435 4492 901 4634 ἴξζξέὴέιίἲξξίωω
945 4498 1021 4548 est
1181 4499 1247 4548 10
1294 4488 1436 4549 ἕκτοι
1485 4494 1583 4549 καὶ
1637 4492 2024 4564 denoesyllibon
2190 4498 2251 4545 11
2299 4491 2449 4546 vices
2504 4507 2643 4547 corr.
2691 4491 2813 4547 vice
2941 4576 2944 4587 Ι
2980 4498 3047 4546 14

582 4659 706 4721 307,
745 4660 772 4707 7
813 4653 1142 4709 chordacem
1287 4660 1320 4710 8
1363 4655 1618 4727 numero]
1659 4654 1725 4708 N
1866 4658 1931 4708 10
1968 4653 2236 4723 pignoma
2377 4650 2833 4721 brachisyllabon

441 4725 685 4780 eundem
719 4724 802 4797 in]
842 4741 970 4780 eum
1006 4726 1076 4781 de
1224 4732 1289 4781 12
1325 4726 1557 4797 ippiona
1702 4731 1767 4780 18
1805 4727 1871 4780 ut
1907 4726 1971 4779 ut
2005 4724 2232 4793 sanitas,
2268 4724 2362 4778 sed
2396 4723 2563 4779 deleto
2600 4725 2769 4779 altero
2807 4725 2871 4779 ut

440 4802 508 4851 20
549 4798 680 4851 sunt
714 4812 815 4852 om.
962 4796 1235 4852 sesdecim
1379 4804 1447 4852 22
1485 4796 1812 4869 dispondius

579 4873 701 4936 308,
741 4873 773 4923 8
812 4867 1126 4940 antipastus
1271 4875 1302 4924 6
1341 4867 1570 4938 syllabis
1597 4886 1697 4924 om.
1829 4866 2237 4938 clytemnestra
2363 4872 2393 4920 7
2433 4866 2497 4920 fit
2534 4881 2602 4921 ex
2638 4882 2708 4921 ex
2742 4867 2973 4924 trocheo

438 4946 471 4996 8
510 4939 813 4998 disiambus
961 4946 1026 4996 12
1062 4940 1235 5012 longa
1269 4944 1328 4997 et
1363 4940 1519 4995 brevi
1557 4939 1789 5013 syllabis
1938 4946 2002 4994 13
2039 4935 2100 4998 id
2137 4939 2224 4994 est
2260 4936 2418 4995 brevi
2562 4936 2795 5009 syllabis
2832 4954 2932 4996 om.
