3613 5528
655 428 790 493 444
1638 429 1992 488 Auvsutm
2028 431 2268 489 Msssn

660 613 1007 676 arbitrarer:
1064 614 1310 677 moleste
1366 615 1628 677 ferebam
1685 636 1871 678 unum
1927 619 2070 680 mihi
2125 620 2480 681 Arusianum
2537 617 2772 702 deesse,
2827 638 3003 699 quem
3061 628 3255 681 tamen

661 720 882 783 editum
948 723 1008 783 in
1077 721 1419 784 Stubeliano
1484 722 1658 785 Fabri
1723 724 2003 787 thesauro
2069 726 2498 788 inaudiveram:
2569 726 2748 807 idque
2820 727 3255 789 incommodum

658 827 996 891 Gualterius
1052 849 1084 890 a
1143 849 1234 891 me
1301 849 1420 892 non
1484 830 1596 892 levi
1662 850 1770 893 suo
1838 834 2209 895 incommodo
2274 828 2541 915 depulit?
2632 834 2917 897 lectiones
2974 845 3168 897 autem
3225 853 3256 894 a

658 936 973 999 Garatonio
1005 938 1297 1000 exhibitae
1327 957 1358 999 a
1389 940 1587 1018 priore
1618 939 1820 1001 codice
1851 941 2231 1021 Neapolitano
2261 942 2559 1003 interdum
2589 942 2829 1023 paulum
2862 942 3256 1004 dissentiunt.

657 1062 840 1123 quare
887 1046 938 1105 is
984 1063 1221 1125 quoque
1269 1045 1455 1107 altero
1511 1046 1740 1130 codice,
1806 1066 1981 1128 quem
2050 1048 2120 1109 ad
2177 1047 2406 1110 Heinsii
2468 1049 2867 1131 apographum
2934 1049 3256 1111 adhibitum

658 1169 788 1212 esse
836 1151 984 1233 dixi,
1030 1152 1263 1215 videtur
1308 1172 1456 1215 usus
1501 1173 1651 1216 esse.

834 1258 1040 1321 Restat
1087 1270 1152 1322 ut
1197 1259 1270 1322 de
1319 1263 1614 1342 excerptis
1661 1280 1812 1341 quae
1860 1262 1921 1322 iu
1960 1260 2128 1323 libris
2165 1280 2343 1324 manu
2382 1265 2621 1344 scriptis
2658 1267 2895 1326 nomine
2936 1263 3257 1325 Cornelii

659 1364 1044 1429 Frontonis
1089 1369 1375 1449 inscripta
1412 1377 1473 1429 et
1510 1368 1582 1430 ab
1619 1369 1886 1449 Angelo
1933 1370 2108 1431 Maio
2156 1372 2311 1432 edita
2361 1379 2500 1433 sunt
2546 1371 2775 1433 dicatur
2823 1419 2837 1433 .
2884 1371 3061 1434 huius
3100 1371 3256 1432 modi

659 1472 840 1535 libros
897 1477 1030 1536 novi
1083 1484 1206 1536 tres
1262 1480 1542 1538 extremis
1597 1479 1791 1558 quinti
1846 1477 2059 1540 decimi
2125 1478 2213 1540 vel
2278 1479 2486 1559 primis
2550 1481 2701 1541 sexti
2766 1479 2978 1540 decimi
3037 1478 3257 1540 saeculi

657 1583 827 1641 annis
874 1584 1156 1664 scriptoS,
1205 1601 1386 1645 unum
1416 1583 1760 1646 Vaticanum
1789 1582 1993 1667 3402,
2040 1588 2143 1665 qui
2181 1584 2318 1646 olim
2357 1585 2546 1646 Fulvii
2588 1584 2781 1647 Vrsini
2820 1587 2959 1667 fuit,
3006 1586 3258 1647 alterum

655 1690 797 1749 item
845 1686 1186 1751 Vaticanum
1235 1685 1427 1772 5216,
1475 1694 1717 1753 tertium
1764 1691 2217 1754 Ambrosianum
2266 1689 2454 1754 ⁰498
2504 1694 2623 1775 int,
2670 1695 2730 1754 in
2778 1693 2994 1774 quibus
3040 1693 3257 1754 codici-

658 1796 768 1857 bus
815 1795 910 1858 hic
957 1796 1107 1859 liber
1166 1800 1533 1879 praescripto
1600 1799 1769 1861 titulo
1825 1801 2094 1861 Cornelii
2148 1803 2469 1861 Frontonis
2525 1805 2801 1879 exempla
2857 1804 3257 1863 elocutionum

656 1914 792 1984 post
837 1903 984 1965 Velii
1028 1903 1215 1985 Longi
1262 1915 1322 1968 et
1366 1906 1694 1968 Adamantii
1738 1906 2003 1987 Martyrii
2048 1906 2260 1989 libros,
2318 1909 2420 1987 qui
2469 1909 2526 1967 in
2576 1907 2971 1988 Neapolitanis
3018 1926 3257 1988 quoque

662 2010 967 2074 codicibus
1013 2022 1150 2074 ante
1197 2012 1361 2076 illum
1417 2016 1624 2094 scripti
1680 2023 1850 2096 sunt,
1915 2013 2158 2095 legitur:
2222 2016 2295 2075 cf.
2352 2033 2594 2094 gramm.
2643 2014 2739 2076 lat.
2788 2035 2838 2077 v.
2885 2014 2958 2075 v1
3005 2034 3059 2095 p.
3107 2012 3257 2077 247.

660 2119 869 2180 iisdem
917 2118 1083 2181 libris
1131 2129 1191 2182 et
1236 2119 1468 2182 duobus
1515 2130 1752 2201 praeter
1806 2122 1916 2183 hos
1962 2121 2255 2183 Vaticanis
2300 2122 2489 2184 Maius
2546 2141 2691 2185 usus
2747 2131 2864 2204 est,
2920 2140 3055 2183 cum
3113 2121 3257 2182 haec

658 2239 936 2310 excerpta
982 2228 1192 2290 eodem
1240 2227 1436 2310 titulo,
1483 2247 1661 2308 quem
1706 2228 1882 2290 modo
1931 2248 2001 2290 ex
2048 2248 2224 2291 mann
2273 2232 2511 2310 scriptis
2558 2229 2726 2291 libris
2773 2228 3032 2312 exhibui,
3087 2248 3255 2310 prae-

658 2338 880 2415 scripto
928 2336 1133 2397 ederet
1171 2384 1183 2397 .
1220 2335 1294 2397 de
1341 2334 1647 2396 codicibus
1683 2343 1908 2418 autem,
1954 2354 2104 2416 quos
2143 2344 2554 2418 usurpaverat,
2599 2338 2660 2397 in
2700 2336 2959 2397 Romana
2997 2334 3255 2396 editione

541 2457 548 2466 ·
657 2444 803 2504 haec
857 2443 1179 2523 adnotavit,
1243 2437 1726 2503 ‘Grammaticum
1780 2443 2133 2522 opusculum
2190 2442 2455 2524 exempla
2510 2443 2911 2505 elocutionum
2972 2441 3257 2504 tribuitur

658 2550 930 2611 Cornelio
977 2549 1262 2611 Frontoni
1324 2551 1385 2610 in
1443 2551 1704 2630 quinque
1761 2549 2065 2612 codicibus
2111 2568 2145 2610 a
2192 2568 2285 2610 me
2340 2550 2696 2634 observatiS,
2757 2552 2817 2611 in
2885 2549 3254 2611 ambrosiano

659 2657 933 2719 videlicet
980 2676 1097 2719 uno
1146 2664 1207 2717 et
1252 2658 1313 2717 in
1360 2666 1616 2736 quatuor
1662 2657 1970 2738 vaticanis,
2018 2675 2270 2737 quorum
2318 2666 2515 2718 tamen
2561 2675 2716 2719 unus
2764 2659 3000 2718 nonnisi
3039 2657 3255 2718 selecta

657 2766 945 2846 quaedam
990 2763 1194 2840 habet,
1240 2783 1390 2844 quae
1440 2763 1511 2826 ab
1559 2764 1879 2846 exemplari
1923 2763 2122 2826 Basilii
2168 2763 2406 2826 Zanchii
2452 2783 2628 2828 manu
2676 2768 2898 2846 scripto
2945 2766 3255 2846 desumpta

562 2892 574 2905 ·
656 2868 967 2935 dicuntur'
1024 2921 1037 2934 .
1095 2872 1196 2933 sed
1263 2874 1326 2933 in
1389 2874 1462 2933 iis
1527 2891 1676 2952 quae
1735 2871 1923 2933 Maius
1988 2872 2199 2934 horum
2265 2873 2533 2935 codicum
2600 2876 2956 2954 scripturam
3012 2882 3254 2935 secutus

654 2980 840 3042 edidit
887 2999 1003 3042 non
1053 2980 1242 3043 solum
1300 2979 1564 3060 exempla
1621 2981 2009 3062 scriptorum,
2063 2998 2213 3058 quae
2261 2982 2677 3059 grammaticus
2723 2990 3031 3062 posuerat,
3077 2980 3253 3062 saepe

655 3088 1037 3168 neglegenter
1102 3090 1321 3168 scripta
1387 3095 1445 3148 et
1510 3089 1744 3148 omissis
1809 3086 2158 3167 quibusdam
2224 3087 2523 3150 vocabulis
2587 3087 2885 3149 interdum
2948 3087 3253 3149 decurtata

655 3195 744 3256 vel
808 3194 978 3275 plane
1034 3198 1277 3275 omissa,
1339 3211 1545 3255 verum
1610 3196 1813 3276 etiam,
1877 3197 1939 3254 in
1995 3197 2325 3274 posteriore
2381 3197 2632 3256 maxime
2688 3194 2824 3256 libri
2879 3202 3075 3277 parte,
3140 3194 3252 3256 hoc

653 3313 744 3365 est
808 3301 945 3364 inde
1012 3300 1085 3363 ab
1150 3300 1585 3363 elocutionibus
1640 3299 1712 3361 ab
1768 3303 1788 3361 i
1843 3301 2039 3363 littera
2095 3301 2542 3383 incipientibuS,
2604 3301 2820 3364 multae
2886 3301 3253 3364 elocutiones

654 3427 790 3471 cum
847 3412 972 3471 suis
1027 3408 1312 3488 exemplis
1368 3410 1617 3469 omissae
1675 3414 1816 3469 sunt
1862 3456 1875 3469 .
1933 3426 2083 3487 qnae
2148 3410 2344 3470 omnia
2407 3416 2612 3490 postea
2676 3407 3115 3472 Lindemannus
3180 3429 3249 3472 ex

654 3517 921 3578 Gudiano
968 3516 1170 3577 codice
1219 3514 1513 3595 supplevit
1560 3562 1573 3575 .
1621 3516 1681 3575 in
1729 3517 1930 3594 priore
1995 3533 2131 3575 vero
2187 3514 2325 3576 libri
2379 3525 2546 3596 parte
2606 3516 2918 3598 quaedam,
2983 3535 3133 3597 quae
3190 3519 3250 3578 in

654 3624 935 3704 exemplis
1002 3625 1362 3704 scriptorum
1428 3621 1581 3702 apud
1630 3622 1988 3683 Arusianum
2053 3633 2333 3703 corrupta
2398 3632 2593 3705 erant,
2658 3624 2718 3684 in
2785 3623 2875 3684 his
2932 3622 3251 3686 Frontonis

654 3732 951 3811 excerptis
998 3749 1069 3791 ex
1115 3732 1383 3810 ipsorum
1429 3730 1790 3808 scriptorum
1838 3726 2006 3789 libris
2045 3737 2312 3790 correcta
2351 3738 2490 3791 sunt
2526 3777 2540 3791 .
2578 3739 2816 3809 praeter
2852 3730 2998 3792 haec
3037 3740 3251 3812 autem,

652 3856 802 3918 quae
852 3837 1217 3917 neglegentia
1264 3835 1355 3897 vel
1403 3835 1647 3897 consilio
1695 3838 1826 3896 eius
1872 3838 1976 3916 qui
2023 3845 2299 3917 excerpta
2336 3837 2479 3898 fecit
2514 3845 2735 3899 mutata
2774 3846 2929 3919 sunt,
2966 3837 3252 3899 lectiones

652 3964 682 4006 a
739 3945 889 4006 Maio
946 3943 1240 4006 exhibitae
1296 3945 1376 4004 ita
1441 3962 1577 4004 cum
1641 3943 1995 4024 apographis
2050 3945 2326 4005 Arusiani
2391 3947 2797 4026 consentiunt,
2863 3953 2930 4006 ut
2992 3944 3251 4007 dubitari

652 4062 908 4133 nequeat
952 4055 1094 4132 quin
1144 4052 1205 4113 hi
1254 4069 1488 4131 quoqne
1536 4050 1675 4111 libri
1720 4049 1790 4111 ad
1847 4049 2004 4112 idem
2062 4050 2472 4131 archetypum,
2527 4069 2596 4111 ex
2647 4069 2764 4131 quo
2813 4049 2910 4111 illa
2955 4050 3250 4132 descripta

651 4169 817 4241 sunt,
864 4158 1177 4221 revocandi
1224 4159 1345 4219 sint
1390 4160 1701 4238 omnisque
1739 4156 1836 4217 illa
1878 4159 2122 4217 mutatio
2172 4155 2330 4217 Italis
2367 4157 2565 4237 potius
2596 4175 2773 4236 quam
2803 4160 2990 4218 veteri
3018 4158 3249 4219 cuidam

648 4268 1029 4348 grammatico
1077 4264 1389 4327 tribuenda
1437 4264 1514 4325 sit
1551 4302 1568 4325 .
1604 4262 1720 4323 huc
1757 4262 1987 4323 accedit
2033 4260 2189 4341 quod
2236 4262 2484 4322 aliorum
2531 4265 3052 4349 grammaticorum
3099 4262 3253 4346 libri,

648 4377 752 4456 qui
780 4394 897 4436 una
926 4392 1062 4436 cum
1090 4373 1367 4433 Arusiani
1411 4368 1563 4430 libro
1612 4387 1681 4429 ex
1718 4368 1999 4430 Bobiensi
2046 4368 2249 4429 codice
2297 4369 2582 4449 descripti
2630 4372 2695 4433 in
2726 4370 2926 4433 codice
2955 4370 3253 4431 Parrhasii

648 4482 953 4563 leguntur,
1018 4480 1088 4542 ad
1144 4479 1276 4540 illos
1331 4477 1541 4560 libroS,
1608 4479 1669 4538 iu
1725 4476 1943 4557 quibus
2003 4484 2281 4556 excerpta
2346 4495 2496 4557 quae
2551 4477 2842 4542 Frontoni
2904 4478 3253 4541 tribuuntur

648 4593 868 4670 scripta
916 4598 1082 4668 sunt,
1131 4605 1199 4649 ex
1246 4586 1359 4646 hoc
1407 4586 1535 4665 ipso
1582 4584 1946 4665 apographo,
1992 4602 2110 4645 non
2159 4604 2231 4645 ex
2269 4584 2549 4646 Bobiensi
2586 4588 2909 4668 archetypo
2947 4588 3253 4667 propagati

648 4707 787 4757 suut
835 4744 847 4757 .
896 4714 968 4756 ex
1016 4713 1134 4775 quo
1182 4695 1471 4773 suspicari
1518 4710 1838 4773 possumus
1886 4690 2049 4755 baec.
2077 4709 2313 4772 quoque
2353 4699 2630 4772 excerpta
2674 4714 2745 4756 ex
2785 4693 2991 4755 eodem
3030 4693 3252 4777 codiee,

648 4822 718 4863 ex
758 4822 876 4882 quo
914 4801 1130 4882 reliqui
1176 4801 1312 4862 libri
1359 4799 1643 4880 descripti
1691 4807 1879 4879 erant,
1924 4798 2075 4859 facta
2122 4807 2182 4859 et
2218 4801 2415 4877 ipsum
2454 4797 2774 4862 Frontonis
2813 4818 3047 4881 nomen,
3092 4801 3249 4881 quod

647 4911 719 4971 iis
775 4910 1128 4990 inscriptum
1186 4918 1303 4990 est,
1366 4928 1438 4969 cx
1494 4907 1593 4968 illo
1651 4908 1903 4988 petitum
1961 4923 2108 4966 esse.
2202 4905 2303 4966 sed
2366 4909 2642 4986 quoniam
2707 4908 2885 4969 codex
2938 4908 3252 4993 Parrhasii,
