3613 5528
625 423 754 487 140
1705 427 2162 483 CASSIODORII

619 613 827 671 aetatis
873 610 1307 672 accommodata
1356 618 1512 671 sunt.
1601 630 1805 673 verum
1871 621 2066 675 tamen
2115 633 2245 674 esse
2293 614 2546 694 aliquam
2608 618 2667 675 in
2725 613 2834 676 bac
2892 615 3230 676 diversitate

620 716 1063 778 similitudinem
1104 736 1305 779 rerum
1349 736 1500 796 quae
1539 720 1598 779 in
1638 728 1893 799 utraque
1941 729 2108 801 parte
2158 728 2489 782 tractantur
2527 722 2694 782 facile
2732 731 3003 804 apparet,
3049 724 3228 802 siqui-

621 824 755 885 dem
803 833 863 885 et
909 824 983 884 de
1032 842 1178 885 sono
1225 824 1558 886 litterarum
1600 844 1654 886 m
1693 835 1753 887 et
1790 846 1828 887 n
1869 836 1928 888 et
1979 827 2051 888 de
2092 848 2122 887 c
2165 827 2252 888 vel
2292 848 2330 909 q
2378 827 2586 890 littera'
2620 831 2679 890 in
2728 827 3026 891 vocabulis
3072 831 3228 891 simi-

617 931 751 992 liter
799 931 1148 994 sonantibus
1194 931 1507 994 scribenda
1555 942 1615 996 et
1661 933 1733 993 de
1781 933 1979 995 verbis
2017 953 2153 995 cum
2199 936 2740 1014 praepositionibus
2778 937 3121 1015 compositis
3169 937 3229 996 iu

617 1047 871 1119 utraque
930 1048 1097 1120 parte
1159 1038 1512 1119 disputatur.
1605 1042 1844 1120 gravius
1905 1060 2042 1102 vero
2105 1049 2197 1102 est
2263 1041 2434 1124 illud,
2500 1042 2655 1123 quod
2719 1046 2779 1103 iu
2840 1043 2932 1104 his
2993 1062 3230 1123 quoque

616 1148 913 1225 excerptis
976 1164 1128 1226 quae
1185 1146 1469 1207 Caesellio
1534 1147 1934 1228 orthographo
2003 1148 2349 1212 tribuuntur
2414 1151 2722 1211 manifesta
2779 1158 2920 1211 sunt
2988 1152 3229 1230 vestigia

617 1234 925 1314 doctrinae
969 1272 1000 1313 a
1048 1252 1312 1314 Cornuto
1364 1256 1680 1336 repetitae,
1736 1254 1929 1334 qualia
1986 1259 2047 1317 iu
2095 1255 2332 1317 Caecilii
2379 1256 2639 1318 Vindicis
2697 1259 2799 1336 qui
2853 1257 3072 1319 dicitur
3130 1276 3227 1317 ex-

617 1361 839 1439 cerptis
896 1354 1070 1419 modo
1127 1359 1642 1439 deprehendimus.
1716 1380 1748 1422 a
1797 1361 2061 1423 Cornuto
2107 1364 2266 1422 enim
2318 1365 2536 1442 petitae
2590 1373 2730 1425 sunt
2787 1352 3229 1425 observationes

618 1466 690 1525 de
748 1465 1199 1546 pronominibus
1255 1474 1460 1528 tantus
1516 1476 1576 1528 et
1630 1475 1893 1542 quantus
1945 1487 2002 1529 m
2059 1469 2254 1530 littera
2321 1469 2651 1530 scribendis
2707 1490 2761 1551 p.
2809 1467 2986 1532 2314
3041 1480 3100 1531 et
3155 1470 3228 1531 de

619 1575 855 1633 nomine
902 1577 1180 1635 exilium.-
1227 1573 1300 1635 ci.
1347 1592 1472 1634 exc.
1521 1573 1678 1635 Cass
1727 1593 1781 1653 p.
1823 1571 2014 1637 2285.
2080 1574 2153 1635 de
2200 1577 2493 1654 geminata
2539 1575 2733 1637 littera
2780 1579 2802 1636 i
2848 1579 3229 1638 consonantis

629 1679 757 1740 loco
803 1682 1022 1762 posita,
1067 1680 1140 1741 de
1188 1698 1302 1760 qua
1351 1679 1616 1741 Caesellii
1664 1689 1979 1761 praecepta
2026 1680 2308 1761 leguntur
2357 1701 2412 1761 p.
2453 1678 2645 1765 2317,
2692 1683 2835 1744 nihil
2883 1682 3036 1764 apud
3087 1683 3226 1745 Cor·
3313 1694 3318 1699 ’

620 1795 828 1848 nutum
866 1790 1154 1869 scriptum
1199 1789 1515 1850 invenitur.
1592 1787 1695 1848 sed
1736 1787 1808 1848 ab
1856 1788 1968 1848 hoc
2007 1797 2248 1849 auctore
2288 1787 2382 1849 illa
2421 1798 2659 1870 recepta
2698 1808 2828 1850 esse
2867 1790 3226 1870 persuadere

618 1902 816 1973 potest
852 1895 1251 1956 memorabilis
1281 1896 1557 1983 dictionis
1587 1893 1910 1956 similitudo
1940 1894 2092 1975 apud
2124 1903 2445 1975 utrumque
2474 1899 2938 1977 grammaticum,
2967 1918 3022 1977 p.
3052 1894 3225 1959 2317

615 2005 891 2063 nonnulli
942 2006 1164 2079 pusillo
1221 2005 1633 2078 diliqentiores
1688 2006 1948 2063 alterum
2018 2006 2042 2063 i
2095 2005 2332 2063 addunt
2384 2012 2445 2064 et
2498 2022 2552 2082 p.
2609 2000 2785 2065 2284
2847 2006 3228 2065 observanda

611 2112 831 2185 pusillo
897 2111 1245 2183 diliqentius
1302 2112 1824 2187 praepositionum
1882 2126 2018 2170 cum
2073 2111 2272 2169 verbis
2327 2116 2435 2169 aut
2495 2112 2801 2170 vocabulis
2863 2114 3226 2186 compositio,

616 2224 861 2294 propter
908 2215 1013 2276 has
1061 2218 1321 2278 cationes
1366 2217 1548 2295 igitur
1594 2233 1743 2294 quas
1790 2214 1911 2275 dixi
1965 2215 2118 2276 haud
2176 2215 2581 2296 improbabilis
2626 2215 2700 2276 de
2754 2215 2864 2277 hac
2915 2224 3081 2296 parte
3127 2236 3225 2278 ex-

616 2328 957 2402 cerptorum
1007 2332 1098 2383 est
1145 2324 1436 2384 sententia
1484 2320 1855 2382 Brambachii
1911 2321 1983 2382 de
2032 2321 2295 2401 orthogr.
2341 2321 2436 2383 lat.
2485 2341 2541 2402 p.
2587 2320 2702 2404 40,
2749 2322 3226 2403 orthographiam

618 2428 908 2507 quandam
947 2448 1020 2490 ex
1060 2429 1329 2491 Caesellii
1375 2428 1543 2489 libris
1591 2429 1897 2490 collectam
1945 2439 2006 2491 et
2052 2432 2291 2491 nomine
2330 2431 2460 2490 eius
2505 2430 2848 2508 inscriptam
2896 2430 3107 2510 fuisse,
3153 2449 3225 2490 ex

618 2554 732 2614 qua
788 2536 934 2597 haec
996 2545 1272 2617 excerpta
1300 2528 1730 2597 ‘Cassiodorius
1784 2532 2102 2615 posuisset.
2187 2535 2299 2596 fuit
2354 2537 2510 2595 enim
2567 2535 2664 2595 hic
2710 2553 2839 2596 mos
2892 2539 3226 2615 grammati·

617 2659 822 2701 corum
862 2641 1133 2721 plurimis
1170 2640 1455 2723 exemplis
1492 2642 1929 2725 comprobatus,
1960 2650 2042 2723 ut,
2072 2659 2207 2702 cum
2239 2660 2305 2702 ea
2341 2660 2491 2721 quae
2526 2642 2597 2702 ab
2635 2644 2894 2722 antiquis
2924 2644 3223 2723 scriptori·

620 2747 734 2810 bus
788 2749 861 2810 de
918 2751 1296 2829 grammatica
1357 2757 1483 2812 arte
1541 2752 1761 2831 scripta
1817 2757 1988 2812 erant
2042 2751 2101 2811 in
2159 2749 2405 2811 formam
2462 2750 2797 2830 compendii
2854 2750 3089 2812 redacta
3136 2749 3225 2812 vel

619 2876 752 2918 cum
810 2859 1143 2938 praeceptis
1200 2860 1531 2921 recentium
1585 2857 2108 2937 grammaticorum
2164 2859 2479 2918 coniuncta
2535 2857 2605 2917 ad
2662 2858 3036 2919 commodum
3084 2877 3224 2919 suae

617 2967 825 3026 aetatis
863 2974 924 3026 et
970 2983 1143 3026 usum
1192 2964 1526 3026 scholarum
1565 2973 2017 3045 componerent,
2065 2973 2259 3024 tamen
2300 2971 2564 3025 veterum
2604 2972 2664 3024 et
2711 2963 2998 3026 nobilium
3034 2983 3223 3046 gram—

616 3074 964 3134 maticorum
997 3075 1233 3133 nomina
1271 3073 1438 3133 novis
1474 3070 1643 3132 libris
1682 3069 2093 3131 inscriberent.
2167 3069 2322 3130 idem
2358 3071 2541 3150 igitur
2579 3073 2639 3131 in
2669 3071 2951 3132 Caesellio
2982 3070 3224 3134 Vindice

617 3180 900 3241 accidisse
948 3178 1302 3259 putabimus,
2493 3173 2504 3182 ”

794 3287 861 3347 In
911 3289 1205 3366 excerptis
1242 3285 1631 3366 Prisciani,
1678 3304 1829 3365 quae
1868 3286 1929 3345 in
1966 3284 2317 3346 duodecimo
2362 3286 2553 3365 capite
2593 3287 2814 3365 scripta
2852 3293 3016 3367 sunt,
3063 3285 3225 3347 locos

797 3501 941 3561 Post
995 3498 1350 3560 Cassiodorii
1418 3497 1634 3560 librum
1689 3499 1761 3559 de
1821 3499 2238 3579 orthographia
2298 3499 2470 3578 posui
2526 3516 2712 3577 pauca
2769 3518 2840 3559 ex
2896 3498 3223 3560 duobus

617 3607 830 3668 libris
896 3608 1443 3668 institutionum
1510 3606 1916 3666 divinarum
1981 3616 2051 3666 et
2130 3605 2608 3667 saecularium
2674 3624 2705 3665 a
2772 3625 2864 3666 me
2930 3614 3225 3685 excerpta,

619 3731 768 3792 quae
816 3716 874 3773 in
924 3712 1182 3773 editione
1220 3714 1734 3791 grammaticorum
1775 3730 1893 3773 non
1934 3711 2282 3773 videbantur
2321 3712 2841 3791 praetermittenda
2881 3729 3031 3772 esse.
3089 3727 3222 3769 nam

619 3829 679 3881 et
724 3823 782 3880 in
830 3820 1193 3899 praefatione
1241 3818 1474 3881 illorum
1523 3819 1813 3881 librorum
1858 3829 1920 3881 et
1965 3822 2024 3880 in
2072 3822 2201 3900 ipso
2249 3821 2448 3898 priore
2496 3817 2646 3879 libro
2695 3816 3103 3879 Cassiodorius
3148 3817 3221 3878 de

618 3926 1036 4007 orthographia
1082 3936 1142 3988 et
1188 3927 1259 3988 de
1317 3925 1484 3987 libris
1531 3926 2064 4007 orthographorum
2111 3945 2141 3986 a
2190 3943 2254 3985 se
2300 3924 2591 4005 collectis,
2648 3926 2805 3986 sicut
2860 3941 3038 4003 supra
3085 3923 3221 3998 dixi,

618 4033 918 4095 disseruit.
999 4035 1061 4094 in
1117 4033 1302 4095 altero
1358 4053 1496 4094 vero
1553 4033 1704 4095 libro
1752 4034 1825 4095 de
1873 4032 2200 4113 disciplinis
2254 4029 2586 4092 liberalium
2643 4034 2859 4093 artium
2915 4011 3223 4110 disputans

618 4140 690 4201 ab
739 4143 1111 4202 institutione
1157 4129 1301 4202 artis
1348 4141 1760 4220 grammaticae
1810 4142 2042 4201 initium
2092 4140 2246 4199 fecit.
2323 4138 2426 4199 sed
2475 4140 2536 4198 in
2582 4137 2692 4208 hac
2737 4147 2904 4217 parte
2943 4155 3094 4217 quae
3132 4145 3224 4197 est

618 4247 690 4308 de
729 4257 855 4308 arte
902 4251 1279 4329 grammatica
1326 4256 1460 4328 post
1506 4247 1744 4308 brevem
1783 4249 1974 4327 ipsius
2011 4244 2367 4306 Cassiodorii
2414 4225 2873 4324 disputatio⁸nem
2913 4254 2969 4305 et
3019 4244 3219 4305 defiui-

619 4356 810 4416 tiones
840 4374 911 4415 ex
949 4364 1075 4417 arte
1105 4354 1314 4416 Donati
1354 4364 1622 4436 receptas
1661 4354 1886 4433 reliqua
1916 4355 2110 4414 omnia
2141 4371 2291 4432 quae
2321 4355 2381 4413 in
2412 4350 2587 4412 editis
2626 4350 2909 4432 exemplis
2947 4353 3222 4413 seruntur

619 4481 690 4522 cx
721 4461 990 4524 Martiaui
1021 4462 1288 4543 Capellae
1318 4461 1468 4523 libro
1500 4464 1675 4523 tertio
1705 4461 2003 4541 descripta
2032 4467 2187 4521 sunt.
2239 4476 2423 4538 quare
2453 4458 2631 4519 huius
2659 4457 2897 4537 quidem
2928 4477 3221 4520 commen·

620 4571 773 4651 larii,
811 4588 987 4650 quem
1026 4589 1097 4631 ex
1136 4568 1497 4634 editionibus
1535 4568 1891 4629 Cassiodorii
1929 4566 2247 4629 Putschius
2286 4574 2610 4646 receperat,
2649 4567 2958 4625 maximam
2995 4572 3221 4644 partem

619 4679 818 4757 omisi3
865 4678 968 4739 sed
1017 4685 1293 4758 excerpta
1333 4695 1403 4737 ex
1450 4678 1641 4757 primo
1688 4674 1841 4735 libro
1880 4683 1940 4736 et
1984 4675 2411 4755 praefationem
2456 4671 2591 4733 libri
2635 4673 2880 4733 secundi
2927 4663 3221 4753 addidi*).

795 4822 847 4891 ⁸⁸²)
893 4823 1121 4877 Praeter
1166 4821 1338 4877 libros
1375 4839 1513 4892 quos
1559 4838 1725 4890 supra
1767 4820 1885 4875 dixi
1921 4820 2179 4877 Garetius
2226 4819 2688 4876 commentarium
2733 4817 2793 4872 in
2829 4818 3109 4872 Donatum
3154 4831 3223 4869 ex

622 4902 817 4957 eodem
856 4901 1069 4968 codice,
1108 4918 1218 4971 quo
1254 4901 1313 4956 in
1348 4901 1492 4957 libro
1529 4900 1598 4956 de
1636 4900 2042 4971 orthographia
2084 4918 2215 4955 usus
2253 4902 2397 4969 erat,
2443 4897 2486 4955 α’
2514 4916 2572 4954 se
2605 4897 2834 4953 *editum
2873 4894 3223 4952 Cassiodorio
