3613 5528
1325 519 1330 524 .
1370 470 1467 524 DE
1506 470 2081 527 ORTHOGRAPHIA
2914 468 3043 531 195

425 583 466 619 p.
495 568 610 610 asoa.
640 571 666 610 9
695 569 745 612 P.

425 656 608 733 prima
655 656 962 715 nominum
1009 651 1227 740 syllaba
1274 655 1546 717 dedimus
1595 659 1883 718 rationem
1931 649 2101 739 (bibo
2149 672 2388 734 quoque
2434 662 2680 733 propter
2727 652 3037 713 discretio-

429 777 560 820 nem
606 779 637 820 a
683 763 799 821 vita
846 779 957 841 per
1002 780 1054 841 v,
1101 779 1133 820 a
1180 770 1324 841 potu
1373 781 1481 842 per
1517 762 1565 822 .b
1612 761 1996 823 scribendum
2044 769 2161 842 est3
2209 770 2268 821 et
2314 759 2490 841 abeo,
2535 759 2595 820 id
2643 768 2735 820 est
2780 757 3040 837 discedo,

426 865 572 927 obeo
610 870 939 949 circumeo,
985 867 1171 929 subeo
1210 869 1467 930 succedo
1508 888 1576 929 ac
1614 869 1828 930 similia
1874 869 2378 949 praepositionum
2417 868 2603 946 gratia
2650 884 2758 946 per
2799 864 2838 925 b
2884 865 3039 926 arbi·

430 982 552 1033 tror
607 973 946 1056 scribenda,
1022 977 1197 1037 etiam
1255 976 1608 1056 deponentia
1665 975 1704 1036 b
1761 984 1985 1037 mutam
2040 977 2455 1056 inscriptura
2515 981 2719 1035 tenere
2777 991 2924 1035 usus
2988 982 3050 1034 et

315 1121 319 1126 .
378 1095 402 1134 5
429 1081 794 1142 consuetudo
851 1084 1179 1162 antiquitus
1236 1077 1535 1165 tradidit);
1603 1083 1891 1164 reliquaS,
1947 1091 2014 1144 ut
2071 1085 2228 1143 vires
2283 1082 2612 1160 sufficiunt,
2669 1099 2786 1142 una
2844 1080 3047 1160 regula

428 1187 683 1264 generali
734 1197 987 1250 tractare
1035 1189 1485 1272 temptabimus,
1532 1192 1751 1271 quippe
1792 1190 2016 1270 regulis
2062 1192 2122 1251 in
2165 1190 2503 1253 nominibus
2551 1191 2701 1252 datis
2757 1187 2940 1250 firmis
2979 1206 3048 1248 ac

318 1303 340 1318 ⁶
429 1293 831 1377 manentibus,
876 1298 1052 1358 etiam
1100 1299 1150 1356 si
1194 1300 1257 1358 in
1304 1296 1481 1357 verba
1529 1298 1880 1376 figurentur.
1955 1307 2020 1359 ut
2069 1300 2225 1359 enim
2268 1297 2448 1358 verba
2488 1300 2554 1359 in
2604 1316 2820 1358 nomen
2871 1296 3046 1358 ducta

428 1399 742 1462 verborum
790 1403 1025 1482 regulas
1073 1421 1192 1465 non
1241 1406 1543 1485 amittunt,
1598 1406 1676 1465 ita
1723 1406 1967 1465 nomina
2022 1404 2151 1464 loco
2215 1405 2407 1483 posita
2454 1403 2775 1465 verborum
2822 1405 3049 1483 origine

431 1507 764 1586 regularum
812 1528 1018 1571 carere
1065 1525 1184 1573 non
1229 1519 1495 1591 possunt.

355 1629 404 1667 ιο
605 1613 764 1695 Ergo
818 1618 870 1675 si
930 1623 1163 1698 tempus
1223 1621 1613 1697 praeteritum
1662 1618 1820 1680 modi
1865 1619 2167 1679 indicativi
2215 1620 2275 1679 iu
2323 1619 2379 1678 vi
2429 1619 2834 1679 terminaverit
2879 1615 3046 1697 sylla-

431 1718 588 1801 bam,
645 1721 835 1782 media
895 1732 1072 1804 atque
1128 1723 1333 1785 ultima
1399 1713 1617 1805 syllaba
1666 1723 1677 1806 Ι
1728 1743 2022 1805 personae
2076 1727 2300 1805 primae
2368 1727 2653 1805 temporis
2717 1724 3048 1804 praesentis

431 1844 535 1905 per
581 1845 614 1887 v
663 1827 923 1889 vocalem
969 1829 1099 1890 loco
1150 1832 1402 1910 positam
1443 1834 1826 1893 consonantis
1873 1830 2198 1912 scribetur,
2246 1811 2316 1892 eo
2356 1830 2513 1911 quod
2562 1849 2736 1892 omne
2782 1838 3045 1911 praeter-
3105 1875 3111 1882 .

431 1933 575 1993 itum
623 1935 959 2013 perfectum
1004 1939 1060 1997 vi
1106 1937 1327 2016 syllaba
1376 1941 1755 2000 terminatum
1814 1946 2051 2018 praeter
2107 1938 2230 1999 bibi
2276 1957 2384 2018 per
2431 1957 2463 1997 v
2510 1938 2820 2018 scribitur,
2879 1938 3047 1998 foveo

432 2039 574 2120 l'ovi,
628 2041 795 2102 faveo
841 2043 982 2125 favi,
1043 2061 1246 2107 moveo
1294 2047 1476 2126 movi,
1534 2063 1718 2125 paveo
1764 2046 1899 2124 pavi
1946 2043 2036 2104 vel
2086 2043 2399 2125 [expaveo]
2448 2046 2680 2125 expavi,
2736 2044 2863 2104 lavo
2919 2044 3052 2124 lavi,

359 2159 410 2199 15
436 2147 569 2207 iuvo
613 2150 763 2231 iuvi,
808 2152 1002 2211 servio
1051 2154 1291 2233 servivi3
1347 2154 1612 2232 exceptis
1659 2150 1851 2211 lambo
1898 2149 2160 2230 lambivi,
2206 2150 2400 2211 ambio
2439 2150 2654 2211 ambivi
2700 2169 2768 2211 ac
2816 2149 3053 2233 talibuS,

578 2324 605 2373 1
645 2319 904 2376 dedimus
931 2321 1052 2376 AB
1082 2323 1380 2379 didicimus
1410 2320 1459 2376 0
1564 2329 1595 2376 2
1626 2321 1853 2376 discedo
1882 2322 1982 2379 §A
2010 2320 2273 2377 discendo
2303 2321 2351 2376 Ο
2373 2321 2649 2377 descendo
2677 2321 2734 2375 Β
2841 2328 2874 2376 3
2914 2322 3054 2377 obeo

438 2395 708 2453 circumeo
729 2399 942 2471 Carrio,
964 2403 1104 2457 abeo
1125 2401 1401 2458 circumeo
1423 2402 1476 2455 A
1489 2401 1544 2455 Β
1559 2400 1607 2456 0
1672 2400 1916 2456 arbitror
1940 2401 2235 2456 scribenda
2249 2401 2420 2456 etiam
2440 2401 2769 2471 deponenda
2786 2401 2823 2455 b
2840 2402 3054 2456 mutam

436 2476 491 2530 Β
525 2478 765 2534 arbitror
800 2480 1096 2536 scribenda
1122 2485 1181 2535 et
1216 2480 1557 2552 deponentia
1583 2483 1800 2535 mutam
1830 2481 1883 2534 A
1921 2480 2163 2536 arbitror
2205 2480 2499 2536 scribenda
2525 2496 2646 2535 esse
2684 2479 3054 2550 deputantum

439 2558 590 2623 (corr.
624 2559 856 2615 -andum
883 2562 933 2630 e)
963 2562 1123 2615 muta
1152 2559 1202 2614 0
1288 2568 1319 2616 δ
1349 2560 1557 2630 quippe
1585 2559 1796 2630 regulis
1830 2559 1879 2614 (J
1901 2568 1977 2630 qs)
2002 2559 2213 2630 regulis
2240 2559 2295 2613 A
2323 2561 2666 2629 quapropter
2691 2559 2900 2629 regulis
2927 2559 2983 2612 Β

442 2642 471 2690 ‘1
491 2638 593 2692 etsi
624 2641 782 2706 (corr.
806 2639 1047 2710 etiamsi)
1081 2642 1141 2694 in
1171 2641 1340 2696 uerba
1369 2641 1425 2708 (a
1451 2641 1587 2708 ras.)
1618 2640 1671 2693 B
1700 2639 1808 2694 etsi
1834 2640 1894 2694 in
1924 2640 2111 2695 uerbis
2129 2641 2184 2693 A
2215 2645 2287 2694 Be*
2306 2639 2364 2693 in
2396 2638 2580 2693 uerbis
2602 2640 2650 2694 0
2750 2641 2813 2695 Ι
2830 2639 3055 2695 nomine

441 2714 603 2773 dueta
623 2717 671 2772 G
747 2725 781 2775 8
802 2720 1132 2775 ammittant
1152 2719 1228 2773 B·
1288 2720 1627 2791 142expaveo
1647 2735 1748 2775 om.
1768 2719 1826 2773 B
1912 2725 1976 2775 15
2006 2720 2196 2776 lambo
2215 2720 2389 2776 lambi
2409 2719 2598 2775 ambio
2616 2718 2829 2776 ambibi
2849 2720 2902 2774 A
2919 2720 3055 2775 lam-

439 2796 532 2852 bio
557 2798 790 2854 lambibi
819 2799 1008 2855 ambio
1039 2800 1252 2855 ambibi
1279 2802 1334 2855 Β
1363 2801 1550 2857 lambo
1577 2800 1814 2856 lambibi
1844 2801 2033 2857 ambio
2061 2800 2278 2857 ambibi
2307 2800 2363 2855 C'.
2397 2801 2561 2868 ‘foo‘te
2589 2799 2833 2855 cambio’
2855 2798 3055 2854 Carrio

2572 2966 2751 2973 -—-.--
2762 2964 3049 2971 ...--------.

1343 3067 1712 3123 MARTYRII
1748 3067 1846 3121 DE
1891 3068 1931 3121 B
1968 3066 2062 3121 ΕΤ
2101 3066 2150 3119 V

444 3231 747 3313 scribitur,
815 3242 1061 3313 excepto
1131 3233 1354 3314 baiulo,
1421 3233 1604 3295 bullio
1659 3226 1986 3312 ἄναπηὸοό
2049 3233 2226 3293 etiam
2284 3233 2444 3292 iuxta
2510 3250 2685 3312 quam
2746 3234 2807 3292 in
2866 3233 3055 3311 prima

445 3340 744 3399 nominum
790 3339 868 3399 bu
909 3339 1127 3419 syllaba
1180 3339 1451 3401 dedimus
1498 3342 1818 3421 rationem,
1863 3338 2001 3399 bibo
2049 3355 2285 3417 quoque
2332 3346 2579 3419 propter
2615 3338 3056 3416 discretionem,

445 3452 502 3504 et
546 3444 691 3506 abeo
738 3444 887 3504 obeo
935 3444 1119 3506 subeo
1168 3462 1236 3505 ac
1284 3445 1493 3506 similia
1539 3447 2048 3526 praepositionum
2094 3445 2308 3526 gratia,
2353 3444 2610 3506 arbitror
2654 3447 2829 3506 etiam
2877 3443 3053 3522 depo·

445 3567 590 3611 nens
636 3551 674 3609 b
720 3560 941 3613 mutam
986 3554 1047 3612 in
1096 3553 1393 3630 scriptura
1441 3560 1646 3614 tenere
1694 3570 1841 3614 usus
1888 3560 1949 3612 et
1994 3550 2363 3611 consuetudo
2411 3554 2739 3632 antiquitus
2786 3550 3055 3629 tradidit3

389 3666 414 3705 5
445 3654 727 3738 reliquas,
784 3666 850 3718 ut
895 3660 1051 3718 vires
1098 3658 1430 3740 sufficiunt,
1488 3677 1603 3721 una
1650 3658 1854 3738 regula
1911 3657 2267 3737 generaliter
2314 3666 2568 3720 tractare
2616 3656 3054 3738 temptabimuS,

442 3764 657 3843 quippe
712 3762 935 3843 regulis
992 3767 1052 3824 in
1109 3764 1449 3825 nominibus
1505 3765 1658 3826 datis
1713 3766 1902 3825 firmis
1957 3763 2360 3845 manentibus,
2418 3767 2593 3825 etiam
2651 3768 2701 3826 si
2757 3767 2819 3825 in
2877 3762 3058 3824 verba

442 3869 784 3947 figurantur.
860 3879 925 3930 ut
970 3873 1127 3930 enim
1166 3870 1345 3931 verba
1382 3875 1445 3932 in
1469 3890 1697 3933 -nomen
1737 3872 1915 3932 ducta
1952 3869 2270 3931 verborum
2314 3871 2548 3950 regulas
2594 3890 2714 3932 non
2761 3872 3055 3944 amittunt,

439 3976 520 4034 ita
574 3978 810 4037 nomina
869 3975 998 4036 loco
1055 3978 1248 4057 posita
1294 3976 1612 4038 verborum
1659 3978 1887 4056 origine
1935 3976 2277 4055 regularum
2324 3995 2527 4037 carere
2577 3995 2695 4038 non
2752 3983 3097 4056 poterunt..

615 4080 774 4161 Ergo
821 4085 872 4143 si
919 4092 1153 4164 tempus
1200 4086 1589 4162 praeteritum
1628 4081 2132 4146 modiindicativi
2170 4085 2231 4144 in
2271 4085 2326 4144 vi
2374 4085 2780 4144 terminaverit
2818 4081 3053 4162 syllaba,

368 4200 416 4238 1⁰
444 4186 634 4247 media
682 4196 859 4268 atque
899 4188 1101 4250 ultima
1141 4187 1360 4268 syllaba
1406 4207 1695 4268 personae
1740 4191 1968 4268 primae
2006 4192 2293 4267 temporis
2339 4191 2615 4252 instantis
2660 4208 2770 4269 per
2808 4208 2842 4247 v
2887 4204 3054 4247 voca-

439 4293 558 4353 lem
612 4292 742 4353 loco
788 4298 1040 4375 positam
1087 4296 1469 4357 consonantis
1516 4294 1883 4374 scribentur,
1942 4312 2012 4353 eo
2061 4294 2217 4372 quod
2267 4313 2439 4355 omne
2486 4296 2873 4375 praeteritum
2920 4310 3054 4372 per-

443 4398 663 4459 fectum
701 4401 756 4459 vi
792 4401 1012 4481 syllaba
1058 4402 1440 4463 terminatum
1486 4409 1723 4480 praeter
1761 4399 1885 4460 bibi
1931 4418 2038 4479 per
2075 4419 2109 4459 v
2156 4399 2489 4479 digammon
2537 4400 2839 4479 scribitur,
2885 4400 3055 4460 foveo

445 4503 594 4585 fovi,
639 4505 803 4566 faveo
850 4508 993 4591 favi,
1039 4525 1249 4569 moveo
1297 4508 1478 4587 movi,
1523 4525 1705 4586 paveo
1753 4509 1886 4587 pavi
1934 4504 2025 4565 vel
2073 4508 2304 4587 expavi,
2358 4506 2484 4567 lavo
2531 4506 2674 4586 lavi,
2731 4506 2868 4566 iuvo
2916 4507 3055 4586 iuvi,

626 4692 652 4739 1
692 4686 881 4743 haimo
917 4672 1190 4742 P'baio10
1227 4685 1294 4738 N
1419 4680 1697 4755 ἀναπησῶ
1735 4703 1836 4742 om.
1876 4687 1933 4741 Ρ
2059 4693 2091 4739 3
2131 4686 2190 4739 et
2225 4684 2365 4740 abeo
2403 4684 2544 4740 obeo
2574 4716 2639 4724 -
2679 4685 2716 4740 b
2754 4688 2970 4740 mutam
3008 4685 3064 4738 Ρ

445 4762 614 4817 tabeo
649 4765 788 4821 obeo
825 4768 997 4823 subeo
1045 4768 1104 4821 et
1149 4764 1357 4819 similia
1401 4764 1840 4835 prepositionum
1888 4764 2073 4836 gratia.
2117 4767 2216 4819 δια
2262 4776 2514 4833 συναψαι
2560 4765 2826 4821 arbitrort
2883 4768 3054 4822 etiam

446 4842 729 4913 deponens
755 4863 855 4916 per
879 4847 918 4901 b
943 4848 1161 4901 mutam
1197 4845 1266 4898 N
1366 4850 1398 4898 ὅ
1436 4844 1837 4914 temptavimus
1874 4845 2002 4900 NP
2104 4851 2132 4899 7
2174 4843 2413 4899 deducta
2448 4843 2506 4898 P
2605 4851 2638 4900 8
2677 4848 2981 4916 potuerunt
3008 4847 3064 4899 P

521 4927 555 4976 9
590 4923 649 4977 in
683 4939 782 4979 om.
826 4924 881 4978 P
1024 4929 1089 4978 12
1128 4921 1416 4995 scribitur]
1457 4923 1774 4979 scribuntur
1810 4924 1887 4991 N,
1926 4940 2027 4980 om.
2066 4925 2124 4980 P

2517 5016 2627 5068 13*
