3613 5528
617 380 752 445 258
1818 379 2059 436 BEDAE

613 493 660 530 p.
689 482 810 522 2379.
838 482 891 521 so
918 480 970 521 Ρ.

1357 564 1483 627 uhi
1532 572 1700 627 sunt
1744 584 1916 645 opes
1961 572 2363 645 potentum,

1358 672 1621 752 quibus
1667 691 2027 753 occupare
2075 680 2323 752 captas

1356 783 1627 841 animas
1674 781 1814 842 fuit
1860 775 2235 860 voluptas?

1089 953 1207 1019 DE
1254 953 1555 1020 METRO
1605 953 2104 1021 TROCHAICO
2153 953 2745 1021 TETRAMETRO

809 1083 1065 1163 Hetrum
1128 1101 1495 1163 trochaicum
1557 1111 1999 1183 tetrametrum,
2060 1102 2219 1181 quod
2280 1120 2311 1162 a
2371 1103 2565 1182 poetis
2623 1102 2853 1180 graecis
2914 1108 2974 1160 et
3029 1098 3229 1159 latinis
3256 1113 3287 1152 5

636 1211 1094 1288 requentissime
1140 1211 1402 1291 ponitur,
1447 1212 1663 1291 recipit
1697 1205 2052 1271 'trochaeum
2101 1207 2249 1269 locis
2294 1208 2599 1290 omnibuS,
2661 1206 2989 1288 spondeum
3037 1208 3224 1267 omni·

603 1313 716 1375 hus
761 1325 1000 1395 praeter
1047 1318 1309 1378 tertium.
1392 1318 1583 1377 currit
1629 1323 1828 1376 autem
1875 1314 2118 1375 alternis
2164 1313 2504 1397 versiculis,
2562 1316 2642 1374 ita
2688 1322 2757 1375 ut
2800 1315 2967 1394 prior
3012 1313 3227 1375 habeat

602 1420 785 1500 pedes
832 1429 1132 1505 quattuor,
1186 1426 1485 1504 posterior
1540 1423 1723 1504 pedes
1782 1432 1906 1483 tres
1951 1431 2013 1483 et
2058 1421 2356 1501 syllabam.
2398 1422 2408 1496 Ι
2450 1421 2628 1482 huius
2673 1421 3007 1501 exemplum
3059 1429 3224 1482 totus

599 1537 692 1589 est
738 1527 994 1608 hymnus
1039 1530 1136 1591 ille
1185 1530 1654 1611 pulcherrimuS,

1343 1635 1672 1715 hymnum
1719 1634 1912 1696 dicat
1958 1634 2170 1697 turba
2218 1635 2555 1717 fratrum,
3247 1649 3297 1688 ιο

1343 1741 1670 1822 hymnum
1719 1750 1978 1804 cantus
2023 1753 2406 1823 personet,

1347 1848 1637 1909 Christo
1683 1850 1843 1928 regi
1889 1850 2373 1909 concinentes

1346 1955 1595 2018 laudes
1642 1954 1896 2017 demus
1944 1954 2254 2037 debitaS‚

604 2066 663 2124 iu
715 2082 831 2143 quo
880 2063 1193 2143 aliquando
1240 2072 1302 2124 et
1347 2064 1525 2123 tertio
1571 2062 1703 2123 loco
1749 2063 1969 2143 prioris
2015 2061 2292 2123 versiculi
2340 2062 2669 2143 spondeum
2718 2064 3013 2143 reperieS,
3062 2071 3128 2123 ut

1350 2169 1588 2230 factor
1635 2169 1848 2250 caeli,
1896 2178 2135 2230 terrae
2182 2170 2420 2231 factor
3261 2183 3312 2221 ¹5

604 2267 665 2319 el.

1350 2346 1593 2408 verbis
1642 2329 1905 2428 purgat
1948 2347 2193 2429 leprae
2242 2347 2553 2410 morbos,

1611 2519 1729 2585 DE
1777 2520 2218 2587 RHYTHMO

786 2668 944 2730 llaec
974 2668 1047 2730 de
1077 2669 1285 2729 metris
1317 2666 1811 2728 eminentioribus
1840 2686 2336 2730 commemorasse
2365 2670 2639 2750 sufficiat,
2669 2686 2925 2748 quorum
2957 2667 3225 2748 exempla

609 2778 948 2857 copiosiora
994 2775 1149 2857 apud
1204 2775 1530 2854 scriptores
1575 2776 1928 2836 invenimus.
2001 2782 2310 2855 praeterea
2356 2784 2498 2838 sunt
2543 2783 2731 2837 metra
2777 2776 2887 2838 alia
2933 2776 3233 2858 perplura,
3262 2788 3319 2829 20

610 2900 763 2963 quae
809 2885 874 2943 in
919 2882 1089 2944 libris
1127 2884 1619 2943 centimetrorum
1655 2880 2030 2960 simplicibus
2066 2890 2392 2944 monstrata
2430 2882 2716 2963 exemplis
2764 2885 3018 2962 quisque
3065 2884 3235 2962 cupit

615 2991 894 3070 reperiet.
961 2968 1362 3068 reperiuntu?
1383 2986 1670 3066 quaedam
1709 2995 1769 3047 et
1805 2989 1869 3048 in
1906 2989 2126 3069 insigni
2168 2988 2269 3049 illo
2306 2988 2603 3050 volumine
2640 2987 2955 3069 Porphyrii
3000 2998 3234 3070 poetae,

615 3114 733 3176 quo
772 3094 843 3155 ad
883 3094 1336 3156 Constantinum
1374 3094 1705 3173 Augustum
1743 3095 1927 3154 misso
1965 3097 2187 3157 meruit
2233 3095 2306 3156 de
2344 3096 2521 3157 exilio
2565 3094 2834 3176 liberari,
2874 3114 3056 3177 quae,
3094 3097 3234 3175 quia

617 3219 841 3283 pagana
880 3208 1074 3283 erant,
1122 3220 1230 3262 nos
1269 3210 1513 3279 tangere
1551 3218 1670 3261 non
1716 3199 1909 3262 libuit.
1982 3200 2218 3263 videtur
2256 3210 2457 3263 autem
2496 3201 2809 3282 rhythmus
2848 3205 3056 3264 metris
3095 3221 3229 3287 esse

616 3308 967 3389 consimilis,
1023 3326 1174 3387 quae
1223 3315 1317 3369 est
1361 3304 1680 3367 verborum
1727 3306 2028 3369 modulata
2075 3310 2453 3390 compositio,
2510 3327 2627 3370 non
2693 3311 2942 3370 metrica
2986 3310 3238 3390 ratione,
3264 3319 3321 3362 2⁵

618 3414 722 3476 sed
779 3432 1029 3476 numero
1087 3413 1439 3499 syllabarum
1496 3412 1568 3473 ad
1624 3396 1910 3475 iudicium
1967 3416 2200 3475 aurium
2250 3417 2605 3497 examinata,
2665 3424 2735 3476 ut
2784 3424 2927 3477 sunt
2973 3417 3235 3483 carmina

621 3521 952 3601 vulgarium
999 3529 1328 3601 poetarum.
1404 3528 1463 3580 et
1509 3518 1746 3600 quidem
1793 3519 2108 3600 rhythmus
2152 3539 2261 3601 per
2309 3540 2373 3583 se
2421 3523 2550 3583 sine
2598 3530 2789 3583 metro
2839 3541 2971 3583 csse
3016 3529 3237 3604 potest,

626 3635 889 3689 metrum
936 3644 1075 3687 vero
1123 3628 1250 3687 sine
1297 3624 1573 3705 rhythmo
1621 3644 1752 3687 esse
1799 3645 1921 3687 non
1977 3635 2202 3709 potest,
2258 3628 2416 3707 quod
2475 3628 2757 3709 liquidius
2802 3631 2885 3690 ita
2932 3628 3241 3690 delinitur:

625 3743 882 3796 metrum
950 3740 1042 3794 est
1113 3734 1264 3794 ratio
1330 3750 1466 3793 cum
1531 3732 1961 3815 modulatione,
2033 3731 2346 3813 rhythmus
2412 3734 2732 3796 modulatio
2798 3739 2926 3796 sine
2991 3738 3240 3798 ratione.

623 3842 976 3923 plerumque
1033 3847 1229 3900 tamen
1278 3856 1420 3900 casu
1468 3838 1722 3918 quodam
1776 3840 2045 3900 invenies
2092 3842 2269 3901 etiam
2316 3843 2607 3903 rationem
2654 3842 2715 3901 in
2764 3840 3069 3922 rhythmo,
3118 3860 3237 3903 non
3270 3855 3327 3895 ω

624 3950 839 4010 artifici
885 3947 1289 4011 moderatione
1338 3952 1594 4027 servata,
1640 3944 1744 4006 sed
1789 3962 1940 4005 sono
1988 3954 2048 4007 et
2092 3947 2219 4026 ipsa
2264 3947 2667 4009 modulatione
2714 3946 2996 4030 ducente,
3060 3965 3241 4026 quem

804 4137 839 4185 4
865 4129 962 4184 DE
992 4125 1246 4183 METRO
1276 4125 1688 4182 TROCHAJCO
1718 4124 2222 4181 TETRAMETRO
2257 4126 2424 4181 Mali.
2461 4127 2658 4184 Theod.
2689 4131 2817 4195 595,
2845 4133 2877 4182 1
2988 4133 3058 4182 24
3089 4126 3244 4182 vide·

625 4214 722 4267 tur
757 4212 948 4265 autem
987 4239 1054 4249 —
1091 4214 1156 4263 31
1199 4206 1582 4263 modulatione
1620 4206 1858 4262 ducente
1897 4205 2099 4262 Victor.
2139 4206 2206 4262 de
2239 4210 2392 4263 metr.
2429 4212 2567 4274 206,
2595 4212 2631 4263 7
2666 4208 2884 4263 Audac.
2914 4212 3144 4277 excerpt.
3172 4212 3241 4261 11

806 4376 839 4424 3
877 4369 1143 4439 uoluptas
1181 4367 1282 4426 ςΡ
1310 4367 1575 4423 uoluntas
1615 4364 1737 4419 FL
1908 4372 1943 4420 4
1978 4346 2062 4422 De
2099 4368 2279 4422 metro
2315 4366 2603 4422 trochaico
2639 4368 2968 4423 tetrametro
3005 4366 3108 4425 ςΡ
3144 4367 3245 4421 DE

629 4449 885 4505 METRO
925 4446 1342 4503 TROCHAICO
1379 4447 1433 4501 L
1469 4446 1567 4502 DE
1604 4445 1861 4501 METRO
1899 4444 2266 4501 TROCHICO
2306 4446 2369 4501 F
2496 4454 2525 4502 7
2564 4447 2740 4503 currit
2776 4446 2881 4505 ςΡ
2912 4448 3156 4502 cucurrit
3190 4447 3246 4501 L

629 4534 700 4585 cii
737 4528 799 4582 F
920 4528 1153 4583 alterius
1191 4527 1253 4582 F
1377 4534 1443 4583 10
1481 4525 1624 4581 dicit
1657 4542 1795 4582 corr.
1837 4525 1989 4581 dicat
2024 4526 2087 4580 F
2224 4531 2291 4580 14
2326 4525 2388 4580 in
2424 4542 2534 4595 quo
2571 4526 2876 4595 aliquando
2912 4526 3016 4585 ςΡ
3047 4526 3105 4582 in
3142 4527 3247 4582 ali-

628 4608 854 4678 quando
893 4607 955 4661 F
987 4608 1293 4677 aliquando
1332 4608 1388 4662 L
1517 4613 1583 4661 19
1621 4606 1692 4661 de
1728 4607 1976 4662 metricis
2012 4605 2075 4660 F
2195 4612 2264 4661 23
2302 4605 2533 4661 missum
2570 4605 2625 4659 L
2751 4611 2821 4660 24
2857 4606 3148 4676 rhythmos
3190 4607 3254 4661 F

734 4695 802 4744 27
850 4689 1103 4758 rythmos
1146 4705 1249 4759 per
1293 4704 1352 4743 se
1399 4686 1518 4743 sine
1563 4690 1744 4743 metro
1791 4702 1912 4741 esse
1955 4703 2070 4740 non
2117 4687 2308 4755 potest
2343 4686 2503 4754 (corr.
2543 4701 2665 4741 esse
2708 4687 2900 4755 potest
2932 4690 2983 4739 et
3017 4686 3148 4741 add.
3182 4688 3250 4740 in

626 4785 801 4838 marq.
823 4770 1063 4839 metrum
1083 4784 1215 4823 uero
1244 4767 1365 4822 sine
1392 4766 1561 4822 ritmo
1582 4783 1704 4822 esse
1721 4782 1837 4821 non
1863 4766 2075 4835 potest)
2102 4765 2254 4835 quod
2282 4765 2553 4833 liquidius
2571 4763 2635 4818 F
2737 4770 2807 4819 29
2828 4765 3079 4834 rythmos
3100 4766 3248 4819 ratio

628 4847 941 4905 modulatio
969 4845 1088 4901 sine
1115 4847 1349 4915 ratione,
1375 4848 1469 4901 sed
1497 4848 1665 4903 deleto
1692 4845 1839 4902 ratio
1869 4845 1929 4899 F
2034 4852 2103 4899 30
2131 4846 2304 4900 etiam
2333 4844 2547 4900 ratione
2578 4844 2640 4898 F
2741 4852 2805 4898 31
2838 4847 3117 4899 seruatam
3150 4860 3183 4902 ς
3200 4844 3250 4897 L
