3613 5528
1374 399 1469 454 DE
1508 402 2090 458 ORTHOGRAPHIA
2958 413 3034 474 71
3081 400 3088 410 '

425 514 471 551 p.
500 504 612 542 22³1.
640 504 692 541 ss
726 502 774 541 P.

428 585 776 647 scribebant.
834 605 942 647 nos
980 586 1050 647 ad
1091 586 1439 648 brevitatem
1478 588 1887 649 festinavimus
1925 589 2227 650 scribendi
2266 600 2326 653 et
2364 590 2523 652 illam
2559 595 3034 672 pinguitudinem

425 694 623 754 limare
670 694 1001 776 maluimuS,
1048 703 1167 755 tam
1214 694 1454 755 hercule
1502 713 1679 774 quam
1736 690 1891 756 ‘cur’
1950 700 2135 776 magis
2179 701 2530 773 scribimus,
2577 719 2756 775 quam
2819 697 3037 783 ‘quor’,

423 801 580 880 quod
638 820 827 880 genus
882 810 976 862 est
1031 797 1478 880 ἐτυμολογίας.
1572 811 1663 863 est
1728 805 1887 863 enim
1946 798 2074 863 ‘cui
2132 799 2280 886 rei’,
2345 806 2503 884 quod
2569 809 2859 885 significat
2926 805 3034 868 ‘ob

422 926 595 986 quam
655 902 841 969 rem’:
904 927 976 968 ex
1040 908 1152 969 boc
1214 912 1462 970 retinuit
1522 909 1894 971 consuetudo
1956 911 2241 971 hodierna
2307 921 2374 973 ut
2433 912 2770 975 diceremus
2831 934 3033 996 quare,

371 1036 398 1076 5
428 1015 582 1093 quod
644 1033 759 1075 una
820 1015 1037 1095 syllaba
1098 1019 1447 1095 castigatum
1510 1019 1576 1079 fit
1635 1036 1772 1098 cur,
1847 1017 2005 1096 quod
2068 1036 2177 1078 nos
2238 1023 2504 1080 contenti
2564 1040 2770 1082 sumus
2829 1041 2938 1102 per
3000 1042 3031 1083 c

418 1120 698 1182 scribere.
773 1130 834 1182 et
870 1122 943 1183 de
982 1123 1432 1203 quaestionibus
1472 1124 1710 1203 quidem
1758 1123 1832 1184 ad
1879 1134 2103 1185 rectam
2141 1128 2530 1206 scriptionem
2576 1128 3032 1211 pertinentibuS,

420 1237 707 1308 quantum
754 1231 1037 1289 memoria
1086 1230 1512 1312 suppeditavit,
1563 1230 1679 1308 [et]
1727 1232 1789 1291 in
1837 1233 2172 1310 praesentia
2220 1233 2457 1294 interim
2504 1237 2647 1295 satis
2693 1236 2785 1294 sit.

592 1335 676 1395 Ad
716 1343 948 1397 ceteras
996 1338 1176 1415 igitur
1223 1339 1602 1415 quaestiones
1642 1344 2033 1418 transeamuS,
2070 1339 2130 1397 in
2171 1337 2388 1417 quibus
2429 1341 2827 1402 animadverto
2875 1341 3029 1421 apud

412 1442 728 1523 plerosque
770 1443 781 1519 Ι
821 1444 1130 1504 confusam
1168 1447 1581 1504 tractationem
1618 1435 2018 1525 ὀρθοεπείας
2055 1453 2116 1505 et
2162 1435 2652 1525 ὀρθογραφίας,
2700 1465 2836 1507 cum
2875 1450 3031 1508 inter

336 1573 385 1611 ιο
413 1569 478 1610 se
536 1550 774 1611 distent.
858 1568 993 1610 nam
1044 1554 1105 1611 e‘n
1153 1541 1519 1635 ὀρθοεπείᾳ
1564 1570 1685 1612 non
1732 1554 2068 1633 quaeritur,
2115 1569 2232 1630 quo
2281 1551 2455 1612 modo
2504 1552 2885 1614 scribendum
2934 1556 3028 1635 sit,

415 1675 552 1718 cum
598 1657 669 1717 ad
718 1675 921 1718 vocem
968 1656 1218 1737 legentis
1266 1658 1567 1738 adlegatus
1614 1661 1692 1719 sit
1747 1658 1844 1719 ille
1893 1661 1994 1737 qui
2043 1660 2309 1740 scripsit,
2357 1658 2460 1718 sed
2509 1664 2601 1720 est
2648 1663 2916 1739 quaestio
2964 1663 3024 1722 in

414 1763 731 1844 loquendo,
780 1772 845 1823 ut
894 1764 1149 1843 forpices
1197 1773 1257 1825 et
1305 1765 1563 1845 forcipes
1611 1775 1671 1826 et
1717 1784 1956 1827 arcesso
1997 1775 2056 1828 et
2093 1784 2351 1827 accerso.
2427 1770 2490 1826 in
2529 1765 2621 1827 bis
2660 1769 2817 1828 enim
2856 1769 3024 1828 mini·

412 1889 575 1932 mum
633 1873 747 1931 erit
802 1870 1142 1954 dinoscere,
1198 1891 1316 1951 quo
1376 1871 1548 1932 modo
1605 1872 1908 1934 dicantur:
1967 1872 2216 1951 proinde
2274 1892 2341 1932 ac
2387 1872 2593 1932 dixero
2641 1873 2883 1949 scribes.
2960 1877 3021 1936 in

411 1978 629 2058 quibus
687 1987 880 2040 tamen
938 1979 1348 2040 adnotabimus
1405 1988 1637 2040 veteres
1693 1998 1801 2059 per
1859 1982 2416 2040 transmutationem
2463 1978 2715 2058 syllabae
2765 1981 3023 2060 forcipes

332 2106 381 2145 15
409 2084 645 2146 dixisse.
721 2104 855 2146 nam
903 2094 963 2146 et
1008 2085 1301 2165 Vergilius
1349 2081 1816 2165 ‘versantque
1865 2088 2107 2147 tenaci
2155 2086 2441 2165 forcipe
2491 2081 2847 2147 massam’:
2905 2088 3020 2147 for·

408 2194 571 2272 cipes
617 2192 869 2254 dicimus
915 2193 987 2253 ab
1036 2212 1106 2253 eo
1154 2191 1312 2272 quod
1360 2193 1616 2252 formum
1664 2195 1915 2273 capiant,
1960 2192 2020 2253 id
2067 2201 2159 2253 est
2204 2191 2476 2253 calidum.
2556 2202 2614 2252 et
2653 2194 2712 2252 in
2753 2212 2823 2253 eo
2862 2195 3019 2272 quod

408 2306 500 2358 est
555 2316 793 2359 arcesso
850 2306 910 2359 et
965 2316 1205 2358 accerso
1260 2304 1620 2377 putaverunt
1679 2297 1918 2377 quidam
1971 2298 2367 2359 differentiam
2423 2317 2584 2380 esse,
2652 2308 2721 2360 ut
2775 2318 3017 2361 accerso

408 2408 485 2465 sit
531 2424 675 2465 voco
725 2413 980 2467 tractum
1027 2404 1099 2464 ab
1146 2406 1446 2486 acciendo,
1492 2422 1729 2466 arcesso
1776 2423 2119 2465 summoveo
2167 2404 2240 2465 ab
2276 2405 2532 2466 arcendo
2572 2414 2843 2467 tractum.
2916 2408 3020 2467 sed

408 2521 789 2574 erraverunt:
843 2530 1081 2572 arcesso
1141 2513 1300 2572 enim
1351 2529 1460 2591 pro
1518 2530 1588 2571 eo
1646 2512 1806 2590 quod
1864 2520 1957 2572 est
2014 2530 2186 2572 arceo
2235 2531 2557 2592 numquam
2603 2515 2864 2591 positum
2912 2522 3020 2575 est.

333 2640 384 2677 20
412 2636 616 2678 verum
675 2617 830 2697 quod
882 2627 1091 2697 putant
1137 2637 1167 2678 r
1217 2617 1472 2678 litteram
1520 2617 1756 2679 obstare
1821 2620 2261 2701 significationi,
2319 2629 2546 2681 errant:
2601 2619 2638 2680 d
2686 2622 2845 2681 enim
2900 2638 3018 2681 non

416 2726 613 2786 minus
660 2727 721 2785 in
770 2743 800 2785 r
845 2724 1103 2786 litteram
1142 2726 1370 2807 transit,
1416 2742 1591 2805 quam
1629 2727 1689 2785 in
1729 2744 1780 2808 c,
1828 2743 1963 2786 cum
2003 2725 2135 2787 dico
2174 2735 2234 2788 et
2271 2726 2486 2788 accedo
2526 2734 2586 2789 et
2623 2727 3021 2811 accommodo,

407 2827 453 2908 †
498 2850 674 2910 quam
719 2832 875 2912 apud
922 2834 1197 2911 antiquos
1242 2835 1304 2893 in
1350 2850 1621 2913 arvorso,
1676 2834 1737 2892 in
1793 2836 2142 2895 arvorsario.
2227 2833 2383 2895 unde
2442 2852 2552 2913 pro
2608 2834 2898 2896 audiculis
2944 2835 3017 2896 ab

408 2937 706 2999 audiendo
745 2938 1043 3000 auriculas
1079 2938 1332 2999 dicimus
1370 2948 1430 3000 et
1468 2937 1776 2999 meridiem
1814 2958 1924 3018 pro
1956 2939 2148 3000 medio
2178 2940 2273 3001 die
2304 2940 2619 3020 loquimur.
2694 2940 2826 3001 ideo
2875 2960 3016 3020 ergo

410 3087 467 3094 .-

551 3162 729 3219 Codex
770 3165 1069 3220 Parrhasii
1142 3170 1170 3218 1
1211 3153 1270 3219 et
1303 3163 1484 3235 illam]
1523 3163 1737 3218 nullam
1874 3169 1907 3216 2
1945 3164 2065 3217 tam
2100 3163 2325 3218 hercule
2362 3180 2532 3232 quam
2568 3180 2678 3233 quo
2708 3164 2888 3233 magis
2918 3164 3015 3234 qui

407 3277 578 3329 genus
606 3264 695 3317 est
732 3256 1085 3333 ἐτομολογῗαι
1121 3265 1206 3318 est
1241 3262 1392 3317 enim
1421 3260 1511 3315 cui
1548 3276 1634 3315 res
1776 3264 1810 3313 5
1851 3260 2002 3328 quod
2032 3260 2167 3331 una]
2208 3277 2318 3329 quo
2348 3278 2458 3316 una
2603 3268 2634 3316 6
2674 3261 3010 3330 quaestioni-

408 3340 534 3412 bus]
572 3343 1081 3412 praepositionibus
1260 3348 1292 3396 9
1341 3336 1678 3409 ὄρθοεπειαι
1716 3344 1774 3395 et
1811 3334 2231 3410 ὀρθογραφειαι
2413 3347 2480 3396 10
2528 3358 2658 3396 nam
2693 3335 3010 3410 ὀρθοεπεια

409 3438 514 3475 non
552 3423 838 3490 quaeritur
1001 3430 1063 3477 11
1104 3422 1369 3495 legentis]
1407 3420 1550 3492 legis
1715 3425 1779 3474 12
1820 3437 2042 3475 accerso
2082 3420 2170 3475 his
2207 3420 2357 3542 enign
2516 3428 2580 3475 14
2617 3419 3011 3475 adnotauimus

410 3560 470 3607 17
500 3554 754 3628 quidam]
785 3557 1067 3625 quandam
1210 3562 1280 3611 20
1308 3557 1514 3626 putant
1539 3572 1574 3610 a
1599 3555 1849 3610 litteram
1993 3561 2062 3608 22
2090 3571 2193 3624 pro
2223 3554 2484 3621 auriculis
2520 3554 2588 3609 G:
2624 3554 2660 3610 d
2687 3571 2954 3625 super-scr.
2983 3572 3012 3610 c

500 3640 566 3688 23
606 3634 731 3690 ideo
770 3637 928 3708 ergo]
967 3636 1027 3691 id
1066 3653 1198 3705 ergo
2023 3678 2060 3704 ,

579 3839 611 3886 3
658 3835 744 3888 est
790 3833 938 3888 enim
988 3832 1078 3888 cui
1125 3850 1183 3888 re
1228 3833 1311 3886 vel
1347 3830 1446 3901 qui
1492 3847 1552 3885 re
1593 3828 1980 3884 Commelinus.
2018 3832 2104 3884 est
2139 3829 2287 3885 enim
2326 3831 2416 3886 cui
2451 3830 2534 3885 rei
2574 3830 2871 3885 Putschius

406 3916 438 3964 4
473 3929 642 3979 quare
679 3931 789 3983 quo
825 3930 940 3968 una
976 3914 1192 3983 syllaba
1227 3913 1566 3982 castigatum
1605 3909 1679 3964 sit
1713 3909 1793 3978 R,
1832 3910 1931 3965 ubi
1967 3908 2304 3979 castigatum
2341 3911 2405 3965 fit
2439 3910 2610 3965 edidit
2649 3909 3010 3963 Commelinus

508 3999 539 4047 6
579 3995 637 4048 et
672 3994 741 4048 de
777 3992 1281 4064 praepositionibus
1319 3992 1545 4059 quidem
1584 3990 1640 4045 R
1787 3995 1853 4044 10
1891 4006 2021 4043 nam
2059 3993 2370 4059 ορθοεπεια
2409 4006 2519 4044 non
2558 3989 2778 4058 quaerit
2813 3988 2893 4042 R:
2937 3990 3007 4057 cf.

394 4087 454 4139 p.
492 4078 583 4139 66,
620 4078 695 4128 12
868 4081 929 4127 11
980 4075 1052 4129 ad
1099 4090 1295 4129 vocem
1342 4071 1486 4142 legis
1523 4071 1605 4138 R,
1652 4071 1724 4125 ad
1763 4069 1915 4125 vocis
1961 4071 2145 4141 legem
2184 4071 2240 4125 R
2286 4073 2349 4127 in
2386 4071 2721 4140 corriyendis
2756 4075 2807 4124 et
2842 4071 3008 4125 editio

405 4151 716 4208 Commelim'
860 4158 925 4207 12
963 4157 1029 4208 ut
1065 4153 1304 4223 forcipes
1342 4155 1401 4207 et
1434 4150 1690 4221 forpices.
1747 4153 1805 4205 et
1852 4167 2070 4205 arcesso
2110 4154 2170 4206 et
2205 4169 2451 4207 accerso:
2499 4152 2589 4206 his
2626 4151 2776 4206 enim
2812 4152 2885 4205 R.
2949 4152 3007 4205 in

401 4230 487 4285 his
514 4233 661 4287 enim
690 4233 959 4289 Semlerus
1104 4240 1168 4288 13
1208 4232 1416 4288 scribes
1442 4231 1582 4286 mihi
1613 4231 1815 4300 quibus
1841 4235 2035 4287 tamen
2062 4232 2454 4288 adnotauimus
2481 4232 2538 4287 R
2667 4237 2730 4287 15
2758 4234 3005 4287 versant-

402 4312 528 4384 que]
578 4313 731 4384 νοτ-9.
768 4329 946 4384 qeory.
987 4315 1154 4368 IIII
1189 4318 1296 4368 175
1446 4319 1510 4367 17
1548 4314 1894 4382 putauerunt
1930 4312 2210 4379 quandam
2247 4311 2622 4366 differentiam
2651 4328 2768 4366 esse
2796 4311 2866 4366 R.
2907 4310 3005 4365 sed

402 4391 628 4459 quidam
665 4392 1039 4448 differentiam
1079 4409 1198 4448 esse
1237 4390 1559 4458 voluerunt,
1598 4393 1661 4445 ut
1699 4407 1918 4446 arcesso
1956 4392 2184 4462 quidem
2222 4393 2295 4447 ab
2333 4409 2398 4447 eo
2435 4393 2604 4447 verbo
2644 4394 2815 4460 esset,
2855 4393 3002 4461 quod

401 4473 485 4525 est
529 4489 716 4542 arce0,
765 4489 988 4528 accerso
1034 4489 1167 4528 vero
1214 4473 1285 4527 ab
1333 4488 1399 4526 eo
1447 4471 1597 4539 quod
1642 4476 1731 4528 est
1774 4473 1932 4528 accio
1970 4472 2218 4529 Scaurus
2259 4489 2315 4541 p.
2355 4477 2450 4537 26,
2481 4478 2543 4527 5.-
2590 4472 2658 4538 cf.
2701 4472 3001 4541 Papirion.

399 4553 551 4620 apud
587 4553 830 4608 Cassiod.
862 4571 921 4622 p.
952 4559 1109 4609 2295
1254 4558 1324 4606 20
1363 4552 1510 4620 quod
1546 4556 1751 4621 putant
1787 4570 1824 4607 a
1858 4553 2108 4609 litteram
2145 4552 2223 4621 R,
2264 4553 2414 4621 quod
2451 4553 2651 4621 putant
2687 4570 2714 4605 r
2749 4552 3000 4608 litteram

400 4625 756 4688 Schneider-us
799 4650 1023 4703 yramm.
1063 4634 1158 4687 lat.
1206 4648 1254 4688 v.
1296 4633 1338 4685 I
1376 4648 1433 4700 p.
1474 4637 1583 4686 639
1747 4639 1812 4687 21
1852 4633 2089 4699 fortasse
2131 4649 2257 4685 eum
2303 4631 2540 4684 dicimus
2587 4634 2646 4686 et
2690 4634 2895 4688 accedo
2942 4636 3002 4688 et

399 4713 782 4781 accommodo,
830 4714 889 4766 et
930 4711 1080 4781 apud
1127 4710 1387 4778 antiquos
1423 4710 1734 4765 invenimus
1768 4713 1830 4766 in
1867 4727 2117 4779 arvorso,
2166 4710 2226 4763 in
2263 4709 2588 4764 arvorsariO.
2645 4728 2776 4765 nam
2813 4729 2998 4780 quam,

392 4808 497 4860 pro
539 4809 644 4861 quo
688 4794 979 4861 tamquam
1023 4791 1370 4847 scribendum
1406 4807 1513 4845 esse
1550 4790 1911 4847 Schneiderus
1958 4785 2213 4856 coniecit,
2260 4806 2327 4844 ex
2360 4790 2734 4858 &operior-ibus
2780 4793 2999 4847 videtur

400 4873 677 4940 repetitum
711 4889 822 4928 esse
963 4879 1031 4928 23
1069 4873 1129 4928 id
1166 4889 1299 4942 ergo
1334 4871 1391 4927 R
