3613 5528
643 384 776 450 408
1766 383 2115 440 DOSITHEI

639 498 685 535 p.
714 485 780 525 ss.
809 484 858 525 37
887 484 972 553 1⁷1.⁴

1606 564 1725 630 DE
1771 564 2271 631 PARTICIPIO

816 711 1201 793 participium
1260 720 1351 774 est
1410 712 1589 774 dictio
1650 714 1943 794 originem
2006 713 2248 775 trahens
2305 731 2337 773 a
2394 715 2630 774 nomine
2688 721 2749 773 et
2794 733 2824 774 a
2873 714 3054 775 verbo
3110 734 3248 776 cum

641 825 907 899 tempore
977 828 1038 880 et
1099 839 1240 881 casu
1304 830 1365 881 et
1427 839 1664 901 genere.
1762 823 2142 902 participium
2210 829 2406 883 autem
2473 820 2699 882 dictum
2764 820 3024 903 videtur,
3088 821 3246 902 quod

640 934 870 1005 partem
916 928 1108 1007 capiat
1154 930 1439 1010 nominiS,
1484 936 1713 1008 partem
1761 927 1943 989 verbi.
2034 929 2345 1009 participio
2393 928 2669 990 accidunt
2704 947 2737 989 a
2775 931 3011 991 nomine
3058 948 3248 1009 genus

642 1041 703 1093 et
748 1052 946 1115 casus,
1001 1053 1032 1095 a
1094 1035 1275 1096 verbo
1335 1034 1587 1115 qualitas
1642 1044 1704 1096 et
1761 1043 2031 1118 tempus,
2085 1035 2157 1097 ab
2220 1044 2475 1115 utroque
2531 1053 2818 1098 numerus
2867 1032 2877 1117 Ι
2928 1043 2988 1097 et
3042 1037 3246 1117 figura.
3304 1052 3333 1092 ⁵

640 1158 855 1219 genera
904 1143 1230 1222 participiis
1268 1141 1567 1224 accidunt,
1616 1143 2024 1225 masculinum,
2069 1151 2136 1204 ut
2172 1142 2267 1204 hic
2307 1144 2526 1225 factus,
2574 1143 2948 1224 femininum,
2996 1153 3063 1204 ut
3099 1143 3246 1205 haec

641 1249 809 1329 sacta,
847 1258 1153 1331 neutrum,
1199 1258 1266 1311 ut
1292 1249 1404 1310 hoc
1434 1251 1682 1331 sactum,
1729 1269 2073 1333 commune,
2120 1258 2187 1312 ut
2215 1251 2463 1312 faciens:
2519 1257 2813 1333 tempora,
2841 1252 3248 1333 praeteritum,

640 1364 708 1417 ut
752 1355 1070 1438 iaculatuS‚
1114 1375 1424 1440 praesen8‚
1470 1366 1536 1419 ut
1572 1357 1852 1433 iaculans,
1899 1357 2186 1433 futurum,
2233 1365 2300 1419 ut
2337 1356 2719 1419 iaculaturuS.
2782 1356 3032 1438 qualitas
3067 1360 3249 1437 parti-

641 1463 933 1542 cipiorum
971 1465 1127 1525 sicut
1162 1464 1508 1526 verborum:
1546 1473 1647 1525 aut
1684 1467 1844 1526 enim
1883 1467 2115 1544 agentia
2153 1473 2291 1527 sunt
2328 1474 2431 1526 aut
2466 1467 2747 1544 patientia
2785 1473 2888 1526 aut
2915 1467 3251 1527 communia

641 1579 742 1632 aut
788 1580 1001 1632 neutra
1048 1579 1149 1632 aut
1193 1570 1564 1652 deponentia.
1657 1571 2055 1633 convivandus
2103 1590 2219 1633 non
2257 1572 2539 1654 dicimus3
2587 1571 3012 1633 convivandum
3054 1581 3250 1633 tamen
3282 1590 3336 1629 ιο

645 1677 897 1738 dicimus
943 1678 1131 1758 figura
1177 1681 1316 1761 ista,
1376 1698 1488 1760 qua
1538 1680 1598 1740 in
1646 1678 1923 1741 omnibus
1983 1678 2180 1741 verbis
2237 1682 2486 1761 utimur,
2540 1677 2886 1740 luctandum
2940 1680 3083 1740 mihi
3139 1688 3252 1741 est.

641 1787 876 1846 numeri
922 1785 1068 1866 duo,
1114 1786 1430 1867 singularis
1478 1795 1539 1847 et
1592 1785 1854 1867 pluralis
1948 1786 2170 1866 figurae
2226 1786 2405 1868 duae,
2468 1785 2721 1866 simplex
2783 1795 2844 1849 et
2906 1779 3250 1867 composita.

820 1892 973 1954 Sunt
1019 1892 1202 1955 multa
1249 1895 1486 1955 nomina
1533 1912 1683 1972 quae
1732 1895 1992 1974 speciem
2039 1895 2489 1974 participiorum
2534 1893 2781 1977 habent,
2838 1903 2903 1957 ut
2950 1897 3252 1956 tunicatus
3586 1915 3587 1932 ³

640 1999 929 2080 galeatus3
995 2018 1144 2079 quae
1209 2003 1356 2077 quia
1418 2008 1648 2081 partem
1703 2019 1735 2061 a
1793 2000 1974 2061 verbo
2040 2018 2157 2061 non
2223 1999 2471 2082 habent,
2534 2020 2654 2062 non
2720 2009 2882 2063 recte
2939 2003 3251 2082 participia

641 2107 937 2169 dicuntur.
1032 2116 1172 2170 sunt
1216 2106 1480 2189 aequalia
1528 2109 1794 2189 nomina,
1850 2125 2000 2187 quae
2049 2109 2406 2168 nominativo
2463 2126 2603 2169 casu
2660 2109 2988 2189 participiis
3034 2108 3252 2170 similia
3283 2125 3336 2166 15

642 2215 941 2297 videntur,
997 2223 1065 2277 ut
1110 2214 1306 2276 cultus
1353 2234 1562 2295 passus
1611 2217 1798 2297 visus„
1857 2234 2115 2295 quorum
2161 2215 2446 2310 discretio
2493 2213 2885 2276 declinatione
2932 2214 3249 2296 detegitur.

817 2322 966 2385 Illud
1031 2321 1466 2384 observandum
1531 2332 1650 2403 est,
1722 2321 2187 2401 inpersonalium
2251 2320 2569 2383 verborum
2634 2324 2873 2383 omnino
2938 2323 3250 2402 participia

640 2448 763 2491 non
803 2447 964 2509 esse,
1002 2432 1266 2509 quamvis
1305 2431 1493 2491 visum
1535 2429 1715 2491 suerit
1755 2428 2011 2490 Salustio
2048 2429 2248 2491 dicere
2288 2424 2808 2509 ‘paenitentem
2845 2424 3252 2511 Lepidum’3

642 2543 703 2596 et
748 2536 997 2615 pudens,
1096 2536 1200 2597 sed
1256 2538 1441 2616 magis
1497 2534 1808 2616 appellatio
1867 2554 2043 2615 quam
2097 2537 2472 2617 participium
2528 2545 2648 2618 est,
2704 2526 2740 2598 ὁ
2789 2528 3253 2618 αἰσχυντηρός,

644 2641 799 2703 unde
846 2641 1143 2722 inpudens
1188 2633 1224 2704 ὅ
1272 2634 1734 2723 ἀναίσχυντος.
2647 2633 2655 2640 ’
3281 2662 3336 2701 20

1632 2871 1752 2938 DE
1801 2870 2257 2938 ADVERBIO

819 3019 1107 3081 Adverbia
1154 3029 1255 3081 aut
1301 3038 1442 3081 suae
1488 3022 1801 3100 positionis
1847 3028 1988 3080 sunt
2033 3029 2136 3080 aut
2191 3019 2262 3080 ab
2320 3018 2449 3080 aliis
2506 3028 2834 3082 transeunt.
2927 3039 2959 3080 a
3005 3036 3068 3081 se
3117 3039 3251 3082 nas-

643 3135 889 3208 cuntur,
954 3134 1020 3188 ut
1082 3125 1214 3187 heri
1277 3144 1495 3206 nuper,
1567 3125 1642 3186 ab
1705 3124 1873 3207 aliis,
1940 3125 2112 3187 docte
2176 3126 2520 3206 prudenter.
2629 3126 2908 3189 adverbio
2973 3126 3253 3189 accidunt

644 3234 992 3314 significatio
1039 3235 1401 3313 comparatio
1448 3234 1654 3313 figura.

822 3341 1295 3420 Significationes
1315 3338 1728 3403 adverbiorum
1750 3337 1969 3401 multae
2001 3347 2141 3401 sunt
2169 3326 2487 3421 σημασίαι
2516 3333 2982 3422 ἐπιρρημάτων
3009 3340 3262 3404 πολλαί
3280 3368 3334 3409 2⁶

824 3502 1006 3557 Codeae
1041 3501 1433 3572 Sangallenais.
1509 3509 1573 3557 11
1605 3502 1967 3558 luctuandum
2115 3507 2182 3555 14
2211 3501 2347 3572 quia
2372 3520 2471 3559 om.
2624 3509 2685 3559 15
2715 3502 2974 3560 dicuntur
3001 3506 3073 3561 al.
3102 3523 3252 3563 man.

642 3584 1067 3653 superam-{ptum
1104 3588 1181 3636 eat
1326 3589 1392 3639 18
1429 3583 1774 3653 penitentem
1917 3588 1988 3638 20
2025 3577 2418 3655 ἀναίσχυντος]
2456 3601 2794 3649 αναισυπος
2948 3591 3019 3640 25
3055 3585 3251 3642 aduer-

641 3666 859 3720 biorum
898 3656 1335 3732 significationes
1372 3665 1504 3718 sunt
1538 3663 1749 3718 multae
1785 3662 2063 3739 signifieat
2111 3665 2410 3732 (corn-ant)
2457 3663 2604 3718 3111111
2650 3666 2874 3734 tempus
2920 3664 3137 3720 finitum
3187 3668 3254 3721 ut

640 3744 934 3815 diequarte
992 3762 1073 3806 εις
1127 3762 1397 3813 τεταρτην
1446 3744 1611 3798 hodie
1649 3751 1857 3815 σημερό
1899 3761 2021 3800 cras
2059 3762 2223 3814 αυριο
2260 3743 2524 3812 perendie
2570 3762 2711 3814 μετα
2757 3763 2858 3813 την
2913 3764 3115 3815 avom
3169 3765 3253 3809 εις

642 3844 709 3892 τη
747 3843 937 3893 totvm
974 3824 1066 3879 die
1104 3827 1303 3893 quarto
1343 3843 1424 3887 εις
1459 3844 1527 3893 τη
1564 3842 1791 3894 vetante
1831 3841 2011 3895 ημερα
2047 3823 2179 3878 here
2217 3824 2275 3877 313
2310 3822 2433 3877 heri
2469 3825 2615 3892 χθης

823 3991 889 4040 13
929 3982 1071 4040 Sunt
1104 3984 1286 4040 multa
1322 3985 1571 4058 nomina]
1612 3984 1826 4040 charis.
1858 3990 2159 4054 p.180‚20
2194 3983 2379 4040 Diam.
2399 4000 2462 4053 p.
2491 3987 2705 4054 402‚23
2729 3984 2937 4043 Donat.
2958 4002 3019 4054 p.
3041 3989 3250 4054 388‚12

720 4071 784 4122 13
822 4081 965 4136 quae
1003 4082 1131 4120 cum
1167 4067 1386 4135 partem
1431 4064 1589 4122 verbi
1634 4082 1746 4120 non
1791 4065 2039 4118 habeant
2075 4063 2387 4131 Charisius,
2441 4081 2585 4134 quae
2641 4063 2775 4133 quia
2826 4081 2863 4119 a.
2913 4066 3085 4121 verbo
3138 4083 3252 4122 non

645 4146 879 4202 veniunt
920 4145 1247 4201 Diomedes·
1360 4152 1426 4201 17
1482 4146 1631 4200 Illud
1683 4143 2118 4214 observandum]
2175 4143 2357 4198 Diom.
2403 4160 2463 4212 p.
2522 4148 2723 4210 363,19
2871 4150 2935 4198 18
2985 4143 3250 4214 Salustio]

645 4227 900 4297 quamvis
958 4225 1255 4282 Sallustius
1310 4225 1518 4281 dixerit
1578 4224 1638 4281 in
1699 4223 1885 4295 prima
1946 4220 2182 4278 historia.
2236 4222 2534 4292 ‘Lepidum
2592 4225 2973 4293 paenitentem
3021 4225 3247 4281 consili’

648 4309 934 4363 Charisius
961 4324 1022 4375 p.
1060 4309 1262 4371 253,11
1408 4311 1476 4359 22
1514 4305 1819 4376 Adverbia]
1863 4303 2074 4358 Charis.
2105 4319 2166 4372 p.
2205 4298 2447 4371 ’18’0,28Ἰ
2560 4309 2628 4357 25
2668 4303 3116 4377 Significationes
3154 4305 3251 4360 ad-

645 4387 987 4457 verbiorum]
1029 4384 1242 4441 C'haris.
1271 4402 1332 4455 p.
1371 4391 1579 4454 187,24
1615 4407 1633 4439 .-
1669 4387 1740 4453 cf.
1777 4384 1963 4438 Diom.
1998 4399 2057 4453 p.
2087 4387 2249 4452 404,4
2289 4424 2300 4436 .
2344 4380 2786 4452 Significationee
2810 4416 2871 4423 —
2895 4391 3085 4455 411,11
3127 4402 3252 4455 pro-

646 4466 876 4523 hibendi
911 4483 981 4521 ne
1019 4462 1093 4537 μή
1133 4482 1272 4520 neve
1311 4462 1449 4535 μήτε
1486 4467 1699 4536 scripta
1731 4469 1866 4519 sunt
1900 4463 1964 4517 in
1999 4463 2180 4518 codice
2218 4465 2546 4519 Monacensi
2582 4469 2689 4520 601
2728 4465 2847 4534 (M)
3007 4483 3250 4535 σημασια

646 4549 1078 4620 significationes
1112 4547 1121 4619 Ι
1154 4565 1513 4616 επιρηματων
1549 4546 1941 4602 aduerbiorum
1973 4546 1984 4613 1
2013 4547 2192 4598 πολλα
2229 4563 2370 4600 stow
2406 4544 2620 4599 multae
2647 4548 2779 4600 sunt
2807 4548 2816 4617 Ι
2849 4563 3108 4616 σημαιυει
3146 4563 3252 4615 γαρ

646 4628 928 4699 significat
964 4627 1112 4684 enim
1143 4630 1152 4696 Ι
1185 4646 1401 4696 χρονων
1438 4647 1515 4690 ως
1549 4629 1772 4697 tempus
1810 4628 1875 4679 ut
1909 4625 1993 4694 (in
2026 4641 2199 4696 mar-9.
2237 4625 2478 4695 finitum)
2509 4627 2519 4695 Ι
2551 4643 2793 4695 σημερον
2829 4625 2995 4681 11οά13
3036 4628 3048 4695 Ι
3086 4646 3251 4697 avoco

646 4726 770 4765 cras
820 4711 830 4778 Ι
879 4728 1020 4779 μετα
1066 4727 1168 4776 την
1214 4727 1414 4775 αυριον
1461 4707 1727 4777 perendie
1776 4710 1784 4774 Ι
1837 4725 1917 4767 εις
1961 4722 2222 4774 tuton-nv
2266 4704 2327 4759 in
2363 4705 2453 4760 die
2490 4705 2658 4760 tertio
2712 4709 2721 4775 Ι
2771 4724 2854 4768 εις
2907 4725 2974 4775 τη
3024 4724 3249 4775 remote

650 4792 852 4858 quarto
906 4793 915 4857 Ι
967 4807 1148 4858 ημερα
1187 4791 1333 4858 istm
1387 4787 1478 4843 die
1521 4788 1645 4842 heri
1693 4788 1779 4857 (in
1813 4802 1987 4855 man-9.
2028 4789 2088 4842 et.
2113 4786 2266 4856 here)
2311 4805 2502 4855 τριτην
2546 4804 2729 4856 ημερα
2765 4785 2967 4841 nudius
3001 4785 3201 4841 tertius
3243 4790 3249 4855 ,Ι

648 4887 778 4938 otoo:
817 4880 923 4938 οψε
963 4885 1086 4925 sero
1117 4871 1126 4942 Ι
1159 4885 1322 4924 mane
1359 4884 1590 4939 uespere
1621 4873 1631 4939 Ι
1662 4886 1875 4937 εσπερα
1912 4885 2113 4929 νυκτος
2149 4866 2401 4936 uesperio
2440 4869 2603 4922 nocte
2643 4867 2717 4921 M
