3613 5528
591 419 725 486 270
1771 423 2018 478 BEDAE

591 530 635 567 p.
664 521 783 561 27⁸2.
810 520 865 562 εε
891 521 941 562 1³.

768 605 1058 670 Delictum
1088 614 1397 685 peccatum
1423 606 1663 688 aliquod
1692 607 1964 690 dicimus,
1983 609 2280 670 delectum
2309 609 2549 671 militiae
2574 618 2677 672 aut
2704 610 2955 673 alicuius
2982 612 3197 672 exami-

594 713 689 772 nis
734 711 1083 776 electionem
1127 713 1571 794 appellabimus.
1659 734 1794 776 nam
1841 723 1903 777 et
1958 715 2122 796 diligi
2177 717 2505 780 affectionis
2565 727 2683 801 est,
2737 716 2914 798 deligi
2976 719 3196 780 iudicii.

769 817 1029 882 Daemon
1074 838 1183 901 per
1227 819 1638 901 diphthongon
1685 822 2006 906 notandus,
2051 822 2202 885 deus
2247 841 2356 903 per
2400 842 2435 883 ε
2482 823 2683 886 solam.

769 924 1088 990 Damnatus
1125 936 1184 988 et
1229 926 1501 991 addictus
1539 939 1601 990 et
1644 928 1980 993 absolutus:
2026 929 2319 1010 Vergilius
2367 923 2545 1012 (Aen.
2576 932 2717 992 XII
2752 925 2914 1013 727)
2961 925 3199 1011 ‘quem

585 1032 872 1098 damnet
917 1028 1170 1114 labor',
1213 1035 1274 1096 id
1319 1044 1414 1097 εει
1458 1037 1650 1097 virtus
1693 1054 1802 1099 sua
1849 1035 2110 1099 absolvat
2154 1044 2257 1097 aut
2302 1038 2586 1099 victorem
2634 1038 2824 1099 faciat.
2867 1035 2878 1119 Ι
3255 1054 3280 1095 ⁶

769 1139 1000 1206 1)on
1047 1158 1157 1220 per
1201 1143 1221 1202 i
1268 1140 1681 1220 scribendum,
1728 1163 1850 1205 non
1896 1142 2130 1205 doleum
2178 1162 2287 1225 per
2335 1162 2384 1204 ε.

767 1246 1015 1308 Dilectio
1059 1256 1124 1312 et
1176 1247 1355 1329 diligo
1411 1267 1520 1329 per
1567 1252 1585 1311 i
1641 1259 1706 1312 et
1761 1270 1913 1331 quae
1960 1250 2335 1313 declinantur
2392 1252 2516 1312 sive
2570 1250 2916 1313 derivantur
2962 1271 3034 1313 ex
3092 1251 3203 1335 bis,

589 1352 903 1414 delectatio
951 1362 1012 1415 et
1057 1353 1322 1418 delector
1367 1363 1430 1416 et
1478 1374 1629 1436 quae
1675 1356 2051 1421 declinantur
2098 1377 2168 1419 ex
2217 1360 2305 1419 eis
2351 1376 2460 1438 per
2505 1377 2539 1418 e
2586 1356 2915 1419 scribenda.

767 1460 1134 1524 Domuncula
1181 1461 1576 1539 conclavium,
1625 1464 1838 1533 domus
1884 1464 2276 1546 domicilium,
2322 1462 2529 1525 nidum
2574 1465 2713 1525 avis.

769 1568 1075 1632 Descende
1104 1577 1337 1632 montes
1365 1570 1565 1634 dicere
1595 1579 1784 1654 poteS,
1812 1571 1869 1633 id
1901 1580 1995 1633 εει
2021 1590 2131 1653 ρει·
2159 1579 2393 1633 montes
2423 1569 2513 1631 vel
2540 1572 2601 1630 in
2631 1579 2884 1653 montes,
2903 1572 3200 1636 descendo
3233 1590 3284 1629 10

592 1672 778 1735 scalas
823 1662 927 1736 ant
989 1676 1305 1756 piscinam,
1351 1676 1410 1738 id
1458 1685 1553 1739 est
1606 1697 1714 1759 per
1761 1678 1948 1741 scalas
1993 1688 2056 1740 et
2100 1697 2209 1766 ρει·
2253 1679 2557 1760 piscinam.
2641 1677 2956 1757 degredior
3000 1688 3201 1741 monte

591 1782 845 1843 dicimus
889 1788 1054 1842 recte
1102 1789 1163 1842 ει
1207 1782 1607 1861 significamus
1653 1784 1727 1848 de
1773 1793 1992 1846 monte.

629 1885 634 1894 '
771 1889 1111 1949 Discrucior
1158 1895 1219 1954 et
1263 1889 1503 1954 crucior
1548 1892 1728 1952 animi
1775 1898 1838 1952 et
1882 1892 2077 1952 animo
2125 1899 2186 1952 ει
2231 1892 2512 1954 animum.

774 1995 968 2082 Decus
1013 1994 1288 2075 honoris,
1335 1995 1516 2057 decor
1562 1999 1787 2058 formae
1833 2004 1942 2059 εει.

770 2102 1023 2163 Deliciae
1072 2110 1132 2164 et
1177 2101 1414 2163 divitiae
1462 2121 1578 2165 non
1625 2103 1848 2167 liabent
1893 2123 2209 2167 numerum
2255 2105 2632 2186 singularem.
3230 2124 3283 2166 ιε

772 2208 1061 2271 Denarius
1097 2208 1274 2272 latine
1313 2209 1622 2272 masculini
1657 2213 1900 2291 generis
1937 2221 2056 2294 est,
2093 2211 2378 2274 denarion
2414 2230 2627 2292 graece
2667 2213 2881 2274 neutri.
2942 2212 3204 2292 dialogos

594 2333 834 2396 graece,
880 2315 1199 2395 disputatio
1246 2315 1442 2377 latine.
1516 2315 1716 2378 drama
1763 2336 1976 2398 graece
2023 2320 2224 2380 neutri
2267 2321 2533 2401 generis,
2577 2318 2756 2380 latine
2802 2318 3015 2381 fabula.

487 2416 496 2420 ’
773 2423 1103 2485 Defunctus
1149 2441 1286 2484 cum
1332 2425 1558 2504 scripto
1604 2424 1908 2507 dividitur,
1953 2444 1986 2486 c
2034 2427 2308 2505 sequenti
2353 2425 2603 2507 syllabae
2650 2426 2963 2507 iungenda.

772 2529 1081 2611 DidymuS,
1116 2528 1176 2592 id
1214 2539 1308 2592 est
1342 2534 1635 2614 geminus,
1669 2535 1860 2613 prima
1894 2530 2119 2611 syllaba
2154 2550 2263 2612 per
2299 2535 2348 2615 i,
2385 2532 2645 2594 secunda
2682 2551 2793 2613 per
2830 2553 2866 2613 y
2902 2531 3203 2596 scribitur.

773 2635 1262 2719 Deliramentum‚
1315 2655 1435 2699 non
1489 2638 1989 2715 delerameutum‚
2044 2641 2182 2718 quia
2236 2658 2268 2699 a
2324 2638 2506 2700 verbo
2563 2640 2703 2722 liro,
2757 2640 2817 2702 id
2870 2648 2966 2701 εει
3019 2639 3204 2724 sulco,
3232 2658 3287 2698 20

596 2745 887 2826 originem
933 2742 1141 2826 trahit3
1187 2752 1248 2806 ει
1291 2746 1449 2807 sicut
1493 2744 1702 2831 boves„
1747 2764 1887 2809 cum
1930 2766 1967 2808 a
2003 2755 2170 2809 recto
2208 2746 2475 2810 sulcandi
2517 2756 2655 2810 actu
2698 2746 3015 2829 deffluent,
3060 2746 3204 2808 deli·-

598 2870 731 2913 rare
778 2852 1080 2932 dicuntur,
1127 2853 1215 2915 sic
1261 2859 1323 2913 et
1366 2852 1637 2916 homines
1681 2857 1789 2934 qui
1835 2853 1908 2915 de
1953 2852 2126 2915 bonis
2172 2854 2243 2914 ad
2290 2852 2440 2915 mala
2485 2853 2665 2915 corda
2711 2853 3042 2916 devertunt.

775 2956 1139 3041 Dilucidum,
1184 2977 1304 3020 non
1352 2958 1722 3044 deluculum,
1769 2962 1908 3041 quia
1954 2960 2244 3022 modicam
2289 2960 2409 3023 diei
2454 2959 2648 3024 lucem
2695 2961 2973 3027 ostendit.

775 3064 1148 3127 Desiderium
1183 3073 1280 3127 est
1311 3085 1518 3128 rerum
1556 3065 1893 3133 absentium
1935 3076 1996 3129 et
2030 3067 2294 3129 nondum
2331 3067 2695 3147 adeptarum,
2718 3068 3206 3147 concupiscentia

599 3181 1006 3252 utrorumque.
1082 3175 1589 3252 concupiscuntur
1645 3176 1803 3235 enim
1862 3193 2015 3253 quae
2070 3173 2373 3236 habentur·
2408 3182 2472 3236 et
2520 3193 2671 3255 quae
2714 3192 2838 3239 non
2890 3173 3203 3236 habentur.
3232 3193 3288 3233 εἰ»

597 3296 733 3341 nam
788 3278 1262 3359 concupiscendo
1317 3280 1539 3340 fruitur
1603 3280 1781 3341 homo
1838 3279 2020 3342 rebus
2076 3299 2224 3361 quas
2289 3279 2491 3362 habet3
2557 3278 2950 3345 desidoeando
3005 3289 3202 3343 autem

599 3386 865 3448 absentia
911 3387 1296 3467 concupiscit.

776 3493 935 3556 Dure
980 3492 1247 3571 regulae,
1293 3493 1524 3554 duriter
1569 3493 1940 3573 antiquitatis
1985 3500 2094 3555 est.

776 3600 910 3661 Dito
956 3606 1015 3660 et
1061 3599 1244 3661 divito
1291 3598 1449 3662 idem
1496 3607 1555 3660 et
1600 3596 1926 3681 locupleto,
1970 3618 2182 3681 graece
2228 3598 2573 3676 πλουτίζω.

777 3706 1031 3768 Decurio
1078 3706 1379 3768 decuriavi
1424 3714 1485 3768 et
1528 3705 1780 3767 decumo
1828 3706 2138 3768 decumavi
2183 3725 2370 3769 unum
2417 3715 2536 3788 est,
2582 3725 2791 3787 graece
2840 3704 3111 3770 δεκατῶ.
3231 3694 3312 3765 so'

778 3813 1088 3875 Dimittere
1142 3821 1235 3874 est
1287 3810 1730 3895 derelinquere,
1794 3812 2109 3875 demittere
2163 3813 2445 3876 deorsum
2504 3815 2767 3896 mittere,
2834 3813 2993 3875 velut
3047 3807 3204 3897 (Iob.

600 3921 702 3997 38,
754 3914 827 4003 6)
874 3915 1073 3999 ‘quis
1119 3921 1408 3982 demisit
1451 3918 1759 4000 lapidem
1805 3919 2224 3999 angularem
2272 3915 2504 3982 eius?'

744 4100 771 4148 1
793 4092 1008 4163 aliquid
1026 4093 1085 4147 P
1182 4093 1461 4149 delectum
1481 4091 1717 4147 militiae
1734 4091 2010 4160 (malitiae
2030 4091 2114 4160 P)
2137 4091 2244 4145 PL
2264 4091 2533 4148 dilectum
2563 4090 2802 4146 militiae
2833 4092 2911 4145 M
3012 4098 3046 4146 2
3066 4092 3207 4148 elec·

599 4174 751 4231 tione
767 4174 1177 4246 appellauimus
1201 4172 1602 4229 Pelectionem
1622 4170 1972 4240 appellamus
1998 4172 2121 4227 ML
2215 4170 2413 4242 deligi]
2435 4170 2622 4241 delegi
2642 4170 2769 4225 ML
2876 4177 2910 4224 3
2929 4172 3207 4228 notandus

602 4250 689 4311 εει
716 4255 792 4313 Μ
884 4262 914 4310 7
943 4253 1061 4310 sive
1089 4252 1413 4309 derivantur
1441 4283 1508 4292 —
1537 4257 1571 4307 8
1591 4250 1944 4306 declinantur
1968 4267 2070 4306 om.
2092 4251 2145 4304 L
2243 4257 2275 4306 9
2305 4250 2635 4307 conclauum
2663 4252 2740 4306 M
2836 4257 2904 4305 10
2931 4251 3207 4307 descendo

602 4336 769 4393 scalis
796 4338 896 4393 aut
930 4333 1201 4406 piscinam
1239 4347 1404 4387 mane
1442 4331 1500 4385 id
1535 4333 1623 4386 εει
1657 4331 1715 4385 P
1819 4338 1884 4387 12
1920 4333 2072 4387 recte
2110 4331 2192 4402 ει]
2230 4332 2488 4387 recedere
2519 4332 2577 4385 P
2682 4337 2749 4385 15
2786 4333 2847 4386 ει
2883 4330 3128 4387 ᾶειιίιὶεε
3158 4331 3216 4386 P

711 4420 775 4471 18
815 4415 1120 4472 Defunctus
1156 4443 1222 4453 —
1259 4410 1542 4482 iungenda
1577 4411 1676 4467 hoc
1713 4412 1828 4467 loeo
1855 4413 2056 4467 omissa
2074 4416 2205 4481 post
2227 4416 2297 4465 23
2327 4409 2577 4467 ostendit
2599 4408 2761 4466 habet
2788 4410 2846 4464 P
2968 4427 3000 4466 o
3025 4427 3126 4467 ont.
3156 4412 3212 4465 P

709 4496 961 4566 syllabae
989 4496 1077 4550 εει
1100 4493 1442 4564 iungendum
1471 4494 1548 4548 M
1649 4498 1714 4547 19
1744 4492 2007 4547 scribitur
2034 4493 2090 4547 P
2110 4492 2404 4549 scribenda.
2432 4489 2568 4546 ML
2680 4495 2750 4544 20
2778 4489 3205 4548 deliramentum

602 4594 713 4632 non
735 4575 1175 4632 delet-amentum
1196 4573 1295 4632 Ls
1321 4573 1742 4629 dilimmentum
1761 4590 1873 4628 non
1888 4572 2331 4628 delementum
2345 4572 2422 4626 M
2434 4569 2865 4626 deliramentum
2878 4587 2991 4626 non
3002 4570 3209 4627 delira-

603 4659 851 4713 mentum
875 4656 932 4710 P
1024 4653 1157 4724 quia.
1174 4671 1211 4709 a.
1226 4654 1399 4710 uerbo
1416 4654 1523 4709 liro
1543 4653 1597 4708 L
1625 4670 1770 4722 quae
1797 4669 1835 4707 a.
1852 4652 2022 4707 uerbo
2040 4652 2149 4707 liro
2170 4652 2246 4706 M
2261 4650 2394 4721 quia
2412 4649 2586 4705 uerbo
2616 4649 2759 4705 libro
2778 4650 2833 4703 P
2935 4657 3002 4706 21
3031 4651 3211 4706 trahit

606 4768 669 4777 —-
693 4737 847 4791 recto
867 4752 968 4791 om.
993 4734 1050 4788 P
1153 4736 1358 4793 rectos
1375 4735 1516 4791 recti
1543 4735 1619 4790 M
1643 4733 1795 4788 recte
1816 4732 1877 4789 L
1985 4738 2053 4787 22
2082 4734 2255 4789 corda
2280 4733 2333 4786 L
2360 4731 2527 4788 corde
2558 4731 2641 4786 M
2664 4730 2846 4786 coi-die
2874 4730 2930 4784 P
3028 4731 3209 4787 diuer-

603 4818 732 4871 tunl:
755 4815 834 4869 M
836 4815 947 4869 PL
1056 4820 1123 4869 23
1152 4813 1288 4883 quia.
1314 4813 1592 4871 modicam
1611 4813 1664 4868 L
1685 4812 1782 4881 qui
1803 4812 2085 4868 modicam
2111 4814 2165 4867 P
2180 4831 2325 4883 quae
2343 4830 2470 4869 mox
2490 4811 2567 4865 M
2671 4817 2739 4868 28
2761 4810 2896 4865 dure
2918 4841 2983 4851 -—
3000 4812 3091 4866 εει
3107 4828 3204 4865 om.

609 4895 771 4961 ML,
791 4895 918 4952 add.
944 4894 1000 4947 P
1104 4899 1173 4948 29
1202 4893 1321 4948 dito
1349 4892 1528 4947 diuite
1558 4892 1689 4946 ML
1763 4891 1947 4980 *idem
1976 4892 2059 4963 ει]
2088 4893 2147 4947 id
2176 4898 2263 4950 εει
2288 4894 2341 4947 L
2447 4898 2510 4947 31
2543 4893 2730 4962 velut]
2758 4890 2849 4946 uel
2876 4890 3014 4946 corr.
3043 4892 3215 4946 niz-M
