3613 5528
433 1181 583 1232 mess

624 402 757 466 340
1758 400 2078 458 AVDACIS

625 516 668 553 1».
693 503 761 543 20.
787 504 836 543 21
867 504 928 543 H.

624 590 931 649 animum
978 583 1297 668 quoque'
1344 596 1407 649 et
1453 583 1717 648 ‘omnia
1773 589 2003 650 vincit
2057 584 2302 650 amor'.
2377 598 2580 670 posset
2624 592 2825 671 itaque
2872 608 3005 651 esse
3052 592 3230 651 etiam

625 714 833 757 versus
878 715 949 757 ex
997 695 1243 777 dactylis
1290 715 1422 778 sex,
1468 697 1520 757 si
1566 696 1741 757 modo
1788 697 2025 758 metrici
2069 697 2477 779 admitterent,
2522 698 2706 760 veluti
2750 698 2947 760 dietus
2983 707 3079 760 est
3110 697 3230 780 ille,

1137 805 1365 865 interea
1412 811 1619 864 tenero
1668 802 1814 864 mihi
1860 802 2076 876 bucula
2119 823 2366 885 pascere
2413 808 2707 887 gramine,

620 912 764 972 item

1047 1025 1109 1078 at
1152 1016 1294 1078 tuba
1341 1016 1671 1079 terribilem
1718 1020 1981 1080 sonitum
2026 1018 2237 1098 procul
2282 1021 2502 1081 excitat
2543 1019 2802 1081 horrida.
3169 1038 3173 1042 ⁴
3256 1034 3284 1074 ⁵

801 1158 886 1220 De
915 1162 1197 1222 caesuris,
1246 1160 1405 1233 Quot
1443 1169 1584 1221 sunt
1621 1164 1852 1242 species
1889 1163 1949 1222 in
1981 1179 2229 1223 caesura
2256 1161 2583 1224 hexametri
2611 1160 2864 1224 versus?
2918 1163 3227 1234 Quattuor.

621 1265 784 1337 Quae
831 1264 1017 1329 sunt?
1093 1266 1489 1350 ConiunctuS,
1536 1268 1873 1351 districtu8‚
1921 1272 2169 1351 mixtuS,
2216 1268 2457 1330 divisus.
2532 1268 2899 1332 Coniunctus
2945 1271 3048 1350 qui
3094 1266 3231 1332 est?

620 1373 736 1444 Qui
782 1376 845 1434 in
892 1373 1229 1435 scandendo
1276 1377 1355 1435 ita
1399 1383 1825 1436 concatenatus
1863 1373 1979 1435 sibi
2016 1383 2137 1456 est,
2184 1382 2251 1436 ut
2288 1393 2583 1455 nusquam
2621 1378 2786 1437 finito
2825 1395 3004 1438 sensu
3044 1377 3226 1437 divisa

618 1482 776 1541 inter
841 1499 906 1540 se
970 1480 1147 1541 verba
1212 1490 1535 1566 ponantur,
1609 1481 1768 1562 quod
1833 1499 2023 1561 genus
2087 1475 2537 1544 versificationis
2603 1482 2893 1545 laudabile
2955 1482 3228 1566 habetur,

618 1587 800 1649 veluti
847 1595 940 1649 est
3258 1604 3311 1644 1⁰

1072 1696 1439 1758 infandum
1487 1698 1737 1776 regina
1784 1696 1993 1757 iubes
2039 1714 2389 1758 renovare
2436 1696 2774 1759 dolorem.

620 1802 735 1874 Qui
780 1800 1133 1864 districtus?
1206 1802 1323 1874 Qui
1369 1805 1428 1864 in
1477 1803 1816 1865 scandendo
1863 1821 2106 1865 sensum
2162 1822 2269 1865 seu
2326 1812 2528 1884 partes
2586 1805 2871 1865 orationis
2926 1814 3228 1885 separatas

618 1908 821 1990 habet,
867 1918 936 1971 ut
979 1918 1123 1990 puta
1168 1909 1350 1971 veluti

1086 2017 1182 2079 die
1229 2016 1398 2099 mihi,
1445 2016 1599 2099 Clio,
1646 2019 1917 2097 quisnam
1963 2019 2194 2098 primus
2241 2019 2465 2098 fingere
2512 2036 2738 2079 versus,

618 2121 734 2193 Qui
789 2120 1053 2185 mixtus?
1135 2124 1251 2195 Qui
1306 2133 1628 2204 utrumque
1685 2126 1747 2185 in
1802 2144 1867 2185 se
1932 2123 2136 2198 habet,
2202 2133 2270 2186 ut
2323 2127 2384 2186 in
2441 2125 2794 2205 quibusdam
2855 2127 3229 2208 coniunctus,
3262 2140 3313 2180 1⁵

616 2230 675 2289 in
725 2230 1077 2309 quibusdam
1126 2238 1441 2320 separatus³
1480 2233 1585 2311 sit,
1630 2239 1699 2292 ut
1742 2241 1886 2310 puta

946 2336 1060 2397 hie
1107 2355 1372 2399 currus
1420 2338 1586 2418 ruit,
1633 2337 1764 2398 hoe
1810 2341 2112 2417 re'gnum
2159 2336 2286 2399 dea
2331 2337 2677 2418 gentibus
2723 2358 2898 2402 esse.

619 2442 734 2514 Qui
791 2440 1059 2505 divisus?
1142 2444 1257 2515 Qui
1317 2446 1379 2505 in
1432 2446 1676 2524 priapeo
1732 2444 2204 2524 deprehenditur
2269 2454 2477 2507 metro.
2561 2446 2745 2517 Quale
2812 2454 2906 2509 est
2969 2456 3228 2510 metrum

616 2546 970 2630 priapeum?
1010 2546 1019 2630 Ι
1061 2549 1208 2612 Cum
1257 2554 1321 2612 in
1365 2551 1712 2612 hexametro
1766 2568 1945 2611 versu
2002 2554 2180 2631 primi
2234 2559 2360 2613 tres
2413 2552 2598 2632 pedes
2654 2556 3024 2616 concatenati
3069 2558 3230 2616 inter

618 2675 707 2738 se,
754 2675 787 2717 a
832 2656 1080 2737 reliquis
1129 2657 1320 2718 tribus
1368 2658 1757 2737 sequentibus
1814 2657 1986 2719 divisi
2046 2661 2422 2740 separatique
2478 2670 2644 2743 sunt,
2698 2670 2768 2724 ut
2821 2665 2884 2723 in
2938 2660 3230 2723 bucolicis
3259 2673 3312 2715 2⁰

935 2773 1057 2826 aut
1100 2764 1377 2826 Ararim
1422 2763 1735 2827 Parthus
1781 2764 1986 2827 bibet
2030 2775 2156 2827 aut
2202 2766 2580 2830 Germania
2626 2769 2924 2852 Tigrim,

937 2881 1163 2952 utque
1210 2874 1363 2933 viro
1409 2871 1679 2934 Phoebi
1726 2871 1998 2934 chorus
2044 2873 2553 2937 adsurrexerit
2597 2881 2854 2960 omme,

937 2987 1049 3041 est
1095 2979 1267 3040 mihi
1313 2998 1625 3059 namque
1673 2979 1861 3040 domi
1906 2988 2141 3062 pater,
2187 2993 2298 3043 est
2342 2985 2616 3045 iniusta
2662 3003 2986 3047 noverea.

617 3084 781 3147 Vnde
828 3082 1453 3167 dietum-priapeum'?
1526 3086 1696 3157 Quod
1746 3085 2029 3167 pleraque
2076 3090 2205 3150 eius
2252 3090 2411 3151 modi
2457 3093 2519 3152 in
2565 3091 2855 3153 honorem
2901 3069 3100 3173 Priapi
3145 3095 3230 3154 ita

708 3354 794 3483 ὦ
817 3347 1320 3484 ΞΕὲοῒιΕΞἾΒῙΒ
1356 3348 1518 3404 Beda
1554 3348 1621 3404 de
1647 3352 1765 3402 am
1790 3348 2018 3403 metrica
2044 3354 2177 3416 245,
2205 3356 2279 3406 16
2308 3352 2577 3407 Iulianus
2604 3354 2671 3408 de
2697 3355 2912 3410 ratione
2937 3359 3232 3410 metrorum

608 3443 668 3496 p.
884 3469 898 3485 .
1078 3473 1091 3485 .

795 3684 822 3730 1
864 3678 1053 3735 omnia
1088 3679 1287 3752 vineit]
1338 3681 1492 3751 Very.
1524 3680 1696 3737 bucol.
1734 3684 1826 3747 10,
1853 3685 1928 3736 69
2070 3684 2263 3751 posset
2298 3682 2353 3735 V
2374 3683 2553 3753 possit
2576 3681 2710 3739 ΒΜ
2862 3690 2893 3738 2
2923 3683 3233 3740 admittens

617 3757 692 3811 M
827 3764 861 3812 3
897 3760 1116 3831 tenero]
1154 3761 1349 3817 tenore
1385 3761 1442 3815 Β
1586 3767 1620 3815 4
1657 3761 1796 3815 item
1833 3777 1934 3816 om.
1963 3761 2037 3830 Β,
2072 3762 2203 3818 aad.
2243 3764 2318 3817 M
2457 3768 2490 3816 5
2528 3762 2602 3817 ad
2639 3763 2778 3818 tuba
2817 3764 2915 3818 M:
2951 3764 3021 3831 οἱ.
3073 3764 3230 3835 Very.

615 3838 754 3892 Aen.
814 3838 1033 3893 VIIII
1078 3844 1188 3896 503
1332 3848 1364 3896 6
1412 3840 1497 3895 De
1552 3840 1789 3896 cessuris
1848 3841 1964 3908 M„
1991 3858 2090 3896 om.
2146 3843 2203 3896 B
2350 3849 2380 3897 ‘1
2435 3843 2500 3896 R.
2556 3842 2884 3898 coniunctus
2939 3843 3233 3901 districtus

614 3916 824 3972 mixtus
870 3917 1083 3975 diuisus
1128 3919 1232 3974 Int.
1282 3919 1611 3976 coniunctus
1658 3920 1756 3990 qui
1806 3924 1895 3977 est
1947 3923 2024 3976 M
2063 3923 2129 3978 R.
2168 3923 2456 3978 districtus
2503 3922 2717 3979 solutus
2762 3924 2970 3979 mixtus
3017 3923 3232 3979 diuisus
3349 3964 3370 3975 -

616 3997 721 4051 Int.
760 3996 1046 4053 districtus
1083 3997 1219 4069 quid
1256 4003 1344 4056 est
1376 4000 1433 4054 Β
1578 4006 1611 4055 8
1649 4001 1715 4054 ut
1757 4003 2059 4076 nusquam]
2106 4004 2460 4073 utriusquam
2495 4003 2552 4057 Β
2699 4009 2762 4058 11
2810 4003 3087 4058 infantum
3136 4006 3213 4059 Μ
3213 4027 3234 4060 .·

629 4077 782 4148 Very.
820 4079 959 4133 Aen.
1000 4081 1086 4134 II
1118 4085 1153 4136 3
1297 4079 1456 4134 iuues
1491 4081 1758 4135 renouato
1783 4080 1841 4134 Β
1985 4088 2052 4137 12
2081 4083 2189 4142 Int.
2217 4084 2316 4155 qui
2343 4084 2571 4138 strictus
2597 4083 2664 4139 R.
2696 4083 2796 4153 qui
2820 4084 2882 4138 in
2908 4085 3231 4142 scandendo

623 4158 699 4212 M
731 4157 838 4213 Int.
878 4159 1095 4215 solutus
1123 4161 1174 4214 R
1202 4160 1301 4229 qui
1336 4161 1388 4214 R
1422 4159 1481 4213 in
1519 4159 1899 4215 scandendum
1933 4161 1991 4216 Β
2137 4169 2202 4218 13
2239 4166 2306 4218 ut
2339 4166 2479 4234 puto
2513 4163 2570 4217 Β
2718 4169 2784 4218 14
2822 4163 2985 4236 mihi]
3016 4165 3147 4220 miri
3173 4166 3230 4220 Β

690 4240 875 4310 prima
906 4241 983 4294 Μ
1088 4247 1153 4296 16
1194 4241 1300 4308 Qui
1335 4241 1544 4297 mixtus
1573 4269 1640 4280 —
1674 4245 1738 4294 17
1767 4236 2178 4310 gentibus'esse
2206 4259 2308 4299 om.
2333 4244 2409 4311 Β,
2446 4244 2573 4299 add.
2605 4243 2682 4298 Μ
2789 4250 2855 4299 16
2892 4243 2984 4299 hie
3011 4245 3229 4316 currus]

628 4320 783 4389 Very.
823 4321 962 4376 Aen.
1003 4322 1047 4375 I
1078 4325 1151 4376 17
1298 4326 1363 4376 18
1400 4321 1462 4375 in
1507 4318 1759 4390 priapeio
1804 4320 1862 4374 Β
1906 4321 1967 4375 in
2011 4322 2268 4393 priapaio
2307 4323 2383 4377 M
2525 4328 2589 4377 19
2628 4323 2943 4393 priapeium
2976 4324 3033 4377 Β
3079 4324 3229 4394 pria-

617 4399 841 4470 paeium
881 4400 956 4454 M
1095 4417 1221 4455 eum
1257 4400 1318 4455 in
1352 4401 1682 4456 hexametro
1730 4399 1782 4453 V
1815 4417 1943 4455 eum
1988 4406 2272 4458 exametro
2313 4404 2389 4458 M
2430 4420 2558 4458 cum
2603 4406 2922 4460 exeametro
2956 4404 3013 4458 Β
3156 4410 3225 4460 21

616 4480 716 4534 aut
767 4480 1012 4553 Ararim]
1071 4482 1227 4553 Verq.
1275 4483 1446 4538 bucol.
1486 4487 1537 4550 1,
1576 4485 1648 4536 63
1791 4485 1986 4552 partus
2031 4483 2191 4539 bibet
2238 4500 2312 4538 au
2360 4482 2651 4553 germania
2694 4484 2892 4554 tigrini
2947 4484 3021 4540 M
3060 4487 3231 4556 patus

617 4559 778 4616 bibet
822 4563 922 4616 aut
966 4562 1258 4632 germania
1302 4560 1495 4617 tibrim
1531 4562 1588 4615 B
1732 4568 1801 4617 22
1839 4566 2014 4633 utque
2059 4581 2196 4619 uera
2243 4562 2423 4618 foebri
2470 4579 2629 4618 eorus
2685 4563 3000 4619 adsurrexit
3044 4563 3230 4620 omnis

613 4640 670 4694 Β
706 4643 771 4696 ut
806 4658 980 4711 puero
1018 4642 1167 4717 foebi
1204 4659 1367 4698 eorus
1405 4641 1782 4698 adsurrexerit
1819 4643 1999 4698 omnis
2038 4644 2113 4698 M
2145 4649 2196 4699 et
2231 4644 2549 4699 Aldhelmus
2573 4660 2636 4712 p.
2667 4647 2782 4700 532
2811 4664 2828 4696 .-
2867 4643 3023 4714 Ver-9.
3053 4645 3226 4700 bucol.

617 4724 671 4785 6,
708 4725 784 4775 66
928 4728 995 4777 28
1034 4726 1122 4779 est
1168 4722 1298 4778 miri
1341 4722 1426 4777 B.-
1473 4722 1626 4791 Very.
1679 4722 1851 4778 bucol.
1903 4728 1957 4791 3,
1995 4729 2067 4780 33
2210 4730 2281 4779 24
2325 4722 2638 4793 priapeium
2673 4724 2822 4778 ΒΜ
2957 4726 3230 4797 pleraque

617 4800 891 4857 eiusmodi
926 4800 984 4855 in
1020 4803 1231 4859 honore
1270 4802 1453 4874 priapi
1489 4801 1808 4872 conscripta
1841 4805 1972 4858 sunt
1998 4803 2052 4857 B
2080 4804 2348 4875 pleraque
2388 4802 2666 4872 quismodi
2701 4803 2761 4857 in
2797 4804 3006 4861 honore
3042 4803 3229 4875 priapi
3313 4867 3335 4889 ·

627 4880 711 4937 ita
746 4880 1064 4952 conscripta
1098 4883 1210 4938 sint
1244 4882 1321 4937 M
