3613 5528
607 350 739 416 302
1787 352 2038 407 ALBINI

607 465 651 502 p.
679 453 798 494 ²³³5.
828 453 879 495 aa
906 452 958 493 1².

608 538 762 617 quod
822 548 916 600 est
973 538 1282 618 deformis„
1338 556 1448 617 per
1504 535 1833 616 simplicem
1890 557 1952 619 e;
2009 537 2244 612 foedus,
2301 537 2459 616 quod
2518 545 2610 598 est
2661 544 2930 618 pactum,
2985 558 3093 619 per
3151 557 3222 599 oe

607 645 1016 726 diphthongon
1059 643 1359 704 scribitur.
1417 643 1587 703 Falso
1627 662 1845 704 nomen
1883 643 2120 705 ablativi
2157 662 2330 704 casus
2371 652 2430 703 et
2467 644 2713 705 verbum
2751 648 2976 725 primae
3017 650 3220 706 coniu-

605 755 857 832 gationis
896 762 956 812 et
992 750 1353 812 adverbium.
1430 749 1673 829 Flagitia
1714 769 1865 830 quae
1903 754 1964 811 in
2003 750 2180 812 deum
2231 769 2573 831 peccamus,
2619 752 2879 813 facinora
2925 755 2987 813 in
3034 753 3217 813 homi—

606 877 759 920 nem.
836 859 1037 919 Fimus
1075 867 1137 918 et
1172 858 1372 918 fumus
1412 858 1593 919 fames
1633 859 1870 919 faenum
1910 868 1971 919 et
2014 857 2090 918 fel
2138 856 2427 937 pluralem
2464 875 2780 918 numerum
2821 878 2936 919 non
2985 858 3222 920 habent.

606 967 789 1028 Fidus
826 966 1147 1027 fidissimus
1183 966 1646 1043 comparativum
1687 983 1801 1025 non
1841 963 2039 1045 habet,
2081 964 2184 1024 sed
2223 983 2333 1044 pro
2363 984 2434 1024 eo
2472 964 2790 1042 dicendum
2829 969 3014 1044 magis
3051 967 3223 1049 fiduS,
3249 990 3276 1028 5

607 1076 803 1135 minus
842 1073 1010 1134 fidus.
1085 1071 1307 1150 Fulgeo
1346 1079 1406 1131 et
1454 1070 1633 1131 fulcio
1670 1071 1926 1132 eundem
1973 1070 2193 1132 habent
2238 1073 2570 1150 perfectum
2610 1070 2764 1132 fulsi.
2840 1072 2885 1132 F
2923 1073 3117 1134 littera
3157 1077 3218 1134 in

606 1182 864 1260 speciem
916 1180 1161 1257 figurata
1199 1186 1290 1237 est
1338 1177 1644 1238 cuiusdam
1691 1177 1923 1238 litterae
1972 1195 2122 1257 quae
2170 1177 2460 1257 digamma
2500 1181 2857 1260 nominatur,
2894 1182 3031 1258 quia
3068 1180 3221 1240 duos
3551 1129 3571 1542 ἢ

609 1288 808 1366 apices
855 1305 925 1347 ex
982 1303 1208 1364 gamma
1266 1283 1461 1345 littera
1517 1283 1735 1344 babere
1783 1283 2070 1346 videatur.
2145 1284 2216 1344 ad
2275 1284 2454 1345 huius
2502 1287 2633 1345 soni
2693 1285 3139 1347 similitudinem
3189 1307 3221 1346 v

610 1401 1034 1454 consonantem
1079 1391 1211 1451 loco
1257 1394 1387 1451 eius
1435 1394 1624 1452 nostri
1682 1400 2040 1472 posuerunt,
2098 1400 2163 1452 ut
2217 1399 2417 1452 votum
2478 1393 2669 1471 virgo:
2726 1392 3013 1471 digamma
3062 1396 3220 1454 enim

606 1502 870 1579 oportuit
906 1501 1067 1579 poni,
1102 1497 1312 1558 Fotum
1350 1497 1545 1577 Firgo.
1610 1498 1942 1579 Festucam,
1979 1515 2098 1558 non
2138 1497 2404 1556 fistucam
2444 1496 2645 1558 dicito.
2710 1497 2971 1559 Forfices
3010 1518 3219 1560 secun·
3250 1525 3298 1562 ιο

605 1605 747 1666 dum
786 1603 1223 1685 etymologiam,
1270 1606 1319 1664 si
1358 1622 1390 1663 a
1429 1603 1526 1664 filo
1564 1603 1866 1684 dicuntur,
1913 1603 1942 1663 f
1981 1604 2241 1683 ponitur,
2290 1610 2355 1662 ut
2401 1603 2667 1683 forfices,
2714 1622 2862 1682 quae
2911 1613 3053 1666 sunt
3097 1624 3220 1666 sar-

610 1721 843 1789 torum3
884 1714 934 1772 si
972 1729 1002 1770 a
1042 1710 1182 1790 pilo,
1217 1728 1326 1790 per
1363 1729 1418 1789 p,
1458 1718 1525 1770 ut
1564 1711 1841 1790 forpiceS,
1879 1727 2030 1788 quae
2070 1718 2210 1770 sunt
2249 1718 2586 1790 tonsorum3
2626 1712 2676 1770 si
2711 1709 2786 1770 ab
2827 1707 2836 1789 Ι
2877 1711 3221 1792 accipiendo

608 1836 717 1897 per
753 1836 804 1898 c,
844 1828 909 1879 ut
948 1818 1234 1896 forcipes,
1279 1835 1350 1877 eo
1389 1818 1548 1897 quod
1587 1819 1845 1879 formum
1882 1820 2152 1897 capiunt,
2202 1836 2351 1897 quae
2390 1825 2532 1878 sunt
2570 1816 2888 1879 fabrorum.
2965 1821 3222 1881 formum

609 1926 765 1985 enim
815 1924 1094 1985 dixerunt
1138 1926 1365 2003 antiqui
1412 1924 1693 2004 calidum,
1740 1924 1897 1984 unde
1946 1933 2005 1983 et
2051 1925 2365 1986 formosus,
2438 1924 2605 1984 Paris
2651 1926 2808 1986 fatur
2852 1944 2885 1985 a
2933 1926 3107 1986 fando
3144 1936 3224 2010 et,

608 2049 725 2091 non
774 2029 951 2091 habet
995 2032 1242 2109 primam
1290 2047 1622 2109 personam.
1696 2028 1859 2089 Felix
1903 2032 2007 2107 qui
2045 2032 2284 2110 accipit,
2331 2030 2465 2090 filex
2509 2050 2620 2110 per
2658 2050 2833 2111 quem
2873 2033 3047 2094 datur
3094 2033 3215 2095 feli·
3251 2056 3300 2095 ιο

610 2140 772 2198 citas.
848 2136 1032 2216 Fingo
1089 2136 1231 2196 finxi
1287 2136 1489 2196 fictum
1546 2136 1796 2196 ficturus
1842 2135 2009 2217 facit,
2065 2134 2223 2195 findo
2281 2135 2380 2195 fidi
2428 2137 2713 2217 fissurus,
2758 2141 2872 2217 figo
2921 2140 3019 2199 fixi
3064 2141 3220 2202 facit.

606 2242 813 2304 Fundo
870 2244 1083 2303 fundas
1138 2261 1168 2302 a
1228 2242 1556 2332 fundando,
1613 2240 1796 2302 fundo
1855 2241 2053 2303 fundis
2108 2261 2141 2303 a
2199 2241 2517 2302 fundendo.
2600 2243 2773 2304 Ferio
2830 2253 2891 2304 et
2947 2249 3220 2324 percutio

611 2368 794 2409 unum
839 2351 1224 2429 praeteritum
1272 2347 1519 2429 habent,
1574 2348 1630 2408 id
1689 2356 1782 2408 est
1829 2350 2131 2430 percussi,
2179 2359 2239 2408 et
2286 2348 2398 2408 hoc
2444 2368 2552 2428 per
2599 2350 2715 2410 duo
2764 2369 2793 2410 s
2839 2351 3219 2413 scribendum

607 2463 725 2535 est,
773 2456 929 2515 sicut
978 2472 1085 2514 uro
1134 2457 1274 2515 ussi.
1366 2453 1518 2514 Fero
1578 2455 1697 2515 fers
1745 2455 1864 2515 fert
1922 2455 2062 2515 facit
2106 2453 2475 2517 differentiae
2524 2474 2698 2518 causa
2746 2459 2806 2517 in
2854 2458 3114 2518 secunda
3160 2467 3220 2518 et

610 2563 784 2622 tertia
837 2579 1119 2642 persona,
1175 2580 1277 2643 ne,
1335 2563 1384 2622 si
1444 2561 1589 2621 {eris
1645 2562 1784 2621 ferit
1830 2560 2151 2641 diceretur,
2207 2580 2238 2620 a
2296 2562 2445 2622 ferio
2504 2562 2647 2622 {eris
2713 2563 2852 2623 ferit
2906 2573 3220 2643 putaretur
3247 2587 3300 2624 20

605 2670 825 2729 venire.
916 2667 1067 2729 Fero
1124 2676 1184 2728 et
1248 2667 1389 2728 tollo
1458 2668 1685 2727 faciunt
1750 2669 2137 2746 praeteritum
2197 2667 2321 2728 tuli.
2413 2667 2572 2729 Furo
2629 2680 2688 2729 et
2748 2671 2977 2730 insanio
3033 2689 3220 2733 tinum
3569 2673 3570 2684 ¹

606 2774 825 2836 habent
870 2778 1258 2856 praeteritum
1301 2776 1567 2836 insanivi.
1642 2774 1818 2835 Facio
1857 2777 2270 2854 imperativum
2311 2776 2449 2836 facit
2487 2776 2576 2837 fac
2616 2777 2986 2839 differentiae
3025 2798 3220 2861 causa,

607 2902 710 2964 ne,
756 2886 806 2943 si
846 2884 970 2944 face
1010 2883 1270 2963 diceres,
1317 2901 1349 2941 a
1390 2883 1626 2942 nomine
1664 2889 1979 2961 putaretur
2018 2884 2250 2964 venire,
2296 2881 2451 2961 quod
2494 2892 2586 2943 est
2630 2884 2742 2943 fax.
2818 2884 3090 2946 similiter
3126 2885 3220 2946 dic

605 2990 721 3052 duc
760 3000 821 3051 et
867 2991 956 3051 fer
1002 2990 1369 3052 differentiae
1409 3006 1587 3049 causa
1633 3007 1741 3067 per
1787 3006 2108 3068 apocopam
2154 2990 2572 3069 proferuntur:
2617 3007 2753 3050 nam
2791 2992 2842 3050 si
2888 2989 3039 3051 duce
3087 2991 3219 3053 dice

608 3098 730 3157 fere
779 3098 1144 3177 diceremuS,
1192 3095 1346 3156 aliud
1396 3095 1730 3175 significare
1776 3101 2143 3174 putaremur.
2917 3110 2984 3179 ο
3247 3118 3297 3158 85

625 3196 635 3209 ‘
785 3203 1011 3264 Gnatus
1056 3222 1165 3282 per
1202 3222 1239 3282 g
1276 3212 1337 3262 et
1374 3221 1413 3262 n
1461 3201 1873 3282 scribendum,
1919 3203 2077 3262 sicut
2120 3219 2373 3281 gnavus,
2424 3204 2558 3281 quia
2608 3211 2668 3263 et
2714 3206 2772 3263 in
2812 3205 3218 3283 conpositione

611 3314 795 3390 ipsam
837 3313 1098 3371 retinent
1133 3330 1198 3390 g,
1243 3318 1312 3369 ut
1358 3317 1606 3388 agnatus
1654 3310 1914 3387 ignavus.
1991 3308 2280 3369 Gaudium
2320 3311 2527 3389 animi,
2573 3308 2793 3395 laetitia
2830 3319 2891 3370 et
2937 3310 3219 3371 exultatio

606 3420 782 3479 etiam
825 3416 1141 3477 verborum
1180 3426 1356 3496 atque
1397 3415 1821 3477 membrorum.
1888 3414 2193 3475 Gremium
2231 3417 2505 3496 interius,
2543 3417 2739 3475 sinum
2778 3418 3058 3477 exterius.
3124 3417 3221 3478 Git

608 3533 993 3604 monoptoton
1042 3532 1101 3583 et
1147 3523 1433 3603 pluralem
1473 3540 1790 3623 nti-merum
1830 3540 1947 3581 non
1997 3520 2209 3603 habet;
2258 3532 2349 3583 est
2400 3529 2596 3583 autem
2637 3525 2834 3582 neutri
2876 3526 3112 3601 generis
3160 3536 3220 3585 et

605 3648 713 3710 per
773 3647 979 3689 omnes
1037 3647 1210 3689 casus
1276 3627 1624 3689 declinatur.
1717 3625 1978 3707 GnaruS,
2043 3626 2256 3688 doctus
2323 3628 2622 3706 perfectus
2693 3631 2916 3709 sciens3
2980 3648 3299 3709 gnavuS,so

606 3737 777 3798 fortis
814 3736 999 3815 agilis,
1067 3735 1291 3816 Garrit,
1324 3733 1630 3795 subtiliter
1673 3742 2034 3814 murmurat3
2073 3734 2366 3816 garrulus,
2405 3734 2690 3795 verbosus
2727 3734 2957 3814 loquax.
3013 3735 3223 3818 Gestit,

608 3844 732 3905 vult
776 3845 941 3923 cupit
988 3850 1153 3923 optat
1197 3840 1526 3922 desiderat3
1573 3850 1791 3922 gestat,
1839 3849 2051 3919 portat.
2126 3839 2430 3900 Gloriosus
2477 3857 2508 3900 a
2557 3841 2890 3920 frequentia
2937 3841 3221 3902 claritatis

788 4023 815 4070 1
857 4033 955 4085 per
993 4014 1305 4083 simplicem
1345 4029 1375 4067 e
1414 4011 1488 4065 M
1517 4027 1619 4081 per
1656 4027 1686 4065 ε
1721 4011 1944 4065 tantum
1973 4010 2075 4079 ΡΒ
2251 4029 2351 4081 ρει·
2387 4028 2453 4066 oe
2491 4010 2803 4082 diptongon
2851 4012 3114 4068 scribitur
3152 4015 3224 4067 M

608 4114 707 4167 per
744 4113 810 4150 oe
846 4096 1110 4150 scribitur
1136 4094 1235 4163 pS
1380 4099 1409 4146 7
1457 4091 1595 4146 duas
1641 4090 1830 4160 apices
1882 4089 2011 4143 SM
2147 4097 2180 4143 8
2228 4091 2478 4160 gamma]
2518 4090 2743 4159 gemina.
2781 4093 2857 4145 M
3000 4099 3064 4147 11
3103 4093 3220 4162 filo]

608 4177 723 4231 filio
752 4175 797 4230 S
905 4183 969 4230 13
1009 4176 1250 4230 formum
1280 4174 1512 4242 capiunt
1541 4188 1583 4241 p
1612 4170 1852 4227 formam
1883 4170 2114 4238 capiunt
2140 4170 2184 4223 S
2218 4170 2457 4225 formum
2488 4169 2772 4238 accipiunt
2804 4172 2877 4225 M
2986 4181 3050 4227 14
3090 4174 3220 4228 cali·

608 4256 739 4310 dum
768 4274 814 4325 p
850 4255 1139 4325 qualidum
1177 4254 1305 4308 SM
1419 4252 1724 4307 formosum
1761 4249 1805 4303 S
1916 4254 1980 4304 15
2017 4249 2173 4304 Filex
2211 4249 2416 4302 dicitur
2453 4248 2551 4316 qui
2588 4246 2918 4304 felicitatem
2954 4253 3054 4307 dat
3088 4254 3223 4309 felix

607 4336 704 4404 qui
750 4336 1079 4390 felicitatem
1125 4334 1332 4403 accipit
1376 4333 1532 4387 Filex
1583 4347 1684 4400 per
1729 4345 1897 4399 quem
1942 4330 2109 4384 datm·
2154 4328 2394 4384 felicitas
2441 4330 2513 4381 M
2656 4334 2719 4381 19
2772 4329 2829 4383 in
2875 4334 3119 4388 secunda.
3166 4339 3224 4389 et

608 4415 781 4471 tertia.
817 4432 1054 4486 persona.
1088 4432 1191 4470 om.
1231 4414 1305 4468 M
1458 4420 1527 4468 20
1568 4412 1851 4466 diceretur
1887 4411 2037 4480 quod
2075 4428 2111 4466 a
2145 4412 2284 4466 ferio
2324 4411 2457 4466 SM
2614 4408 2748 4462 ferit
2773 4415 3076 4478 posteriore
3110 4416 3222 4470 loco

607 4513 708 4551 om.
737 4496 870 4567 ΡΜ
1007 4501 1069 4548 21
1113 4495 1261 4565 furo]
1301 4493 1444 4547 furio
1482 4492 1557 4545 M
1694 4498 1761 4544 23
1800 4492 2015 4548 diceres
2051 4493 2201 4562 quod
2238 4509 2274 4547 a
2309 4492 2533 4546 nomine
2575 4491 2649 4544 M
2788 4496 2856 4545 25
2909 4493 3222 4563 significare

610 4573 892 4630 uideretur
937 4576 1011 4628 M
1187 4580 1255 4627 24
1304 4577 1363 4628 et
1403 4589 1505 4627 om.
1539 4571 1695 4640 ΡΜ,
1752 4572 1881 4627 add.
1928 4573 1972 4626 S
2148 4578 2215 4627 27
2264 4573 2471 4626 retinet
2512 4570 2610 4640 pS
2624 4569 2698 4623 M
2872 4577 2938 4626 ut
2986 4578 3222 4645 agnatus

610 4653 848 4722 ignauus
902 4654 945 4707 S
992 4658 1055 4708 ut
1099 4655 1324 4723 ignatus
1372 4653 1610 4721 ignauus
1655 4649 1731 4703 M
1777 4654 1846 4705 ut
1894 4655 2133 4723 agnatus
2188 4655 2460 4722 cognatus
2503 4670 2546 4720 p
2725 4653 2992 4724 gaudium
3049 4655 3221 4710 animi

607 4734 718 4799 (est
753 4734 882 4789 add.
925 4734 1025 4801 M)
1070 4732 1292 4788 laetitia
1328 4736 1387 4787 et
1431 4729 1702 4786 exultatio
1740 4731 1871 4786 SM
1907 4732 2176 4802 gaudium
2223 4733 2396 4788 animi
2443 4733 2664 4790 laetitia.
2713 4737 2825 4801 est,
2878 4737 3150 4792 exultatio
3179 4754 3222 4805 p

715 4819 783 4867 28
820 4813 946 4883 gith
982 4811 1026 4866 S
1042 4813 1117 4866 M
