3613 5528
1328 440 1425 495 DE
1465 439 2042 495 ORTHOGRAPHIA
2860 436 2986 498 291

384 555 425 592 p.
453 543 571 583 2801.
600 546 625 583 ε
653 543 702 583 P.
782 589 786 593 ,
1327 563 1333 568 -

561 627 878 687 Servitium
935 625 1251 687 multitudo
1308 636 1401 686 est
1455 645 1791 706 servorum,
1847 628 2102 690 servitus
2158 624 2428 684 condicio
2485 621 2798 682 serviendi.
2885 621 2988 681 sed

387 744 615 795 veteres
658 734 1068 794 indifferenter
1115 734 1423 793 servitium
1471 739 1533 791 et
1577 750 1686 811 pro
1734 732 2020 791 servitute
2069 738 2417 809 posuerunt.

562 840 788 920 Sinapi,
843 842 1002 900 sicut
1057 848 1117 900 et
1170 842 1421 919 gummi,
1476 857 1753 918 graecum
1812 847 1930 917 est,
1986 847 2046 898 et
2091 836 2336 897 Plautus
2392 836 2538 895 dixit
2584 829 2833 917 (Pseud.
2885 834 2994 893 III

383 949 451 1023 2,
495 941 610 1030 28)
657 943 961 1007 ‘teritur
1017 942 1301 1026 sinapi'‚
1348 949 1520 1006 cuius
1574 947 1884 1024 genetivus
1931 961 2067 1003 cum
2115 961 2143 1001 s
2198 943 2535 1023 profertur‚-
2574 944 2760 1001 ceteri
2816 958 2990 1000 casus

335 1065 359 1103 ⁵
386 1054 607 1114 similes
653 1063 795 1114 sunt
841 1055 1214 1113 nominativo.
1416 1048 1424 1056 ’

561 1159 780 1221 Sibilus
826 1160 943 1219 dici
989 1166 1258 1238 oportet:
1305 1158 1596 1238 Vergilius
1643 1151 1870 1241 (bucol.
1917 1160 1977 1232 5,
2023 1149 2138 1240 82)

701 1285 852 1327 nam
900 1283 1130 1343 neque
1184 1284 1286 1326 me
1335 1274 1605 1326 tantum
1655 1266 2013 1325 venientis
2061 1263 2327 1324 sibilus
2374 1264 2623 1322 austri.

384 1374 487 1434 sed
526 1382 584 1433 et
623 1383 837 1434 neutro
873 1390 1091 1451 genere
1132 1372 1368 1451 quidam
1407 1372 1711 1452 dixerunt,
1751 1380 1817 1433 ut
1855 1370 2165 1432 Cornelius
2206 1370 2462 1430 Severus
2511 1364 2613 1429 ‘et
2658 1387 2780 1430 sua
2819 1388 2988 1429 con-

384 1481 682 1541 cordant
750 1479 961 1541 sibila
1018 1497 1224 1538 saeva
1290 1473 1674 1546 dracones’
1741 1487 1801 1537 et
1857 1477 2052 1537 Macer
2119 1476 2421 1537 theriacon
2480 1471 2723 1554 ‘longo
2792 1493 2988 1535 reso·

311 1602 358 1639 ιο
386 1588 626 1646 nantia
675 1585 887 1647 sibila
934 1581 1170 1646 collo’.
3041 1565 3047 1571 ³

562 1694 657 1754 Sal
705 1704 766 1755 et
812 1693 1136 1754 masculino
1182 1711 1402 1771 genere
1450 1701 1511 1753 et
1560 1702 1772 1754 neutro
1822 1692 2056 1752 dicitur.

561 1800 854 1862 Saturitas
909 1803 968 1862 in
1026 1801 1158 1861 cibo
1215 1808 1444 1860 tantum
1501 1798 1736 1880 dicitur,
1793 1800 1861 1858 in·
1911 1800 2129 1858 ceteris
2176 1817 2315 1858 vero
2372 1800 2641 1872 satietas,
2698 1796 2803 1857 sed
2853 1796 2989 1857 Ver-

383 1907 557 1985 gilius
604 1901 781 1989 (Aen.
843 1907 967 1967 VII
1005 1901 1163 1990 298)
1212 1903 1430 1967 ‘odiis
1477 1912 1892 1966 exsaturata
1941 1900 2263 1983 quievit'.

563 2013 803 2073 Simiam
852 2023 1125 2074 auctores
1172 2015 1453 2074 dixerunt
1498 2016 1674 2073 etiam
1721 2014 1782 2072 in
1833 2011 2156 2072 masculino
2202 2030 2438 2090 genere.

308 2134 356 2172 ιο
561 2111 821 2198 Strigem‘
865 2119 1015 2180 hanc
1053 2122 1113 2179 in
1160 2120 1587 2198 significatione
1627 2121 1748 2178 avis
1785 2119 1975 2200 dicas3
2025 2120 2207 2196 striga
2245 2125 2441 2180 autem
2480 2127 2781 2179 castrense
2821 2138 2986 2179 voca·

384 2224 586 2286 bulum
626 2238 714 2287 est
754 2226 1126 2287 intervallum
1164 2234 1496 2287 turmarum
1535 2217 1905 2306 significans,
1953 2228 2012 2284 in
2054 2244 2171 2303 quo
2210 2227 2347 2302 equi
2387 2228 2782 2306 stringuntur,
2830 2227 2986 2286 unde

384 2332 559 2391 etiam
607 2334 843 2410 strigosi
893 2332 1173 2393 dicuntur
1220 2350 1470 2411 corpore
1520 2330 1850 2392 macilento.
2578 2385 2621 2440 ⁸

562 2438 756 2518 Stirps
785 2442 845 2498 in
866 2439 1290 2517 significatione
1320 2437 1545 2498 subolis
1578 2439 1862 2498 feminino
1881 2433 2099 2516 g'enere
2120 2437 2366 2517 dicitur3
2396 2439 2498 2498 sed
2530 2458 2665 2499 cum
2689 2441 2990 2499 materiam

384 2544 690 2625 significat,
721 2544 1043 2606 masculino
1075 2521 1246 2605 mod'o
1277 2539 1550 2624 ‘stirpem
1578 2539 1878 2605 recisum’.
1936 2544 2214 2604 dixerunt
2242 2554 2438 2605 tamen
2469 2550 2642 2606 etiam
2682 2549 2742 2606 in
2774 2548 2993 2624 signifi·

307 2665 360 2703 2⁰
386 2652 615 2711 catione
646 2650 869 2712 subolis
898 2649 1222 2711 masculino
1247 2668 1486 2731 genere,
1505 2660 1572 2710 ut
1594 2650 1883 2710 Pacuvius
1909 2646 2060 2729 ‘qui
2090 2653 2389 2729 stirpem
2418 2652 2688 2713 occidit
2718 2647 2992 2713 meum’.

563 2755 711 2817 Sero
759 2776 1060 2838 rumoreS‚
1105 2756 1164 2817 id
1212 2766 1303 2819 est
1349 2754 1613 2838 divulgo,
1658 2760 1842 2818 serui.
1919 2775 2053 2816 sero
2102 2756 2334 2839 fruges,
2381 2761 2520 2819 sevi.
2596 2778 2749 2840 sero,
2795 2759 2852 2819 id
2903 2768 2994 2820 est

386 2862 618 2943 claudo,
665 2864 822 2924 unde
871 2883 1001 2925 sera
1049 2865 1231 2943 dicta,
1278 2865 1496 2924 seravi:
1542 2863 1860 2924 Terentius
1909 2857 2220 2945 (Eunuch.
2271 2865 2419 2924 IIII
2461 2865 2520 2941 6,
2568 2859 2683 2949 25)
2733 2861 2993 2926 ‘tutavi

388 2978 595 3047 atque
642 2970 977 3031 obseravi
1023 2965 1337 3032 ostium’.

566 3075 887 3157 suffragor,
944 3093 1061 3135 non
1117 3078 1401 3157 suffrago‚
1457 3086 1517 3137 et
1571 3078 1927 3155 suffragatus
1983 3095 2143 3158 sum,
2200 3096 2317 3137 non
2376 3079 2703 3157 suffragavi.
2780 3078 2993 3138 sorbeo

313 3196 365 3235 ²5
395 3183 625 3264 sorbui‚
663 3201 781 3243 non
819 3186 1028 3262 sorpsi.
1103 3185 1361 3258 somnio,
1399 3201 1517 3243 non
1558 3185 1840 3264 somnior,
1876 3192 1937 3243 et
1974 3186 2284 3263 somniavi,
2322 3203 2439 3244 non
2480 3187 2806 3245 somniatus
2844 3203 2993 3244 sum.

572 3290 824 3369 Sanguis
871 3297 988 3371 est,
1034 3289 1173 3350 dum
1224 3299 1445 3370 manet3
1487 3287 1496 3370 Ι
1582 3291 1808 3350 effusus
1857 3308 1994 3349 vero
2040 3308 2237 3350 cruor.

565 3396 866 3456 Sumimus
901 3398 1040 3476 ipsi,
1085 3398 1409 3477 accipimus
1445 3395 1519 3456 ab
1556 3395 1687 3455 alio.
1761 3396 1847 3453 sic
1890 3412 2027 3456 cum
2073 3395 2308 3477 damus,
2353 3397 2670 3457 dicendum
2717 3392 2995 3477 ‘accipe'3

391 3521 526 3563 cum
576 3505 975 3582 permittimus
1019 3506 1134 3582 ipsi
1181 3502 1418 3582 tollere,
1463 3501 1779 3562 dicendum
1831 3496 2063 3561 ‘sume’.

569 3631 595 3675 1
647 3637 929 3675 servorum
975 3636 1076 3674 om.
1127 3622 1202 3673 M
1343 3626 1390 3673 3·
1424 3618 1617 3688 Sinapi
1660 3619 1733 3672 M
1782 3617 1995 3687 sinapis
2036 3618 2092 3672 P
2135 3619 2328 3688 senapi
2374 3620 2426 3673 L
2569 3625 2628 3676 et
2671 3621 2768 3691 pla.
2812 3624 2904 3676 tus
2941 3622 2994 3675 d.

391 3702 619 3757 territur
672 3699 850 3769 sinapi
902 3700 957 3752 P
1008 3702 1066 3753 et
1121 3701 1338 3769 plustus
1394 3698 1539 3753 dixit
1587 3698 1812 3752 Teritur
1867 3697 2062 3767 synapi
2113 3699 2185 3751 M
2238 3704 2297 3753 et
2351 3701 2644 3769 pluraliter
2697 3702 2891 3772 senapi
2946 3702 2997 3754 L

516 3791 548 3839 6
589 3782 866 3852 Vergilius
903 3796 1003 3834 om.
1043 3781 1093 3833 L
1256 3788 1284 3835 7
1326 3795 1569 3846 namque
1605 3796 1695 3832 me
1732 3781 1952 3831 tantum
2001 3778 2057 3831 in
2095 3777 2369 3833 uenientis
2411 3782 2466 3834 P
2625 3789 2657 3836 8
2705 3787 2768 3836 ut
2802 3800 2901 3836 om.
2946 3780 3002 3833 P

515 3868 574 3917 et
620 3860 868 3917 suauiter
921 3860 1263 3913 concordant
1307 3876 1339 3917 ς
1394 3863 1453 3914 et
1506 3877 1606 3914 sua.
1651 3857 1952 3913 concordes
1996 3857 2135 3911 dant
2187 3859 2474 3915 Charisius
2518 3880 2581 3931 p.
2630 3867 2728 3930 81,
2776 3867 2847 3916 17

392 3951 424 3998 9
472 3942 661 4012 saeva]
707 3941 859 3995 clara
905 3940 1191 3995 Charisius
1385 3938 1673 3993 theriaeon
1717 3938 1889 4007 longa
1938 3936 1994 3990 P
2034 3936 2290 3992 theri-aon
2338 3939 2507 4009 longo
2558 3941 2631 3993 M
2672 3942 2858 3996 theria
2941 3946 3000 3997 et

391 4021 629 4077 materia.
665 4036 770 4073 con
805 4019 973 4087 longe
1009 4018 1062 4071 L
1167 4017 1489 4074 resonantia
1521 4018 1667 4073 tibia.
1702 4018 1848 4072 collo
1886 4016 2052 4069 sibila.
2093 4016 2148 4067 P
2276 4025 2339 4071 10
2378 4019 2523 4074 collo
2553 4019 2790 4074 Serenus
2828 4037 3000 4075 suaue

393 4102 614 4156 sibilum
657 4100 753 4154 Sal
789 4115 822 4155 5
987 4104 1046 4149 11
1088 4113 1291 4166 genere
1330 4101 1389 4151 et
1423 4101 1619 4152 neutro
1656 4097 1863 4152 dicitur
1898 4098 1951 4149 L
1986 4114 2190 4167 genere
2228 4102 2424 4152 neutro
2462 4100 2669 4154 dicitur
2709 4101 2764 4153 P
2796 4118 2998 4169 genere

392 4179 596 4234 dicitur
633 4180 693 4232 et
729 4178 924 4231 neutro
967 4176 1038 4228 M
1143 4177 1212 4228 13
1253 4176 1395 4231 odiis
1424 4182 1678 4232 saturata.
1715 4178 1765 4229 L
1804 4176 1917 4229 odii
1951 4178 2205 4229 saturata.
2240 4192 2273 4233 5
2384 4185 2451 4231 14
2489 4182 2747 4235 auctores
2785 4180 2997 4234 doctio-

392 4277 479 4314 res
514 4258 612 4315 5L
744 4264 807 4310 15
846 4255 991 4309 hanc
1027 4253 1073 4308 si
1111 4254 1167 4308 in
1209 4256 1282 4308 M
1410 4264 1474 4311 16
1511 4257 1658 4311 unde
1697 4257 1867 4310 etiam
1897 4255 2123 4324 strigosi
2152 4256 2228 4309 M
2262 4258 2409 4311 unde
2446 4260 2615 4313 etiam
2654 4259 2918 4329 stringosi
2949 4260 2999 4312 L

393 4338 539 4392 unde
575 4340 635 4392 et
671 4336 931 4406 strigosic
972 4335 1027 4386 P
1170 4341 1236 4389 18
1274 4334 1480 4390 sobolis
1523 4337 1618 4405 M,
1654 4353 1755 4392 om.
1800 4336 1856 4387 P
1991 4334 2253 4389 dicuntur
2293 4336 2349 4388 P
2494 4345 2556 4392 19
2595 4338 2826 4407 stirpem
2863 4339 2996 4393 reci-

395 4435 514 4471 sum
552 4416 656 4473 5L
703 4417 935 4485 stirpem
970 4415 1202 4469 recisem
1247 4414 1302 4466 P
1344 4416 1577 4484 stirpam
1622 4417 1862 4470 recisum
1906 4417 2003 4469 M:
2050 4415 2206 4485 νοτ-9.
2245 4417 2382 4470 Aen.
2426 4418 2573 4472 XII
2616 4424 2733 4474 208
2778 4418 2891 4472 imo
2928 4418 2998 4471 de

397 4499 568 4568 stirpe
615 4498 854 4552 recisum
1025 4501 1094 4549 20
1141 4495 1349 4550 sobolis
1399 4496 1472 4549 Μ
1630 4497 1902 4565 pacubius
1954 4498 2067 4550 PL
2228 4506 2288 4552 21
2344 4499 2580 4553 rumoris
2621 4500 2693 4552 Μ
2852 4499 2998 4553 serui

396 4596 494 4633 mn.
520 4578 660 4631 PM
668 4577 719 4630 L
826 4583 894 4631 22
924 4577 1069 4630 unde
1098 4593 1222 4630 sera.
1248 4575 1402 4630 dicta.
1431 4577 1506 4629 M
1529 4577 1676 4631 unde
1705 4593 1858 4631 serra.
1885 4578 2037 4634 dicta
2060 4579 2276 4633 Punde
2306 4583 2364 4633 et
2390 4594 2516 4632 sera
2540 4578 2695 4632 dicta.
2720 4581 2807 4632 est
2835 4579 2929 4636 5L
3000 4591 3011 4602 ·

398 4658 579 4713 serani
597 4658 683 4713 ait
694 4654 966 4711 terentius
986 4655 1058 4708 M
1142 4655 1437 4709 Terentius
1455 4659 1518 4710 tu
1537 4654 1632 4709 abi
1651 4659 1823 4725 atque
1843 4660 2047 4713 ostium
2069 4661 2268 4713 obsera.
2286 4659 2437 4712 intus
2458 4676 2524 4712 ex
2538 4659 2696 4711 libris
2716 4658 2951 4712 Terentii
2966 4674 2998 4715 5

498 4737 683 4795 tutaui
719 4739 890 4805 atque
926 4736 1185 4790 obseraui
1226 4738 1299 4790 M
1331 4736 1519 4792 tutaui
1555 4739 1725 4804 atque
1763 4737 1969 4806 (adque
2011 4737 2091 4807 P)
2141 4737 2435 4791 obseruaui
2475 4737 2587 4791 PL
2622 4744 2671 4791 et
2708 4738 2873 4791 codex
2909 4755 2998 4791 ex·

393 4820 544 4887 plan.
583 4818 646 4872 in
685 4815 830 4869 Don.
860 4832 921 4883 p.
953 4819 1078 4881 543,
1105 4821 1145 4869 2
1274 4824 1341 4871 23
1380 4817 1609 4887 ostium]
1650 4834 1711 4870 os
1749 4820 1909 4870 tuum
1947 4817 1999 4870 L
2125 4823 2195 4871 24
2231 4834 2339 4871 non
2368 4818 2556 4886 primo
2592 4819 2706 4871 loco
2742 4834 2842 4871 om.
2877 4816 2933 4870 P

402 4904 467 4953 26
502 4899 698 4954 manat
732 4910 765 4952 5
803 4895 1001 4949 Albim·
1036 4894 1272 4964 orthoyr.
1306 4914 1362 4965 p.
1393 4900 1519 4963 310,
1547 4901 1627 4952 26

2466 4989 2574 5039 19*
