3613 5528
1519 408 1907 464 EXCERPTA
2889 408 3017 474 331

409 520 455 557 p.
485 509 550 548 10.
580 509 629 548 11
655 508 715 549 E

413 591 782 655 descendens
828 595 908 654 ita
954 608 984 672 χ
1025 641 1038 653 .
1086 593 1534 655 circumflexum
1580 602 1778 657 autem
1820 602 2152 655 transversa
2195 591 2239 651 V
2272 592 2472 655 littera
2508 601 2782 655 notamus
2821 596 2899 656 ita
2930 589 3022 675 Λ,

412 698 654 762 brevem
684 700 963 781 syllabam
993 698 1037 760 C
1067 711 1305 764 sursum
1337 709 1640 782 spectante
1670 704 1750 762 ita
1775 739 1835 783 υ,
1878 701 2111 781 longam
2139 701 2164 761 1
2193 700 2519 781 aequaliter
2546 702 2776 763 iacente
2804 703 2886 762 ita
2920 735 3015 764 —.

413 806 519 868 sed
565 809 627 868 in
674 806 789 869 illis
836 826 1041 889 sonos,
1088 810 1149 869 in
1194 807 1289 868 his
1327 817 1593 888 tempora
1641 810 2056 889 cognoscimus
2096 856 2109 869 .
2157 826 2295 869 nam
2331 808 2492 870 dasia
2528 816 2589 870 et
2624 808 2774 889 psile
2813 807 3022 869 Graeci

415 922 693 996 utuntur,
753 931 861 975 nos
917 933 1017 975 eas
1071 917 1629 997 praetermittimus,
1694 916 1972 994 quoniam
2036 916 2455 994 aspirationem
2523 916 2695 977 nobis
2759 915 3026 997 adposita

335 1035 363 1075 ⁶
416 1019 612 1081 littera
658 1019 738 1101 H,
785 1039 936 1101 quae
982 1023 1045 1082 in
1092 1021 1241 1082 duas
1286 1031 1488 1102 partes
1534 1021 1842 1101 dividitur,
1866 1029 2323 1114 ‘repraesentag
2378 1030 2439 1082 et
2494 1023 2546 1082 si
2591 1023 2858 1102 adposita
2904 1040 3023 1083 non

416 1128 534 1189 erit
577 1175 591 1189 .
637 1127 873 1208 hyphen
920 1148 1061 1190 vero
1107 1130 1228 1191 duo
1276 1127 1451 1190 verba
1492 1131 1663 1209 quasi
1705 1133 1769 1190 in
1804 1147 1991 1191 unum
2040 1131 2522 1209 pronuntiatione
2560 1128 2921 1211 colligimuS,
2967 1137 3028 1190 et

415 1234 666 1296 sormam
711 1237 841 1298 eius
888 1238 974 1298 sic
1022 1237 1245 1298 faciunt
1281 1276 1370 1304 ψ
1408 1285 1421 1298 .
1462 1238 1773 1316 utriusque
1814 1237 1972 1296 enim
2013 1234 2175 1297 verbi
2214 1238 2512 1316 proximas
2548 1236 2776 1299 litteras
2811 1237 3025 1298 inflexa

417 1339 623 1401 subter
651 1341 876 1422 virgula
906 1345 1178 1423 iungunt,
1215 1342 1385 1422 quale
1416 1352 1508 1404 est
1546 1338 1866 1404 ‘Turnus
1902 1351 1980 1404 ut
2016 1339 2565 1423 antevvolans'.
2624 1344 3026 1425 apostrophon

418 1465 654 1527 quoque
701 1451 788 1510 sic
828 1442 839 1532 Ι
881 1457 1130 1511 notant:
1160 1449 1231 1510 ad
1279 1459 1458 1530 caput
1504 1452 1634 1511 eius
1682 1451 2087 1530 consonanti8‚
2145 1451 2241 1510 cui
2288 1450 2504 1512 vocalis
2559 1451 2862 1514 subtracta
2918 1462 3026 1529 est,

336 1574 390 1613 10
418 1555 691 1616 inflexam
754 1556 1042 1636 virgulam
1110 1575 1260 1637 quae
1329 1556 1400 1618 ad
1475 1575 1605 1618 eam
1679 1565 1911 1637 spectet
1982 1556 2316 1638 adponunt,
2390 1566 2460 1619 ut
2529 1553 2848 1621 ‘tanton'
2922 1578 3025 1621 me

417 1663 718 1724 crimine
766 1662 1055 1743 dignum
1102 1658 1425 1726 duxisti'.

1487 1910 1605 1977 DE
1652 1909 1953 1976 METRO

593 2073 847 2134 Metrum
886 2074 1029 2154 quid
1067 2071 1202 2135 est'?
1248 2074 1357 2134 Rei
1394 2075 1684 2154 cuiusque
1722 2044 2002 2135 mensura
2035 2122 2047 2135 .
2077 2073 2332 2135 Metrum
2369 2075 2674 2155 poeticum
2708 2077 2850 2156 quid
2890 2075 3027 2139 est?

416 2177 798 2268 versificandi
853 2181 1160 2262 disciplina
1219 2189 1383 2242 certa
1437 2180 1792 2261 syllabarum
1849 2200 1917 2242 ac
1974 2188 2308 2263 temporum
2367 2183 2593 2242 ratione
2651 2185 2713 2243 in
2773 2183 3026 2263 pedibus

340 2301 392 2342 15
420 2283 728 2348 observata
799 2336 813 2350 .
886 2287 1141 2350 Metrum
1218 2288 1375 2350 unde
1450 2284 1717 2350 dictum?
1818 2288 1987 2360 Quod
2062 2287 2245 2349 veluti
2319 2306 2659 2351 mensuram
2733 2290 3026 2370 quandam

417 2396 796 2477 praestituat,
860 2413 893 2455 a
950 2414 1063 2475 qua
1122 2396 1317 2475 siquid
1374 2395 1508 2475 plus
1564 2397 1834 2456 minusve
1893 2403 2012 2474 est,
2077 2412 2288 2455 versus
2351 2397 2593 2457 minime
2660 2397 2958 2459 constabit
3013 2446 3026 2460 .

416 2500 608 2562 Metro
673 2502 814 2582 quid
882 2502 1114 2564 videtur
1181 2521 1311 2564 esse
1377 2498 1730 2563 consimile?
1824 2500 2156 2581 Rhythmus
2221 2548 2235 2562 .
2300 2501 2455 2573 Quid
2517 2510 2608 2564 est
2672 2502 3029 2584 rhythmus?

422 2606 748 2669 Verborum
814 2609 1109 2670 modulata
1175 2610 1553 2690 compositio,
1627 2627 1745 2670 non
1814 2610 2060 2697 metrica
2125 2610 2387 2691 ratione,
2459 2609 2564 2670 sed
2638 2629 2889 2673 numero
2956 2612 3026 2674 ad

419 2714 703 2777 iudicium
733 2718 967 2778 aurium
996 2719 1351 2800 examinata,
1391 2724 1628 2797 utputa
1658 2715 1839 2778 veluti
1869 2723 2010 2778 sunt
2047 2718 2276 2777 cantica
2312 2716 2642 2798 vulgarium
2670 2728 2980 2799 poetarum
3009 2768 3023 2782 .

336 2839 393 2879 ιο
420 2822 752 2919 Rhythmus
808 2842 949 2903 ergo
1009 2825 1068 2884 in
1126 2832 1318 2886 metro
1379 2844 1495 2886 non
1555 2832 1753 2905 potest
1817 2820 2065 2885 inesse?
2156 2823 2344 2886 Distat
2408 2825 2648 2904 quidem
2711 2845 2743 2887 a
2807 2835 3029 2910 metro;

419 2949 625 2990 verum
691 2938 886 2992 tamen
953 2931 1266 3011 rhythmus
1328 2950 1436 3011 per
1501 2949 1565 2991 se
1632 2932 1760 2992 siue
1831 2938 2021 2991 metro
2087 2949 2218 2992 esse
2283 2939 2512 3014 potest,
2578 2940 2836 2995 metrum
2899 2937 3026 2996 sine

564 3218 631 3266 12
668 3210 765 3266 DE
813 3210 1067 3266 METRO
1116 3211 1386 3266 Iulianus
1432 3210 1497 3265 de
1542 3209 1756 3265 ratione
1800 3214 2093 3265 meti-orum
2127 3226 2189 3280 p.
2237 3214 2309 3265 49
2354 3225 2463 3280 sqq.
2516 3210 2597 3266 ed.
2642 3211 2800 3268 Rom.
2964 3220 3026 3270 17

421 3290 735 3360 Rhythmus
772 3291 932 3347 Beda
965 3292 1032 3346 de
1067 3296 1186 3346 arte
1219 3292 1445 3346 nicto-ica
1480 3295 1615 3359 258,
1644 3294 1720 3346 24

565 3567 593 3615 1
641 3560 728 3616 ita
762 3564 892 3630 post
939 3560 1199 3614 notamus
1244 3575 1346 3614 om.
1396 3557 1469 3627 B,
1515 3557 1600 3612 its
1644 3563 1694 3612 et
1739 3561 1925 3611 notam
1970 3557 2306 3626 circumflexi
2352 3561 2603 3613 accentus
2647 3573 2748 3615 om.
2795 3557 2858 3612 F
2994 3567 3027 3615 2

423 3639 648 3711 longam
684 3641 711 3695 I
747 3638 1059 3711 aequaliter
1100 3639 1320 3694 iacente
1364 3639 1447 3694 ita.
1492 3641 1581 3693 est
1619 3637 1694 3691 M
1726 3637 1899 3707 longa.
1934 3637 1959 3690 Ι
1996 3637 2307 3706 aequaliter
2350 3637 2570 3693 iacente
2607 3670 2675 3679 —
2710 3638 2766 3692 Β
2802 3639 3030 3710 longam

423 3747 735 3816 aequaliter
770 3747 987 3803 iacente
1022 3772 1062 3799 υ
1090 3746 1152 3801 F
1255 3752 1286 3800 3
1327 3762 1493 3800 sonus
1535 3745 1609 3798 M
1713 3761 1845 3799 nam
1881 3743 2042 3798 dasia.
2077 3745 2136 3798 et
2171 3743 2315 3814 psile
2345 3744 2421 3798 M
2452 3763 2584 3801 nam
2619 3711 2779 3801 dacia.
2814 3749 2873 3801 et
2900 3713 3031 3816 pisili

424 3826 485 3901 E
523 3826 578 3881 H
622 3845 753 3883 nam
809 3827 968 3883 desis
1021 3830 1080 3882 et
1132 3826 1275 3896 psile
1329 3827 1384 3880 Β
1527 3831 1561 3880 4
1598 3825 1716 3897 eas]
1774 3841 1844 3880 ea
1877 3823 2009 3878 BF
2038 3826 2125 3880 set
2159 3842 2195 3880 a
2234 3826 2310 3879 M
2449 3825 2739 3898 quoniam]
2792 3844 2920 3881 cnm
2960 3827 3036 3881 Μ

492 3914 525 3963 6
562 3908 615 3962 Η
650 3925 752 3966 om.
791 3908 855 3964 F
990 3910 1224 3976 fortasse
1277 3909 1336 3961 et
1389 3905 1718 3972 siccitatem,
1774 3904 1826 3959 si
1861 3903 2120 3974 adposita.
2155 3921 2267 3960 non
2305 3903 2414 3959 erit
2450 3926 2464 3960 ε
2503 3906 2570 3972 cf.
2610 3905 2829 3961 Dosith.
2857 3924 2921 3976 p.
2957 3912 3031 3962 10

422 3987 822 4058 aspirationem
847 3988 902 4043 H
928 3987 1214 4058 adscripta
1250 3985 1589 4063 praestabit3
1628 3984 1676 4039 si
1713 3984 2004 4055 adscripta
2029 4001 2139 4039 non
2169 3985 2296 4050 erit,
2322 3982 2635 4061 siccitatem
2744 3992 2776 4040 6
2804 3985 3031 4056 hyphen

425 4099 491 4110 —
532 4074 594 4124 11
644 4068 852 4124 duxisti
903 4085 1004 4125 om.
1063 4066 1127 4122 F
1262 4065 1321 4120 in
1377 4081 1477 4120 om.
1529 4065 1673 4118 ΒΜ
1814 4071 1847 4119 8
1884 4062 2074 4118 subter
2130 4062 2182 4115 V
2224 4063 2327 4118 sub
2370 4063 2518 4116 ΒΜ
2656 4067 2744 4119 est
2787 4081 2887 4119 om.
2941 4065 3031 4131 M,

425 4149 547 4204 add.
594 4148 651 4202 Β
796 4149 1013 4204 Turnus
1049 4151 1115 4203 ut
1149 4148 1280 4203 ante
1316 4145 1515 4201 uolans
1559 4143 1704 4198 ΒΜ
1736 4164 1755 4198 .·
1802 4143 1959 4213 Ver-9.
2005 4145 2146 4199 Aen.
2204 4144 2423 4198 VIIII
2464 4148 2537 4199 47
2679 4149 2712 4198 9
2761 4146 2922 4201 notat
2961 4147 3036 4200 Μ

529 4228 621 4283 cui
656 4227 946 4283 uocabulis
983 4228 1271 4283 subtracta
1322 4228 1409 4282 est
1453 4225 1715 4281 inflexam
1764 4222 1984 4293 uirgam
2033 4239 2177 4291 quae
2223 4222 2298 4277 ad
2334 4239 2460 4277 eam
2496 4225 2751 4292 aspectet
2784 4224 2841 4278 Β
2878 4225 3034 4280 cuius

426 4317 716 4373 uocabulis
753 4319 1044 4373 subtracta
1071 4316 1333 4372 inflexam
1371 4301 1648 4385 uix-galam
1694 4330 1803 4383 que
1843 4311 1918 4366 ad
1962 4329 2089 4367 eam
2133 4314 2356 4381 uspetet
2403 4311 2479 4365 M
2621 4318 2687 4366 10
2731 4316 2932 4368 tanton
2975 4314 3032 4368 Β

425 4400 583 4454 tanto
614 4398 690 4452 M
723 4397 945 4468 .·,Ver9.
986 4398 1126 4453 Aen.
1168 4395 1232 4451 X
1266 4400 1382 4451 668
1496 4401 1560 4449 11
1601 4392 1790 4448 dixisti
1834 4393 1909 4447 M
2015 4398 2082 4448 13
2121 4392 2271 4463 quod
2309 4394 2398 4447 est
2422 4393 2725 4462 posteriore
2759 4394 2873 4449 loco
2899 4394 3037 4449 ΒΜ

499 4485 564 4533 16
601 4475 938 4548 praestimat
973 4495 1009 4533 a
1045 4493 1157 4547 qua
1183 4474 1234 4531 si
1259 4475 1386 4545 plus
1404 4474 1459 4527 Β
1496 4473 1785 4544 prostituit
1810 4490 1847 4528 a
1873 4490 1988 4543 qua
2013 4492 2039 4529 s
2068 4473 2204 4542 quid
2241 4473 2369 4543 plus
2400 4472 2476 4526 M
2583 4478 2647 4527 17
2685 4475 2866 4528 metro
2896 4474 3032 4542 quid

423 4558 617 4614 uideat
680 4574 801 4613 esse
865 4557 1047 4613 simile
1106 4556 1182 4610 M
1206 4555 1213 4559 ’
1345 4561 1409 4611 18
1474 4553 1731 4626 numero]
1796 4569 2030 4609 numero
2093 4552 2438 4622 syllabarum
2490 4553 2677 4620 Beda,
2738 4571 3036 4610 numerosa

425 4637 710 4694 scansione
738 4639 939 4707 scripsi
965 4638 1121 4707 apud
1159 4636 1504 4691 Victorinum
1646 4640 1716 4689 20
1744 4633 2062 4703 Rhythmus
2091 4646 2225 4702 ergo
2250 4631 2311 4686 in
2335 4633 2516 4688 metro
2544 4649 2655 4688 non
2683 4634 2803 4688 est?
2840 4634 3037 4690 Potest

427 4733 546 4773 esse
585 4757 599 4772 .
642 4717 788 4784 Quid
825 4734 959 4788 ergo
995 4716 1173 4772 distat
1208 4733 1245 4771 a
1278 4715 1493 4770 metro?
1533 4712 1691 4779 Quod
1729 4712 2027 4780 rhythmus
2064 4730 2165 4783 per
2200 4729 2259 4768 se
2296 4712 2417 4769 sins
2452 4714 2633 4769 metro
2679 4730 2800 4770 esse
2845 4716 3037 4785 potest

426 4799 621 4867 scripsi
656 4798 812 4867 apud
857 4797 1201 4853 Victorinum
1307 4794 1485 4850 distat
1510 4792 1738 4864 quidem
1765 4793 1822 4846 Β
1861 4793 2035 4849 distat
2061 4809 2194 4864 ergo
2222 4791 2448 4862 quidem
2479 4792 2554 4846 M
2658 4799 2724 4848 21
2764 4795 3032 4865 metrum]

425 4882 633 4934 mett-us
666 4878 722 4932 Β

2497 4964 2607 5018 22*
