3613 5528
649 433 779 498 442
1629 433 1978 490 ARVSIANI
2016 432 2255 489 MESSII

650 619 893 682 Comitis
957 619 1309 681 elocutionis
1373 617 1634 680 libellum
1710 639 1784 681 ex
1847 619 2117 702 Virgilio,
2194 619 2497 700 Sallustio,
2574 618 2882 701 Terentio,
2957 618 3243 680 Cicerone

645 746 754 806 per
800 728 1025 789 litteras
1072 727 1364 808 digestum
1432 726 1642 806 allegat
1686 727 1813 789 Nic.
1860 727 2140 788 Heinsius
2186 727 2275 805 ,ad
2331 726 2627 788 Valerium
2674 726 2946 788 Flaccum
2993 747 3050 807 p.
3101 724 3243 787 174.

646 833 794 898 282.
859 832 1006 898 336.
1125 835 1295 896 lllum
1370 854 1402 896 e
1468 835 1683 897 Codice
1747 834 1811 896 B.
1877 834 2142 896 Godfridi
2217 834 2474 917 Graevii,
2557 833 2828 896 Consulis
2901 832 3245 915 LipsiensiS,

646 943 908 1003 Andreas
964 941 1266 1003 Stubelius
1331 945 1455 1004 suis
1511 943 1655 1004 locis
1711 945 1966 1005 inseruit
2022 962 2205 1004 novae
2262 942 2507 1004 editioni
2569 943 2834 1003 thesauri
2893 941 3243 1002 eruditionis

648 1049 1042 1110 Scholasticae
1090 1048 1286 1110 Basilii
1336 1049 1513 1111 Fabri
1558 1048 1714 1131 LipS.
1767 1047 1953 1112 1710.
2005 1047 2171 1112 1717
2223 1044 2342 1111 fol?
2392 1095 2406 1109 .
2453 1058 2720 1111 ceterum
2775 1066 3069 1129 perpauca
3116 1057 3244 1109 tum

645 1159 704 1217 in
753 1175 962 1217 novam
1011 1156 1275 1217 thesauri
1321 1157 1640 1218 editionem
1688 1176 1757 1218 ex
1795 1158 2071 1219 Arusiani
2116 1155 2266 1218 libro
2314 1164 2553 1236 recepta
2591 1163 2732 1217 sunt
2766 1202 2782 1218 .
2820 1164 2955 1236 post
2994 1162 3243 1216 mortem

644 1262 871 1324 Heinsii
937 1267 1066 1326 eius
1131 1264 1382 1327 schedae
1456 1265 1528 1326 ad
1593 1264 1936 1327 Dorvillium
2008 1273 2435 1346 pervenerunt,
2508 1264 2661 1344 apud
2735 1282 2910 1344 quem
2984 1263 3244 1325 Petrus

644 1370 1092 1433 Burmannus
1159 1371 1535 1434 Secundus
1600 1391 1699 1434 eas
1754 1372 1949 1434 denno
2007 1372 2352 1454 descripsit,
2407 1371 2479 1432 de
2538 1391 2653 1451 quo
2710 1374 2770 1433 in
2820 1372 3242 1432 commentario

645 1478 718 1538 de
782 1481 899 1540 vita
956 1478 1024 1539 N.
1081 1479 1309 1540 Heinsii
1369 1487 1503 1541 ante
1568 1479 1727 1541 illius
1787 1479 2119 1541 adversaria
2185 1480 2342 1542 edito
2406 1499 2463 1561 p.
2519 1477 2560 1541 9
2627 1480 2700 1541 de
2763 1482 2977 1540 itinere
3042 1477 3242 1539 Italico

644 1583 874 1646 Heinsii
905 1585 1056 1647 etde
1079 1588 1316 1648 invento
1348 1586 1420 1647 ab
1450 1606 1520 1648 eo
1541 1588 1815 1648 Arusiani
1844 1586 1996 1648 libro
2035 1587 2336 1649 disserens
2370 1587 2578 1649 scribit
2603 1586 2769 1668 haec,
2807 1581 3055 1647 ‘Passim
3085 1586 3242 1646 enim

644 1692 918 1753 Arusiani
965 1692 1383 1756 Elocutionum
1431 1693 1693 1755 libellum
1746 1694 1816 1756 ad
1878 1702 2074 1775 partes
2121 1702 2290 1755 vocat
2333 1696 2396 1755 in
2442 1693 2878 1756 Commentario
2926 1692 3242 1772 virgiliano

643 1798 875 1860 Pierilis
922 1799 1291 1883 Valerianus,
1356 1800 1560 1862 Carrio
1626 1802 1694 1863 ad
1755 1801 2098 1863 Sallustium
2164 1820 2284 1862 non
2349 1801 2557 1882 semel,
2621 1804 2725 1882 qui
2789 1810 2850 1862 et
2918 1801 3243 1878 fragmenta

645 1906 907 1969 Sallustii
954 1926 1028 1969 ex
1072 1927 1143 1968 eo
1192 1907 1456 1970 conlecta
1504 1908 1864 1991 inlustravit,
1909 1916 1970 1970 et
2012 1911 2074 1970 in
2124 1911 2278 1970 notis
2325 1927 2454 1989 pag.
2502 1905 2629 1970 451
2671 1908 2777 1970 Ed.
2816 1907 2983 1969 Grut.
3029 1909 3242 1968 inscite

634 2015 715 2088 ,31)
784 2015 911 2077 aliis
977 2015 1250 2077 Cornelio
1307 2015 1593 2077 Frontoni
1654 2015 1838 2077 tribui
1902 2016 2060 2079 hunc
2126 2017 2348 2078 foetum
2414 2016 2712 2098 observat3
2777 2013 3246 2096 idque-Heinsii

644 2126 833 2184 nostri
891 2124 1228 2184 testimonio
1295 2142 1439 2185 usus
1505 2125 1727 2185 notavit
1789 2123 2057 2185 Rhodius
2119 2122 2189 2184 ad
2258 2121 2524 2185 Scribon.
2590 2122 2844 2203 Largum
2909 2141 3037 2202 pag.
3093 2118 3242 2183 344.

643 2229 789 2292 Eius
835 2238 1030 2291 autem
1070 2228 1367 2310 exemplar
1404 2231 1805 2312 apographum
1844 2231 2183 2293 describere
2223 2230 2534 2311 aliquando
2572 2231 2716 2291 mihi
2755 2230 2921 2291 licuit
2956 2228 3243 2290 beneficio

644 2337 791 2398 Phil.
841 2337 1145 2419 D'Orvilli,
1190 2340 1294 2417 qui
1341 2347 1402 2399 et
1446 2337 1604 2399 hunc
1653 2339 1999 2400 thesaurum
2056 2342 2211 2401 inter
2268 2339 2377 2400 alia
2432 2339 2693 2400 literaria
2749 2337 3245 2418 peregrinationis

646 2445 877 2507 Italicae
925 2444 1135 2526 spolia,
1182 2445 1399 2524 quibus
1436 2453 1686 2507 onustus
1723 2448 1784 2507 in
1823 2450 2072 2527 patriam
2112 2447 2312 2528 rediit,
2359 2440 2668 2507 adservat?
2743 2462 2877 2505 nam
2915 2443 2987 2504 de
3018 2442 3245 2504 Heinsii

646 2552 941 2634 exemplo,
987 2571 1106 2613 non
1154 2552 1226 2613 de
1275 2572 1423 2614 novo
1471 2553 1745 2615 Arusiani
1791 2554 2127 2635 apographo
2176 2573 2207 2614 a
2255 2553 2533 2615 Dorvillio
2590 2554 2744 2614 facto
2801 2552 2946 2612 haec
3002 2569 3245 2612 narrare

644 2659 1090 2721 Burmannnum
1146 2667 1290 2740 puto
1339 2708 1352 2721 .
1399 2663 1459 2721 in
1519 2660 1843 2723 Burmanni
1898 2670 2095 2723 autem
2151 2660 2486 2741 apographo
2543 2659 2960 2733 Ruhnkenius‚
3024 2661 3129 2737 qui
3184 2661 3243 2717 in

644 2770 1006 2849 praefatione
1056 2768 1124 2829 ad
1174 2766 1460 2829 Rutilium
1507 2766 1741 2849 Lupum
1787 2789 1843 2850 p.
1892 2768 2073 2830 XXVI
2123 2778 2182 2830 et
2229 2770 2464 2848 saepius
2518 2770 2578 2829 in
2638 2770 2795 2828 notis
2839 2766 2908 2827 ad
2958 2764 3246 2827 Velleium

643 2878 918 2938 Arusiani
965 2878 1326 2937 mentionem
1375 2877 1543 2958 fecit,
1598 2876 1817 2938 librum
1867 2876 2078 2956 legisse
2127 2876 2360 2937 videtur
2407 2925 2420 2938 .
2468 2875 2640 2955 plura
2695 2878 2821 2956 ipse
2870 2872 3245 2934 Burmannus

644 2986 821 3045 variis
880 2983 1023 3045 locis
1070 3003 1140 3045 ex
1188 3002 1260 3044 eo
1307 2982 1675 3064 deprompsit
1720 3030 1735 3043 .
1784 2983 1990 3044 eodem
2049 2982 2383 3064 apographo
2440 2989 2500 3043 et
2563 2982 2677 3043 alio
2743 2981 3023 3062 quodam,
3087 2979 3243 3060 qnod

643 3094 837 3172 ipsum
887 3109 1123 3171 quoqne
1170 3089 1546 3152 Burmannus
1590 3089 1957 3171 possidebat,
2004 3109 2150 3152 usus
2198 3098 2288 3152 est
2333 3089 2593 3151 Petrus
2640 3087 3071 3169 Bondamus,
3125 3089 3248 3167 qui,

645 3218 782 3261 cum
828 3198 1148 3260 editionem
1193 3199 1467 3273 Arusiani
1513 3204 1776 3279 pararet,
1839 3216 1887 3258 a.
1941 3194 2111 3258 1760
2155 3196 2478 3257 Burmanni
2525 3195 2859 3277 exemplum
2906 3213 3043 3257 cnm
3090 3197 3247 3255 notis

645 3305 998 3387 quibusdam
1046 3312 1106 3364 et
1152 3304 1512 3364 coniecturis
1560 3302 1631 3364 ab
1669 3302 1769 3364 illo
1806 3304 2021 3366 additis
2059 3304 2375 3384 descripsit
2412 3312 2472 3364 et
2509 3303 2754 3366 alterius
2790 3302 3246 3382 discrepantiam

646 3417 706 3474 in
763 3415 1024 3492 margine
1086 3411 1381 3472 adnotavit
1428 3459 1441 3472 .
1489 3411 1634 3472 haec
1690 3431 1867 3473 manu
1923 3411 2206 3473 Bondami
2271 3414 2489 3492 scripta
2556 3429 2695 3473 cum
2758 3412 2962 3491 paucis
3026 3409 3247 3471 chartis
3324 3470 3333 3475 .

646 3540 828 3582 novae
877 3519 1151 3581 editionis
1208 3520 1361 3598 typis
1410 3537 1752 3601 expressae,
1817 3538 1991 3599 quam
2048 3518 2143 3580 ille
2200 3521 2529 3600 inceperat,
2598 3519 2705 3579 sed
2763 3536 2895 3578 mox
2951 3518 3247 3598 omiserat,

646 3646 804 3690 nunc
849 3629 910 3688 in
959 3626 1234 3688 Leidensi
1280 3624 1636 3686 bibliotheca
1682 3634 1994 3688 servantur
2039 3629 2199 3687 inter
2245 3625 2481 3686 codices
2525 3623 3052 3688 Perizonianos
3101 3620 3185 3685 84
3233 3670 3247 3685 .

644 3734 1019 3813 inscriptioni
1065 3731 1202 3793 libri
1248 3750 1320 3793 ex
1367 3730 1766 3812 Neapolitanis
1816 3731 2121 3793 codicibus
2168 3734 2481 3813 repetitae,
2527 3733 2826 3793 Arusianz·
2872 3731 3059 3791 Messi
3102 3746 3248 3810 sqq.,

645 3841 838 3902 addita
893 3848 986 3902 est
1043 3839 1341 3920 adnotatio
1395 3838 1693 3900 Parrhasii
1748 3858 1928 3920 supra
1986 3839 2194 3920 relata,
2249 3839 2547 3900 Arusiani
2570 3857 2639 3899 ·a
2696 3840 3054 3915 quibusdam
3108 3840 3245 3899 sub·

643 3953 916 4011 stitutum
961 3954 1100 4009 erat
1151 3947 1420 4007 Cornelii
1462 3948 1786 4008 Frontonis
1834 3948 2101 4023 improbe
2148 3992 2161 4006 .
2209 3963 2278 4005 ex
2338 3963 2457 4025 quo
2514 3954 2760 4026 apparet
2812 3964 2931 4006 non
2985 3948 3246 4026 priorem

646 4057 911 4118 codicem
957 4053 1432 4134 Neapolitanum,
1479 4054 1582 4114 sed
1629 4053 1794 4116 illum
1843 4053 2122 4134 alterum,
2177 4052 2238 4112 in
2296 4070 2414 4131 quo
2471 4054 2769 4132 scriptura
2825 4053 3127 4133 archetypi
3174 4052 3246 4114 ab

647 4164 805 4226 Italis
851 4169 1120 4225 correcta
1166 4168 1319 4239 erat,
1378 4159 1448 4221 ab
1496 4158 1739 4221 Heinsio
1795 4159 2163 4239 descriptum
2217 4159 2306 4220 vel
2363 4169 2527 4221 certe
2585 4168 2825 4241 praeter
2878 4162 3138 4242 priorem
3186 4162 3245 4219 in

646 4269 1036 4333 describendo
1101 4267 1428 4329 adhibitum
1493 4284 1624 4327 esse
1672 4314 1685 4328 .
1733 4269 1861 4347 ipse
1917 4265 2252 4328 Bondamus
2318 4266 2652 4347 apographo
2718 4286 2826 4328 suo
2893 4265 3250 4345 subscripsit

646 4378 811 4459 haec,
848 4372 1088 4437 ‘Petrus
1124 4374 1388 4436 Bondam
1427 4391 1496 4434 ex
1537 4372 1889 4453 Apographo
1926 4371 2378 4452 Elegantissimo
2415 4371 2581 4434 Petri
2618 4373 2940 4435 Burmanni
2971 4372 3249 4454 Secundi,

647 4489 749 4565 qni
796 4483 938 4546 illud
987 4482 1384 4562 descripserat
1431 4500 1502 4542 ex
1550 4480 1752 4541 codice
1800 4479 1862 4541 V.
1905 4479 1987 4541 Cl.
2023 4479 2076 4541 J.
2111 4480 2217 4542 Ph.
2257 4479 2535 4562 Dorville,
2585 4480 2875 4561 descripsi
2922 4490 2982 4542 et
3026 4480 3247 4542 absolvi

648 4593 1006 4674 Zntphaniae
1072 4590 1125 4651 d.
1192 4588 1346 4649 xvn
1418 4589 1552 4650 Iulii
1615 4582 1946 4649 MDCCLX'
2022 4635 2034 4648 .
2109 4587 2319 4648 deinde
2395 4586 2469 4648 de
2558 4596 2811 4669 utroque
2893 4587 3248 4669 apographo,

647 4719 764 4779 qno
828 4719 975 4762 usus
1049 4708 1202 4779 erat,
1284 4701 1346 4758 in
1429 4696 1645 4758 scheda
1717 4696 1908 4757 codici
1990 4696 2246 4775 praefixa
2330 4698 2558 4757 monuit
2639 4696 2812 4777 haec,
2903 4691 3019 4756 ‘Ex
3094 4696 3246 4776 Apo-

646 4806 867 4886 grapho
932 4805 1255 4867 Burmanni
1329 4806 1640 4884 ipsiusmet
1710 4821 1886 4864 manu
1953 4805 2174 4881 scripto
2248 4802 2537 4884 descripsi
2611 4803 2770 4864 haec.
2872 4802 3033 4864 Idem
3105 4822 3246 4864 vero

646 4910 1022 4975 Burmannus
1070 4923 1129 4974 ct
1175 4911 1425 4973 alterum
1475 4911 1929 4972 communicavit
1974 4909 2387 4990 Apographum
2436 4910 2510 4971 ab
2557 4911 2668 4972 alio
2716 4912 3027 4992 scriptum,
3087 4911 3245 4989 quod
