<?xml version="1.0" encoding="UTF-8"?>
<!DOCTYPE html PUBLIC "-//W3C//DTD XHTML 1.0 Transitional//EN"
    "http://www.w3.org/TR/xhtml1/DTD/xhtml1-transitional.dtd">
<html xmlns="http://www.w3.org/1999/xhtml" xml:lang="en" lang="en">
 <head>
  <title>
</title>
<meta http-equiv="Content-Type" content="text/html;charset=utf-8" />
  <meta name='ocr-system' content='tesseract 3.04.00' />
  <meta name='ocr-capabilities' content='ocr_page ocr_carea ocr_par ocr_line ocrx_word'/>
</head>
<body>
  <div class='ocr_page' id='page_1' title='image "./grammaticilatin09keilgoog_0277.png"; bbox 0 0 3613 5528; ppageno 0'>
   <div class='ocr_carea' id='block_1_1' title="bbox 1814 353 1839 384">
    <p class='ocr_par' dir='ltr' id='par_1_1' title="bbox 1814 353 1839 384">
     <span class='ocr_line' id='line_1_1' title="bbox 1814 353 1839 384; baseline 0 0"><span class='ocrx_word' id='word_1_1' title='bbox 1814 353 1839 384; x_wconf 64' lang='lat' dir='ltr'><strong><em>Q</em></strong></span> 
     </span>
    </p>
   </div>
   <div class='ocr_carea' id='block_1_2' title="bbox 435 370 3047 568">
    <p class='ocr_par' dir='ltr' id='par_1_2' title="bbox 435 370 3047 568">
     <span class='ocr_line' id='line_1_2' title="bbox 1387 370 3047 489; baseline 0.008 -15"><span class='ocrx_word' id='word_1_2' title='bbox 1387 416 1484 474; x_wconf 80' lang='lat' dir='ltr'><strong>DE</strong></span> <span class='ocrx_word' id='word_1_3' title='bbox 1525 370 2110 476; x_wconf 65' lang='lat' dir='ltr'><strong>omnoceffnm</strong></span> <span class='ocrx_word' id='word_1_4' title='bbox 2874 386 3047 489; x_wconf 64' lang='lat'><strong>&#39;267</strong></span> 
     </span>
     <span class='ocr_line' id='line_1_3' title="bbox 435 520 790 568; baseline 0 -9"><span class='ocrx_word' id='word_1_5' title='bbox 435 530 479 568; x_wconf 81' lang='lat' dir='ltr'><strong>p.</strong></span> <span class='ocrx_word' id='word_1_6' title='bbox 508 521 625 561; x_wconf 73' lang='lat'><strong>8780.</strong></span> <span class='ocrx_word' id='word_1_7' title='bbox 653 521 705 560; x_wconf 82' lang='grc'><strong>81,</strong></span> <span class='ocrx_word' id='word_1_8' title='bbox 738 520 790 559; x_wconf 84' lang='grc' dir='ltr'><strong>Ρ.</strong></span> 
     </span>
    </p>
   </div>
   <div class='ocr_carea' id='block_1_3' title="bbox 617 603 3047 688">
    <p class='ocr_par' dir='ltr' id='par_1_3' title="bbox 617 603 3047 688">
     <span class='ocr_line' id='line_1_4' title="bbox 617 603 3047 688; baseline 0.001 -23"><span class='ocrx_word' id='word_1_9' title='bbox 617 603 921 666; x_wconf 87' lang='lat' dir='ltr'><strong>Calumnia</strong></span> <span class='ocrx_word' id='word_1_10' title='bbox 968 612 1061 666; x_wconf 86' lang='lat' dir='ltr'><strong>est</strong></span> <span class='ocrx_word' id='word_1_11' title='bbox 1106 606 1333 666; x_wconf 78' lang='lat' dir='ltr'><strong>crimen</strong></span> <span class='ocrx_word' id='word_1_12' title='bbox 1380 605 1619 688; x_wconf 77' lang='lat' dir='ltr'><strong>salsum,</strong></span> <span class='ocrx_word' id='word_1_13' title='bbox 1666 625 1804 667; x_wconf 91' lang='lat' dir='ltr'><strong>cum</strong></span> <span class='ocrx_word' id='word_1_14' title='bbox 1851 605 2025 668; x_wconf 88' lang='lat' dir='ltr'><strong>nobis</strong></span> <span class='ocrx_word' id='word_1_15' title='bbox 2069 607 2442 668; x_wconf 81' lang='lat' dir='ltr'><strong>adversarius</strong></span> <span class='ocrx_word' id='word_1_16' title='bbox 2478 616 2583 669; x_wconf 88' lang='lat' dir='ltr'><strong>aut</strong></span> <span class='ocrx_word' id='word_1_17' title='bbox 2622 607 2842 668; x_wconf 78' lang='lat' dir='ltr'><strong>malum</strong></span> <span class='ocrx_word' id='word_1_18' title='bbox 2888 608 3047 687; x_wconf 77' lang='lat' dir='ltr'><strong>quod</strong></span> 
     </span>
    </p>
   </div>
   <div class='ocr_carea' id='block_1_4' title="bbox 439 711 3047 899">
    <p class='ocr_par' dir='ltr' id='par_1_4' title="bbox 439 711 3047 899">
     <span class='ocr_line' id='line_1_5' title="bbox 439 711 3047 802; baseline 0.002 -31"><span class='ocrx_word' id='word_1_19' title='bbox 439 730 558 772; x_wconf 89' lang='lat' dir='ltr'><strong>non</strong></span> <span class='ocrx_word' id='word_1_20' title='bbox 606 711 854 773; x_wconf 76' lang='lat' dir='ltr'><strong>fecimus</strong></span> <span class='ocrx_word' id='word_1_21' title='bbox 890 712 1074 775; x_wconf 88' lang='lat' dir='ltr'><strong>obicit</strong></span> <span class='ocrx_word' id='word_1_22' title='bbox 1110 720 1216 774; x_wconf 85' lang='lat' dir='ltr'><strong>aut</strong></span> <span class='ocrx_word' id='word_1_23' title='bbox 1258 711 1485 802; x_wconf 78' lang='lat' dir='ltr'><strong>bonum</strong></span> <span class='ocrx_word' id='word_1_24' title='bbox 1522 713 1682 793; x_wconf 89' lang='lat' dir='ltr'><strong>quod</strong></span> <span class='ocrx_word' id='word_1_25' title='bbox 1729 714 1944 775; x_wconf 77' lang='lat' dir='ltr'><strong>recisse</strong></span> <span class='ocrx_word' id='word_1_26' title='bbox 1990 713 2315 794; x_wconf 84' lang='lat' dir='ltr'><strong>probamur</strong></span> <span class='ocrx_word' id='word_1_27' title='bbox 2356 717 2415 776; x_wconf 86' lang='lat' dir='ltr'><strong>in</strong></span> <span class='ocrx_word' id='word_1_28' title='bbox 2455 716 2822 777; x_wconf 85' lang='lat' dir='ltr'><strong>contrarium</strong></span> <span class='ocrx_word' id='word_1_29' title='bbox 2868 717 3047 776; x_wconf 82' lang='lat' dir='ltr'><strong>inter·</strong></span> 
     </span>
     <span class='ocr_line' id='line_1_6' title="bbox 439 822 979 899; baseline 0.007 -21"><span class='ocrx_word' id='word_1_30' title='bbox 439 822 662 899; x_wconf 80' lang='lat' dir='ltr'><strong>pretari</strong></span> <span class='ocrx_word' id='word_1_31' title='bbox 710 830 979 882; x_wconf 78' lang='lat' dir='ltr'><strong>conatur.</strong></span> 
     </span>
    </p>
   </div>
   <div class='ocr_carea' id='block_1_5' title="bbox 370 924 3056 1980">
    <p class='ocr_par' dir='ltr' id='par_1_5' title="bbox 370 924 3056 1980">
     <span class='ocr_line' id='line_1_7' title="bbox 617 924 3055 1013; baseline 0.001 -25"><span class='ocrx_word' id='word_1_32' title='bbox 617 924 874 988; x_wconf 90' lang='lat' dir='ltr'><strong>Consulo</strong></span> <span class='ocrx_word' id='word_1_33' title='bbox 933 926 1070 1010; x_wconf 86' lang='lat' dir='ltr'><strong>tibi,</strong></span> <span class='ocrx_word' id='word_1_34' title='bbox 1123 930 1455 1010; x_wconf 78' lang='lat' dir='ltr'>prospicio,</span> <span class='ocrx_word' id='word_1_35' title='bbox 1508 928 1790 1008; x_wconf 79' lang='lat' dir='ltr'><strong>provideo</strong></span> <span class='ocrx_word' id='word_1_36' title='bbox 1853 947 1925 989; x_wconf 82' lang='lat' dir='ltr'><strong>ex</strong></span> <span class='ocrx_word' id='word_1_37' title='bbox 1982 948 2101 990; x_wconf 89' lang='lat' dir='ltr'><strong>uno</strong></span> <span class='ocrx_word' id='word_1_38' title='bbox 2157 948 2372 1010; x_wconf 79' lang='lat' dir='ltr'><strong>gracco</strong></span> <span class='ocrx_word' id='word_1_39' title='bbox 2418 934 2690 1013; x_wconf 78' lang='lat' dir='ltr'><strong>veniunt,</strong></span> <span class='ocrx_word' id='word_1_40' title='bbox 2746 931 2907 1010; x_wconf 89' lang='lat' dir='ltr'><strong>quod</strong></span> <span class='ocrx_word' id='word_1_41' title='bbox 2963 938 3055 991; x_wconf 83' lang='lat' dir='ltr'><strong>est</strong></span> 
     </span>
     <span class='ocr_line' id='line_1_8' title="bbox 389 1031 3053 1119; baseline 0.001 -26"><span class='ocrx_word' id='word_1_42' title='bbox 389 1048 415 1086; x_wconf 75' lang='lat'>⁵</span> <span class='ocrx_word' id='word_1_43' title='bbox 443 1031 710 1115; x_wconf 77' lang='grc' dir='ltr'><strong><em>προνοῶ</em></strong></span> <span class='ocrx_word' id='word_1_44' title='bbox 750 1047 897 1097; x_wconf 85' lang='grc' dir='ltr'><strong><em>σου.</em></strong></span> <span class='ocrx_word' id='word_1_45' title='bbox 960 1042 1276 1097; x_wconf 79' lang='lat' dir='ltr'><strong>contemno</strong></span> <span class='ocrx_word' id='word_1_46' title='bbox 1317 1034 1575 1117; x_wconf 88' lang='lat' dir='ltr'><strong>bostem,</strong></span> <span class='ocrx_word' id='word_1_47' title='bbox 1622 1035 1916 1118; x_wconf 84' lang='lat' dir='ltr'><strong>despicio,</strong></span> <span class='ocrx_word' id='word_1_48' title='bbox 1962 1054 2199 1119; x_wconf 84' lang='lat' dir='ltr'><strong>sperno,</strong></span> <span class='ocrx_word' id='word_1_49' title='bbox 2244 1053 2532 1118; x_wconf 79' lang='lat' dir='ltr'><strong>aspernor</strong></span> <span class='ocrx_word' id='word_1_50' title='bbox 2569 1057 2641 1098; x_wconf 85' lang='lat' dir='ltr'><strong>ex</strong></span> <span class='ocrx_word' id='word_1_51' title='bbox 2678 1056 2798 1099; x_wconf 90' lang='lat' dir='ltr'><strong>uno</strong></span> <span class='ocrx_word' id='word_1_52' title='bbox 2839 1053 3053 1117; x_wconf 84' lang='lat' dir='ltr'><strong>graeco</strong></span> 
     </span>
     <span class='ocr_line' id='line_1_9' title="bbox 443 1141 1527 1226; baseline 0.005 -26"><span class='ocrx_word' id='word_1_53' title='bbox 443 1142 711 1221; x_wconf 87' lang='lat' dir='ltr'><strong>veniunt,</strong></span> <span class='ocrx_word' id='word_1_54' title='bbox 757 1142 916 1222; x_wconf 87' lang='lat' dir='ltr'><strong>quod</strong></span> <span class='ocrx_word' id='word_1_55' title='bbox 964 1152 1055 1204; x_wconf 86' lang='lat' dir='ltr'><strong>est</strong></span> <span class='ocrx_word' id='word_1_56' title='bbox 1100 1141 1527 1226; x_wconf 74' lang='grc' dir='ltr'><strong><em>καταφρονῶ.</em></strong></span> 
     </span>
     <span class='ocr_line' id='line_1_10' title="bbox 620 1248 2518 1332; baseline 0.002 -23"><span class='ocrx_word' id='word_1_57' title='bbox 620 1248 921 1311; x_wconf 87' lang='lat' dir='ltr'><strong>Commeio</strong></span> <span class='ocrx_word' id='word_1_58' title='bbox 965 1249 1186 1312; x_wconf 88' lang='lat' dir='ltr'><strong>lectum</strong></span> <span class='ocrx_word' id='word_1_59' title='bbox 1233 1259 1324 1312; x_wconf 86' lang='lat' dir='ltr'><strong>est</strong></span> <span class='ocrx_word' id='word_1_60' title='bbox 1371 1259 1432 1312; x_wconf 92' lang='lat' dir='ltr'><strong>et</strong></span> <span class='ocrx_word' id='word_1_61' title='bbox 1476 1252 1772 1332; x_wconf 88' lang='lat' dir='ltr'><strong>permeio,</strong></span> <span class='ocrx_word' id='word_1_62' title='bbox 1820 1252 2098 1332; x_wconf 52' lang='lat' dir='ltr'><strong>commigi</strong></span> <span class='ocrx_word' id='word_1_63' title='bbox 2143 1259 2204 1312; x_wconf 86' lang='lat' dir='ltr'><strong>et</strong></span> <span class='ocrx_word' id='word_1_64' title='bbox 2248 1253 2518 1331; x_wconf 80' lang='lat' dir='ltr'><strong>permixi.</strong></span> 
     </span>
     <span class='ocr_line' id='line_1_11' title="bbox 620 1355 1561 1421; baseline 0.004 -6"><span class='ocrx_word' id='word_1_65' title='bbox 620 1355 884 1417; x_wconf 87' lang='lat' dir='ltr'><strong>Comitor</strong></span> <span class='ocrx_word' id='word_1_66' title='bbox 929 1359 1184 1420; x_wconf 90' lang='lat' dir='ltr'><strong>amicum</strong></span> <span class='ocrx_word' id='word_1_67' title='bbox 1233 1367 1294 1421; x_wconf 85' lang='lat' dir='ltr'><strong>et</strong></span> <span class='ocrx_word' id='word_1_68' title='bbox 1339 1360 1561 1420; x_wconf 89' lang='lat' dir='ltr'><strong>amicis.</strong></span> 
     </span>
     <span class='ocr_line' id='line_1_12' title="bbox 620 1462 2415 1560; baseline 0.001 -36"><span class='ocrx_word' id='word_1_69' title='bbox 620 1462 994 1527; x_wconf 85' lang='lat' dir='ltr'><strong>Corinthium</strong></span> <span class='ocrx_word' id='word_1_70' title='bbox 1039 1468 1228 1528; x_wconf 90' lang='lat' dir='ltr'><strong>civem</strong></span> <span class='ocrx_word' id='word_1_71' title='bbox 1274 1465 1554 1547; x_wconf 79' lang='lat' dir='ltr'><strong>dicimuS,</strong></span> <span class='ocrx_word' id='word_1_72' title='bbox 1601 1464 2051 1534; x_wconf 77' lang='lat' dir='ltr'><strong>Corinthiacum</strong></span> <span class='ocrx_word' id='word_1_73' title='bbox 2096 1483 2211 1525; x_wconf 88' lang='lat' dir='ltr'><strong>vas.</strong></span> <span class='ocrx_word' id='word_1_74' title='bbox 2374 1519 2415 1560; x_wconf 55' lang='lat'>‚</span> 
     </span>
     <span class='ocr_line' id='line_1_13' title="bbox 370 1570 3056 1654; baseline 0.002 -24"><span class='ocrx_word' id='word_1_75' title='bbox 370 1584 418 1621; x_wconf 86' lang='lat'><strong>¹⁰</strong></span> <span class='ocrx_word' id='word_1_76' title='bbox 621 1570 964 1634; x_wconf 81' lang='lat' dir='ltr'><strong>Comminus</strong></span> <span class='ocrx_word' id='word_1_77' title='bbox 1017 1573 1228 1654; x_wconf 80' lang='lat' dir='ltr'><strong>gladiis</strong></span> <span class='ocrx_word' id='word_1_78' title='bbox 1279 1591 1641 1653; x_wconf 79' lang='lat' dir='ltr'><strong>pugnamuS‚</strong></span> <span class='ocrx_word' id='word_1_79' title='bbox 1705 1572 1942 1633; x_wconf 87' lang='lat' dir='ltr'><strong>eminus</strong></span> <span class='ocrx_word' id='word_1_80' title='bbox 2000 1571 2235 1653; x_wconf 80' lang='lat' dir='ltr'><strong>iaculis,</strong></span> <span class='ocrx_word' id='word_1_81' title='bbox 2300 1575 2438 1652; x_wconf 85' lang='lat' dir='ltr'><strong>quia</strong></span> <span class='ocrx_word' id='word_1_82' title='bbox 2494 1572 2637 1634; x_wconf 84' lang='lat' dir='ltr'><strong>illud</strong></span> <span class='ocrx_word' id='word_1_83' title='bbox 2696 1593 2727 1634; x_wconf 90' lang='lat' dir='ltr'><strong>a</strong></span> <span class='ocrx_word' id='word_1_84' title='bbox 2786 1573 3056 1636; x_wconf 86' lang='lat' dir='ltr'><strong>manibus</strong></span> 
     </span>
     <span class='ocr_line' id='line_1_14' title="bbox 451 1677 1779 1761; baseline 0.004 -25"><span class='ocrx_word' id='word_1_85' title='bbox 451 1695 564 1737; x_wconf 87' lang='lat' dir='ltr'><strong>nou</strong></span> <span class='ocrx_word' id='word_1_86' title='bbox 612 1677 866 1761; x_wconf 87' lang='lat' dir='ltr'><strong>recedit,</strong></span> <span class='ocrx_word' id='word_1_87' title='bbox 912 1680 1025 1741; x_wconf 86' lang='lat' dir='ltr'><strong>boc</strong></span> <span class='ocrx_word' id='word_1_88' title='bbox 1072 1700 1105 1742; x_wconf 88' lang='lat' dir='ltr'><strong>e</strong></span> <span class='ocrx_word' id='word_1_89' title='bbox 1151 1680 1424 1743; x_wconf 90' lang='lat' dir='ltr'><strong>manibus</strong></span> <span class='ocrx_word' id='word_1_90' title='bbox 1471 1682 1779 1742; x_wconf 79' lang='lat' dir='ltr'><strong>emittitur.</strong></span> 
     </span>
     <span class='ocr_line' id='line_1_15' title="bbox 624 1783 2175 1870; baseline 0.005 -25"><span class='ocrx_word' id='word_1_91' title='bbox 624 1783 893 1865; x_wconf 89' lang='lat' dir='ltr'><strong>Clipeum</strong></span> <span class='ocrx_word' id='word_1_92' title='bbox 938 1807 1269 1870; x_wconf 85' lang='lat' dir='ltr'><strong>armorum,</strong></span> <span class='ocrx_word' id='word_1_93' title='bbox 1315 1788 1594 1869; x_wconf 86' lang='lat' dir='ltr'><strong>clupeum</strong></span> <span class='ocrx_word' id='word_1_94' title='bbox 1640 1789 1913 1868; x_wconf 80' lang='lat' dir='ltr'><strong>imaginis</strong></span> <span class='ocrx_word' id='word_1_95' title='bbox 1960 1795 2070 1848; x_wconf 85' lang='lat' dir='ltr'><strong>est.</strong></span> <span class='ocrx_word' id='word_1_96' title='bbox 2172 1849 2175 1852; x_wconf 87' lang='lat'><strong>.</strong></span> 
     </span>
     <span class='ocr_line' id='line_1_16' title="bbox 624 1891 2124 1980; baseline 0.002 -28"><span class='ocrx_word' id='word_1_97' title='bbox 624 1891 791 1954; x_wconf 80' lang='lat' dir='ltr'><strong>Cadit</strong></span> <span class='ocrx_word' id='word_1_98' title='bbox 836 1897 972 1974; x_wconf 88' lang='lat' dir='ltr'><strong>quis</strong></span> <span class='ocrx_word' id='word_1_99' title='bbox 1019 1898 1195 1958; x_wconf 86' lang='lat' dir='ltr'><strong>etiam</strong></span> <span class='ocrx_word' id='word_1_100' title='bbox 1242 1899 1304 1959; x_wconf 89' lang='lat' dir='ltr'><strong>in</strong></span> <span class='ocrx_word' id='word_1_101' title='bbox 1350 1897 1558 1980; x_wconf 89' lang='lat' dir='ltr'><strong>plano,</strong></span> <span class='ocrx_word' id='word_1_102' title='bbox 1605 1895 1827 1958; x_wconf 87' lang='lat' dir='ltr'><strong>decidit</strong></span> <span class='ocrx_word' id='word_1_103' title='bbox 1870 1914 1944 1956; x_wconf 84' lang='lat' dir='ltr'><strong>ex</strong></span> <span class='ocrx_word' id='word_1_104' title='bbox 1990 1894 2124 1957; x_wconf 87' lang='lat' dir='ltr'><strong>alto.</strong></span> 
     </span>
    </p>
   </div>
   <div class='ocr_carea' id='block_1_6' title="bbox 375 1997 3059 2167">
    <p class='ocr_par' dir='ltr' id='par_1_6' title="bbox 375 1997 3059 2167">
     <span class='ocr_line' id='line_1_17' title="bbox 625 1997 3059 2086; baseline 0.002 -26"><span class='ocrx_word' id='word_1_105' title='bbox 625 1997 911 2063; x_wconf 80' lang='lat' dir='ltr'><strong>Caerulus</strong></span> <span class='ocrx_word' id='word_1_106' title='bbox 957 2011 1201 2065; x_wconf 82' lang='lat' dir='ltr'><strong>naturae</strong></span> <span class='ocrx_word' id='word_1_107' title='bbox 1235 2003 1414 2066; x_wconf 81' lang='lat' dir='ltr'><strong>color</strong></span> <span class='ocrx_word' id='word_1_108' title='bbox 1463 2012 1581 2086; x_wconf 87' lang='lat' dir='ltr'><strong>est,</strong></span> <span class='ocrx_word' id='word_1_109' title='bbox 1628 2002 1941 2065; x_wconf 89' lang='lat' dir='ltr'><strong>caeruleus</strong></span> <span class='ocrx_word' id='word_1_110' title='bbox 1988 2005 2255 2082; x_wconf 82' lang='lat' dir='ltr'><strong>lingitur:</strong></span> <span class='ocrx_word' id='word_1_111' title='bbox 2310 2005 2391 2064; x_wconf 82' lang='lat' dir='ltr'><strong>ita</strong></span> <span class='ocrx_word' id='word_1_112' title='bbox 2439 2002 2691 2065; x_wconf 86' lang='lat' dir='ltr'><strong>alterum</strong></span> <span class='ocrx_word' id='word_1_113' title='bbox 2741 2013 2858 2084; x_wconf 85' lang='lat' dir='ltr'><strong>est,</strong></span> <span class='ocrx_word' id='word_1_114' title='bbox 2913 2003 3059 2064; x_wconf 85' lang='lat' dir='ltr'><strong>alte-</strong></span> 
     </span>
     <span class='ocr_line' id='line_1_18' title="bbox 375 2107 712 2167; baseline 0.012 -4"><span class='ocrx_word' id='word_1_115' title='bbox 375 2116 423 2156; x_wconf 83' lang='lat'><strong>15</strong></span> <span class='ocrx_word' id='word_1_116' title='bbox 452 2121 583 2165; x_wconf 87' lang='lat' dir='ltr'><strong>rum</strong></span> <span class='ocrx_word' id='word_1_117' title='bbox 631 2107 712 2167; x_wconf 76' lang='lat' dir='ltr'><strong>iit.</strong></span> 
     </span>
    </p>
   </div>
   <div class='ocr_carea' id='block_1_7' title="bbox 452 2213 3061 2407">
    <p class='ocr_par' dir='ltr' id='par_1_7' title="bbox 452 2213 3061 2407">
     <span class='ocr_line' id='line_1_19' title="bbox 628 2213 3061 2300; baseline 0.002 -26"><span class='ocrx_word' id='word_1_118' title='bbox 628 2213 874 2278; x_wconf 82' lang='lat' dir='ltr'><strong>Claritas</strong></span> <span class='ocrx_word' id='word_1_119' title='bbox 913 2225 1032 2279; x_wconf 87' lang='lat' dir='ltr'><strong>tam</strong></span> <span class='ocrx_word' id='word_1_120' title='bbox 1078 2218 1318 2280; x_wconf 85' lang='lat' dir='ltr'><strong>luminis</strong></span> <span class='ocrx_word' id='word_1_121' title='bbox 1357 2230 1449 2281; x_wconf 88' lang='lat' dir='ltr'><strong>est</strong></span> <span class='ocrx_word' id='word_1_122' title='bbox 1496 2237 1673 2299; x_wconf 88' lang='lat' dir='ltr'><strong>quam</strong></span> <span class='ocrx_word' id='word_1_123' title='bbox 1718 2219 2192 2300; x_wconf 78' lang='lat' dir='ltr'><strong>perspicuitatiS,</strong></span> <span class='ocrx_word' id='word_1_124' title='bbox 2239 2216 2529 2279; x_wconf 82' lang='lat' dir='ltr'><strong>claritudo</strong></span> <span class='ocrx_word' id='word_1_125' title='bbox 2574 2218 2830 2296; x_wconf 87' lang='lat' dir='ltr'><strong>generis.</strong></span> <span class='ocrx_word' id='word_1_126' title='bbox 2897 2218 3061 2296; x_wconf 90' lang='lat' dir='ltr'><strong>prior</strong></span> 
     </span>
     <span class='ocr_line' id='line_1_20' title="bbox 452 2319 2776 2407; baseline 0.004 -30"><span class='ocrx_word' id='word_1_127' title='bbox 452 2319 649 2398; x_wconf 88' lang='lat' dir='ltr'><strong>itaque</strong></span> <span class='ocrx_word' id='word_1_128' title='bbox 696 2322 1057 2407; x_wconf 86' lang='lat' dir='ltr'><strong>splendoris,</strong></span> <span class='ocrx_word' id='word_1_129' title='bbox 1101 2327 1401 2406; x_wconf 85' lang='lat' dir='ltr'><strong>posterior</strong></span> <span class='ocrx_word' id='word_1_130' title='bbox 1446 2324 1773 2386; x_wconf 90' lang='lat' dir='ltr'><strong>nobilitatis</strong></span> <span class='ocrx_word' id='word_1_131' title='bbox 1820 2334 1928 2386; x_wconf 87' lang='lat' dir='ltr'><strong>est.</strong></span> <span class='ocrx_word' id='word_1_132' title='bbox 2769 2325 2776 2332; x_wconf 83' lang='grc'><em>’</em></span> 
     </span>
    </p>
   </div>
   <div class='ocr_carea' id='block_1_8' title="bbox 453 2428 3062 2618">
    <p class='ocr_par' dir='ltr' id='par_1_8' title="bbox 453 2428 3062 2618">
     <span class='ocr_line' id='line_1_21' title="bbox 630 2428 3062 2514; baseline 0.001 -24"><span class='ocrx_word' id='word_1_133' title='bbox 630 2428 941 2493; x_wconf 88' lang='lat' dir='ltr'><strong>Cruciatus</strong></span> <span class='ocrx_word' id='word_1_134' title='bbox 979 2442 1071 2493; x_wconf 84' lang='lat' dir='ltr'><strong>est</strong></span> <span class='ocrx_word' id='word_1_135' title='bbox 1107 2433 1278 2494; x_wconf 89' lang='lat' dir='ltr'><strong>dolor</strong></span> <span class='ocrx_word' id='word_1_136' title='bbox 1314 2434 1602 2514; x_wconf 77' lang='lat' dir='ltr'><strong>corporiS,</strong></span> <span class='ocrx_word' id='word_1_137' title='bbox 1639 2433 1732 2494; x_wconf 85' lang='lat' dir='ltr'><strong>vel</strong></span> <span class='ocrx_word' id='word_1_138' title='bbox 1770 2450 1907 2494; x_wconf 90' lang='lat' dir='ltr'><strong>cum</strong></span> <span class='ocrx_word' id='word_1_139' title='bbox 1945 2433 2123 2493; x_wconf 90' lang='lat' dir='ltr'><strong>homo</strong></span> <span class='ocrx_word' id='word_1_140' title='bbox 2161 2431 2233 2493; x_wconf 86' lang='lat' dir='ltr'><strong>ab</strong></span> <span class='ocrx_word' id='word_1_141' title='bbox 2271 2431 2457 2494; x_wconf 85' lang='lat' dir='ltr'><strong>altero</strong></span> <span class='ocrx_word' id='word_1_142' title='bbox 2486 2433 2809 2514; x_wconf 87' lang='lat' dir='ltr'><strong>cruciatur,</strong></span> <span class='ocrx_word' id='word_1_143' title='bbox 2838 2434 3062 2494; x_wconf 89' lang='lat' dir='ltr'><strong>crucia·</strong></span> 
     </span>
     <span class='ocr_line' id='line_1_22' title="bbox 453 2539 1219 2618; baseline 0.009 -23"><span class='ocrx_word' id='word_1_144' title='bbox 453 2545 719 2598; x_wconf 88' lang='lat' dir='ltr'><strong>mentum</strong></span> <span class='ocrx_word' id='word_1_145' title='bbox 766 2539 926 2618; x_wconf 87' lang='lat' dir='ltr'><strong>quod</strong></span> <span class='ocrx_word' id='word_1_146' title='bbox 974 2542 1219 2602; x_wconf 89' lang='lat' dir='ltr'><strong>cruciat.</strong></span> 
     </span>
    </p>
   </div>
   <div class='ocr_carea' id='block_1_9' title="bbox 374 2642 3066 3477">
    <p class='ocr_par' dir='ltr' id='par_1_9' title="bbox 374 2642 3064 2961">
     <span class='ocr_line' id='line_1_23' title="bbox 374 2642 2502 2729; baseline 0.002 -26"><span class='ocrx_word' id='word_1_147' title='bbox 374 2652 427 2691; x_wconf 77' lang='lat'><strong>2⁰</strong></span> <span class='ocrx_word' id='word_1_148' title='bbox 633 2642 829 2705; x_wconf 88' lang='lat' dir='ltr'><strong>Cerno</strong></span> <span class='ocrx_word' id='word_1_149' title='bbox 877 2652 938 2706; x_wconf 90' lang='lat' dir='ltr'><strong>et</strong></span> <span class='ocrx_word' id='word_1_150' title='bbox 981 2664 1189 2708; x_wconf 88' lang='lat' dir='ltr'><strong>cresco</strong></span> <span class='ocrx_word' id='word_1_151' title='bbox 1235 2649 1298 2708; x_wconf 89' lang='lat' dir='ltr'><strong>in</strong></span> <span class='ocrx_word' id='word_1_152' title='bbox 1345 2647 1602 2709; x_wconf 87' lang='lat' dir='ltr'><strong>eundem</strong></span> <span class='ocrx_word' id='word_1_153' title='bbox 1648 2649 1985 2727; x_wconf 81' lang='lat' dir='ltr'><strong>perfectum</strong></span> <span class='ocrx_word' id='word_1_154' title='bbox 2032 2647 2278 2729; x_wconf 89' lang='lat' dir='ltr'><strong>cadunt,</strong></span> <span class='ocrx_word' id='word_1_155' title='bbox 2324 2648 2502 2708; x_wconf 83' lang='lat' dir='ltr'><strong>crevi.</strong></span> 
     </span>
     <span class='ocr_line' id='line_1_24' title="bbox 447 2748 3064 2836; baseline -0 -24"><span class='ocrx_word' id='word_1_156' title='bbox 447 2751 459 2760; x_wconf 84' lang='lat'><em>&#39;</em></span> <span class='ocrx_word' id='word_1_157' title='bbox 631 2749 824 2813; x_wconf 86' lang='lat' dir='ltr'><strong>Caedo</strong></span> <span class='ocrx_word' id='word_1_158' title='bbox 881 2752 1070 2815; x_wconf 88' lang='lat' dir='ltr'><strong>cecidi</strong></span> <span class='ocrx_word' id='word_1_159' title='bbox 1133 2773 1242 2835; x_wconf 90' lang='lat' dir='ltr'><strong>per</strong></span> <span class='ocrx_word' id='word_1_160' title='bbox 1296 2774 1364 2816; x_wconf 90' lang='lat' dir='ltr'><strong>ae</strong></span> <span class='ocrx_word' id='word_1_161' title='bbox 1421 2752 1856 2836; x_wconf 83' lang='lat' dir='ltr'><strong>diphthongon,</strong></span> <span class='ocrx_word' id='word_1_162' title='bbox 1912 2748 2274 2816; x_wconf 71' lang='lat' dir='ltr'><strong>‘caeditur</strong></span> <span class='ocrx_word' id='word_1_163' title='bbox 2328 2762 2399 2815; x_wconf 90' lang='lat' dir='ltr'><strong>et</strong></span> <span class='ocrx_word' id='word_1_164' title='bbox 2467 2750 2625 2814; x_wconf 83' lang='lat' dir='ltr'><strong>tilia</strong></span> <span class='ocrx_word' id='word_1_165' title='bbox 2678 2757 2842 2812; x_wconf 89' lang='lat' dir='ltr'><strong>ante</strong></span> <span class='ocrx_word' id='word_1_166' title='bbox 2895 2752 3064 2831; x_wconf 82' lang='lat' dir='ltr'><strong>iugo</strong></span> 
     </span>
     <span class='ocr_line' id='line_1_25' title="bbox 455 2852 2805 2961; baseline 0.002 -45"><span class='ocrx_word' id='word_1_167' title='bbox 455 2852 671 2918; x_wconf 86' lang='lat' dir='ltr'><strong>levis’</strong></span> <span class='ocrx_word' id='word_1_168' title='bbox 718 2857 1011 2939; x_wconf 84' lang='lat' dir='ltr'><strong>Vergilius</strong></span> <span class='ocrx_word' id='word_1_169' title='bbox 1059 2853 1297 2942; x_wconf 71' lang='lat' dir='ltr'><strong>(qeorq.</strong></span> <span class='ocrx_word' id='word_1_170' title='bbox 1347 2864 1390 2922; x_wconf 89' lang='lat' dir='ltr'><em>I</em></span> <span class='ocrx_word' id='word_1_171' title='bbox 1427 2856 1611 2944; x_wconf 86' lang='lat'><strong><em>173);</em></strong></span> <span class='ocrx_word' id='word_1_172' title='bbox 1661 2860 1809 2922; x_wconf 87' lang='lat' dir='ltr'><strong>cedo</strong></span> <span class='ocrx_word' id='word_1_173' title='bbox 1855 2863 2011 2922; x_wconf 87' lang='lat' dir='ltr'><strong>cessi</strong></span> <span class='ocrx_word' id='word_1_174' title='bbox 2056 2879 2165 2940; x_wconf 91' lang='lat' dir='ltr'><strong>per</strong></span> <span class='ocrx_word' id='word_1_175' title='bbox 2212 2880 2244 2921; x_wconf 89' lang='lat' dir='ltr'><strong>e</strong></span> <span class='ocrx_word' id='word_1_176' title='bbox 2292 2860 2639 2942; x_wconf 84' lang='lat' dir='ltr'><strong>simplicem.</strong></span> <span class='ocrx_word' id='word_1_177' title='bbox 2722 2894 2805 2961; x_wconf 59' lang='lat'><strong>,-</strong></span> 
     </span>
    </p>

    <p class='ocr_par' dir='ltr' id='par_1_10' title="bbox 633 2963 3066 3050">
     <span class='ocr_line' id='line_1_26' title="bbox 633 2963 3066 3050; baseline 0 -24"><span class='ocrx_word' id='word_1_178' title='bbox 633 2964 823 3045; x_wconf 89' lang='lat' dir='ltr'><strong>Cupio</strong></span> <span class='ocrx_word' id='word_1_179' title='bbox 861 2969 1058 3047; x_wconf 86' lang='lat' dir='ltr'><strong>cupivi</strong></span> <span class='ocrx_word' id='word_1_180' title='bbox 1104 2968 1244 3030; x_wconf 76' lang='lat' dir='ltr'><strong>facit</strong></span> <span class='ocrx_word' id='word_1_181' title='bbox 1290 2978 1351 3030; x_wconf 89' lang='lat' dir='ltr'><strong>et</strong></span> <span class='ocrx_word' id='word_1_182' title='bbox 1396 2971 1562 3049; x_wconf 85' lang='lat' dir='ltr'><strong>cupi:</strong></span> <span class='ocrx_word' id='word_1_183' title='bbox 1609 2968 1818 3030; x_wconf 88' lang='lat' dir='ltr'><strong>Cicero</strong></span> <span class='ocrx_word' id='word_1_184' title='bbox 1864 2986 1974 3050; x_wconf 89' lang='lat' dir='ltr'><strong>pro</strong></span> <span class='ocrx_word' id='word_1_185' title='bbox 2013 2967 2285 3029; x_wconf 85' lang='lat' dir='ltr'><strong>Cluentio</strong></span> <span class='ocrx_word' id='word_1_186' title='bbox 2334 2963 2437 3029; x_wconf 73' lang='lat' dir='ltr'><strong>‘et</strong></span> <span class='ocrx_word' id='word_1_187' title='bbox 2482 2967 2715 3028; x_wconf 79' lang='lat' dir='ltr'><strong>filium</strong></span> <span class='ocrx_word' id='word_1_188' title='bbox 2762 2975 2833 3029; x_wconf 88' lang='lat' dir='ltr'><strong>ct</strong></span> <span class='ocrx_word' id='word_1_189' title='bbox 2877 2967 3066 3028; x_wconf 88' lang='lat' dir='ltr'><strong>hunc</strong></span> 
     </span>
    </p>

    <p class='ocr_par' dir='ltr' id='par_1_11' title="bbox 456 3072 2535 3157">
     <span class='ocr_line' id='line_1_27' title="bbox 456 3072 2535 3157; baseline 0.002 -25"><span class='ocrx_word' id='word_1_190' title='bbox 456 3091 612 3133; x_wconf 89' lang='lat' dir='ltr'><strong>cum</strong></span> <span class='ocrx_word' id='word_1_191' title='bbox 659 3077 952 3155; x_wconf 76' lang='lat' dir='ltr'><strong>maxime</strong></span> <span class='ocrx_word' id='word_1_192' title='bbox 1000 3075 1233 3138; x_wconf 78' lang='lat' dir='ltr'><strong>silium</strong></span> <span class='ocrx_word' id='word_1_193' title='bbox 1279 3077 1754 3138; x_wconf 78' lang='lat' dir='ltr'><strong>intersectum</strong></span> <span class='ocrx_word' id='word_1_194' title='bbox 1801 3072 2037 3157; x_wconf 88' lang='lat' dir='ltr'><strong>cupit&#39;</strong></span> <span class='ocrx_word' id='word_1_195' title='bbox 2082 3094 2194 3156; x_wconf 89' lang='lat' dir='ltr'><strong>pro</strong></span> <span class='ocrx_word' id='word_1_196' title='bbox 2241 3076 2480 3155; x_wconf 82' lang='lat' dir='ltr'><strong>cupivit.</strong></span> <span class='ocrx_word' id='word_1_197' title='bbox 2521 3074 2535 3152; x_wconf 83' lang='grc' dir='ltr'>Ι</span> 
     </span>
    </p>

    <p class='ocr_par' dir='ltr' id='par_1_12' title="bbox 377 3179 3064 3477">
     <span class='ocr_line' id='line_1_28' title="bbox 377 3179 3064 3265; baseline 0 -25"><span class='ocrx_word' id='word_1_198' title='bbox 377 3186 430 3226; x_wconf 75' lang='lat'><strong>²⁵</strong></span> <span class='ocrx_word' id='word_1_199' title='bbox 632 3179 974 3242; x_wconf 85' lang='lat' dir='ltr'><strong>Calumnior</strong></span> <span class='ocrx_word' id='word_1_200' title='bbox 1033 3185 1365 3264; x_wconf 81' lang='lat' dir='ltr'><strong>innocenti,</strong></span> <span class='ocrx_word' id='word_1_201' title='bbox 1426 3201 1546 3245; x_wconf 88' lang='lat' dir='ltr'><strong>non</strong></span> <span class='ocrx_word' id='word_1_202' title='bbox 1609 3185 2015 3265; x_wconf 87' lang='lat' dir='ltr'><strong>innocentem,</strong></span> <span class='ocrx_word' id='word_1_203' title='bbox 2084 3185 2321 3244; x_wconf 86' lang='lat' dir='ltr'><strong>tametsi</strong></span> <span class='ocrx_word' id='word_1_204' title='bbox 2375 3181 2615 3261; x_wconf 86' lang='lat' dir='ltr'><strong>quidam</strong></span> <span class='ocrx_word' id='word_1_205' title='bbox 2668 3183 3064 3262; x_wconf 88' lang='lat' dir='ltr'><strong>interpretum</strong></span> 
     </span>
     <span class='ocr_line' id='line_1_29' title="bbox 456 3273 3062 3372; baseline 0.001 -26"><span class='ocrx_word' id='word_1_206' title='bbox 456 3304 726 3365; x_wconf 84' lang='lat' dir='ltr'><strong>graecam</strong></span> <span class='ocrx_word' id='word_1_207' title='bbox 771 3287 1130 3351; x_wconf 87' lang='lat' dir='ltr'><strong>locutionem</strong></span> <span class='ocrx_word' id='word_1_208' title='bbox 1178 3292 1369 3352; x_wconf 83' lang='lat' dir='ltr'><strong>secuti</strong></span> <span class='ocrx_word' id='word_1_209' title='bbox 1415 3292 1816 3351; x_wconf 84' lang='lat' dir='ltr'><strong>accusativum</strong></span> <span class='ocrx_word' id='word_1_210' title='bbox 1859 3292 2173 3370; x_wconf 84' lang='lat' dir='ltr'><strong>posuerint</strong></span> <span class='ocrx_word' id='word_1_211' title='bbox 2225 3290 2494 3352; x_wconf 88' lang='lat' dir='ltr'><strong>dicentes</strong></span> <span class='ocrx_word' id='word_1_212' title='bbox 2522 3283 2788 3372; x_wconf 61' lang='lat' dir='ltr'><strong>(Mami.</strong></span> <span class='ocrx_word' id='word_1_213' title='bbox 2835 3290 2895 3364; x_wconf 89' lang='lat'><strong>5,</strong></span> <span class='ocrx_word' id='word_1_214' title='bbox 2944 3273 3062 3370; x_wconf 75' lang='lat'><strong>4&#39;4)</strong></span> 
     </span>
     <span class='ocr_line' id='line_1_30' title="bbox 458 3389 2642 3477; baseline 0.001 -21"><span class='ocrx_word' id='word_1_215' title='bbox 458 3389 566 3457; x_wconf 78' lang='lat' dir='ltr'><strong>‘et</strong></span> <span class='ocrx_word' id='word_1_216' title='bbox 609 3405 817 3458; x_wconf 88' lang='lat' dir='ltr'><strong>orate</strong></span> <span class='ocrx_word' id='word_1_217' title='bbox 861 3416 990 3477; x_wconf 87' lang='lat' dir='ltr'><strong>pro</strong></span> <span class='ocrx_word' id='word_1_218' title='bbox 1036 3395 1651 3477; x_wconf 86' lang='lat' dir='ltr'><strong>persequentibus</strong></span> <span class='ocrx_word' id='word_1_219' title='bbox 1697 3404 1766 3458; x_wconf 87' lang='lat' dir='ltr'><strong>et</strong></span> <span class='ocrx_word' id='word_1_220' title='bbox 1812 3395 2421 3460; x_wconf 83' lang='lat' dir='ltr'><strong>calumniantibus</strong></span> <span class='ocrx_word' id='word_1_221' title='bbox 2466 3393 2642 3458; x_wconf 81' lang='lat' dir='ltr'><strong>vos&#39;.</strong></span> 
     </span>
    </p>
   </div>
   <div class='ocr_carea' id='block_1_10' title="bbox 634 3498 3067 3586">
    <p class='ocr_par' dir='ltr' id='par_1_13' title="bbox 634 3498 3067 3586">
     <span class='ocr_line' id='line_1_31' title="bbox 634 3498 3067 3586; baseline 0 -22"><span class='ocrx_word' id='word_1_222' title='bbox 634 3502 756 3564; x_wconf 87' lang='lat' dir='ltr'><strong>Cur</strong></span> <span class='ocrx_word' id='word_1_223' title='bbox 809 3504 1154 3567; x_wconf 87' lang='lat' dir='ltr'><strong>adverbium</strong></span> <span class='ocrx_word' id='word_1_224' title='bbox 1211 3508 1447 3586; x_wconf 88' lang='lat' dir='ltr'><strong>saepius</strong></span> <span class='ocrx_word' id='word_1_225' title='bbox 1499 3504 1883 3566; x_wconf 83' lang='lat' dir='ltr'><strong>indicativum</strong></span> <span class='ocrx_word' id='word_1_226' title='bbox 1923 3504 2187 3567; x_wconf 83' lang='lat' dir='ltr'><strong>-verbum</strong></span> <span class='ocrx_word' id='word_1_227' title='bbox 2241 3505 2449 3566; x_wconf 83' lang='lat' dir='ltr'><strong>trahit:</strong></span> <span class='ocrx_word' id='word_1_228' title='bbox 2515 3504 2840 3584; x_wconf 80' lang='lat' dir='ltr'><strong>Gregorius</strong></span> <span class='ocrx_word' id='word_1_229' title='bbox 2891 3498 3067 3564; x_wconf 75' lang='lat' dir='ltr'><strong>‘dis-</strong></span> 
     </span>
    </p>
   </div>
   <div class='ocr_carea' id='block_1_11' title="bbox 383 3611 3072 3911">
    <p class='ocr_par' dir='ltr' id='par_1_14' title="bbox 383 3611 3072 3911">
     <span class='ocr_line' id='line_1_32' title="bbox 459 3611 3069 3696; baseline 0 -25"><span class='ocrx_word' id='word_1_230' title='bbox 459 3611 875 3675; x_wconf 87' lang='lat' dir='ltr'><strong>cutiendum</strong></span> <span class='ocrx_word' id='word_1_231' title='bbox 933 3621 1070 3696; x_wconf 87' lang='lat' dir='ltr'><strong>est,</strong></span> <span class='ocrx_word' id='word_1_232' title='bbox 1126 3633 1255 3676; x_wconf 89' lang='lat' dir='ltr'><strong>cur</strong></span> <span class='ocrx_word' id='word_1_233' title='bbox 1310 3613 1603 3694; x_wconf 87' lang='lat' dir='ltr'><strong>quadam</strong></span> <span class='ocrx_word' id='word_1_234' title='bbox 1659 3614 1773 3675; x_wconf 89' lang='lat' dir='ltr'><strong>die</strong></span> <span class='ocrx_word' id='word_1_235' title='bbox 1829 3614 2095 3675; x_wconf 82' lang='lat' dir='ltr'><strong>sactum</strong></span> <span class='ocrx_word' id='word_1_236' title='bbox 2151 3612 2430 3693; x_wconf 87' lang='lat' dir='ltr'><strong>aliquid</strong></span> <span class='ocrx_word' id='word_1_237' title='bbox 2487 3630 2724 3674; x_wconf 86' lang='lat' dir='ltr'><strong>coram</strong></span> <span class='ocrx_word' id='word_1_238' title='bbox 2785 3612 3069 3673; x_wconf 89' lang='lat' dir='ltr'><strong>domino</strong></span> 
     </span>
     <span class='ocr_line' id='line_1_33' title="bbox 383 3716 2471 3782; baseline 0 -3"><span class='ocrx_word' id='word_1_239' title='bbox 383 3716 784 3782; x_wconf 74' lang='lat' dir='ltr'><strong>³⁰dicitur&#39;.</strong></span> <span class='ocrx_word' id='word_1_240' title='bbox 890 3718 900 3731; x_wconf 86' lang='lat'>&#39;</span> <span class='ocrx_word' id='word_1_241' title='bbox 2462 3734 2471 3739; x_wconf 83' lang='grc'><em>“</em></span> 
     </span>
     <span class='ocr_line' id='line_1_34' title="bbox 640 3827 3072 3911; baseline -0.001 -22"><span class='ocrx_word' id='word_1_242' title='bbox 640 3827 851 3890; x_wconf 86' lang='lat' dir='ltr'><strong>Clavus</strong></span> <span class='ocrx_word' id='word_1_243' title='bbox 907 3830 1305 3911; x_wconf 83' lang='lat' dir='ltr'><strong>singulariter,</strong></span> <span class='ocrx_word' id='word_1_244' title='bbox 1360 3846 1510 3908; x_wconf 92' lang='lat' dir='ltr'><strong>quae</strong></span> <span class='ocrx_word' id='word_1_245' title='bbox 1568 3837 1661 3889; x_wconf 88' lang='lat' dir='ltr'><strong>est</strong></span> <span class='ocrx_word' id='word_1_246' title='bbox 1713 3836 2040 3908; x_wconf 85' lang='lat' dir='ltr'><strong>purpurata</strong></span> <span class='ocrx_word' id='word_1_247' title='bbox 2095 3830 2306 3908; x_wconf 84' lang='lat' dir='ltr'><strong>vestis,</strong></span> <span class='ocrx_word' id='word_1_248' title='bbox 2361 3836 2423 3889; x_wconf 87' lang='lat' dir='ltr'><strong>et</strong></span> <span class='ocrx_word' id='word_1_249' title='bbox 2454 3827 2797 3889; x_wconf 82' lang='lat' dir='ltr'><strong>declinatur</strong></span> <span class='ocrx_word' id='word_1_250' title='bbox 2851 3844 3072 3907; x_wconf 81' lang='lat' dir='ltr'><strong>genere</strong></span> 
     </span>
    </p>
   </div>
   <div class='ocr_carea' id='block_1_12' title="bbox 465 4024 3139 4969">
    <p class='ocr_par' dir='ltr' id='par_1_15' title="bbox 465 4024 3083 4262">
     <span class='ocr_line' id='line_1_35' title="bbox 643 4024 3078 4101; baseline -0.001 -19"><span class='ocrx_word' id='word_1_251' title='bbox 643 4035 676 4082; x_wconf 81' lang='lat'>4</span> <span class='ocrx_word' id='word_1_252' title='bbox 713 4029 1021 4101; x_wconf 77' lang='lat' dir='ltr'><strong>prospicio]</strong></span> <span class='ocrx_word' id='word_1_253' title='bbox 1067 4046 1172 4099; x_wconf 88' lang='lat' dir='ltr'><strong>pro</strong></span> <span class='ocrx_word' id='word_1_254' title='bbox 1216 4027 1403 4098; x_wconf 76' lang='lat' dir='ltr'><strong>spatio</strong></span> <span class='ocrx_word' id='word_1_255' title='bbox 1439 4027 1496 4080; x_wconf 89' lang='lat' dir='ltr'><em>P</em></span> <span class='ocrx_word' id='word_1_256' title='bbox 1659 4032 1692 4081; x_wconf 80' lang='grc' dir='ltr'>ὅ</span> <span class='ocrx_word' id='word_1_257' title='bbox 1728 4024 1978 4095; x_wconf 80' lang='lat' dir='ltr'><strong>despicio</strong></span> <span class='ocrx_word' id='word_1_258' title='bbox 2018 4025 2076 4079; x_wconf 91' lang='lat' dir='ltr'><strong><em>P</em></strong></span> <span class='ocrx_word' id='word_1_259' title='bbox 2116 4025 2354 4097; x_wconf 78' lang='lat' dir='ltr'><strong>dispicio</strong></span> <span class='ocrx_word' id='word_1_260' title='bbox 2391 4025 2523 4079; x_wconf 83' lang='lat' dir='ltr'><strong>ML</strong></span> <span class='ocrx_word' id='word_1_261' title='bbox 2700 4040 2965 4096; x_wconf 70' lang='lat' dir='ltr'><strong>aspernor</strong></span> <span class='ocrx_word' id='word_1_262' title='bbox 3004 4026 3078 4079; x_wconf 83' lang='lat' dir='ltr'><em>M</em></span> 
     </span>
     <span class='ocr_line' id='line_1_36' title="bbox 465 4104 3075 4177; baseline 0 -15"><span class='ocrx_word' id='word_1_263' title='bbox 465 4125 701 4177; x_wconf 80' lang='lat' dir='ltr'><strong>asperno</strong></span> <span class='ocrx_word' id='word_1_264' title='bbox 732 4109 848 4163; x_wconf 87' lang='lat' dir='ltr'><strong>PL</strong></span> <span class='ocrx_word' id='word_1_265' title='bbox 956 4117 986 4166; x_wconf 77' lang='lat'>7</span> <span class='ocrx_word' id='word_1_266' title='bbox 1026 4113 1112 4166; x_wconf 75' lang='lat' dir='ltr'><strong>est</strong></span> <span class='ocrx_word' id='word_1_267' title='bbox 1155 4127 1255 4166; x_wconf 86' lang='lat' dir='ltr'><strong>om.</strong></span> <span class='ocrx_word' id='word_1_268' title='bbox 1287 4108 1364 4164; x_wconf 83' lang='grc' dir='ltr'><em>Μ</em></span> <span class='ocrx_word' id='word_1_269' title='bbox 1367 4109 1422 4163; x_wconf 93' lang='lat' dir='ltr'><strong><em>L</em></strong></span> <span class='ocrx_word' id='word_1_270' title='bbox 1528 4104 1815 4162; x_wconf 81' lang='lat' dir='ltr'><strong>commixti</strong></span> <span class='ocrx_word' id='word_1_271' title='bbox 1853 4107 1912 4160; x_wconf 69' lang='lat' dir='ltr'><strong>et,</strong></span> <span class='ocrx_word' id='word_1_272' title='bbox 1945 4105 2184 4175; x_wconf 81' lang='lat' dir='ltr'><strong>permixi</strong></span> <span class='ocrx_word' id='word_1_273' title='bbox 2217 4107 2275 4161; x_wconf 91' lang='lat' dir='ltr'><strong><em>L</em></strong></span> <span class='ocrx_word' id='word_1_274' title='bbox 2309 4105 2610 4162; x_wconf 80' lang='lat' dir='ltr'><strong>comminxi</strong></span> <span class='ocrx_word' id='word_1_275' title='bbox 2645 4108 2705 4161; x_wconf 75' lang='lat' dir='ltr'><strong>et·</strong></span> <span class='ocrx_word' id='word_1_276' title='bbox 2739 4104 3015 4175; x_wconf 82' lang='lat' dir='ltr'><strong>perminxi</strong></span> <span class='ocrx_word' id='word_1_277' title='bbox 3042 4120 3075 4163; x_wconf 84' lang='grc' dir='ltr'><strong><em>ς</em></strong></span> 
     </span>
     <span class='ocr_line' id='line_1_37' title="bbox 466 4183 3083 4262; baseline -0.002 -18"><span class='ocrx_word' id='word_1_278' title='bbox 466 4197 498 4244; x_wconf 87' lang='grc'>9</span> <span class='ocrx_word' id='word_1_279' title='bbox 528 4188 900 4262; x_wconf 79' lang='lat' dir='ltr'><strong>Corinthium]</strong></span> <span class='ocrx_word' id='word_1_280' title='bbox 921 4189 1259 4245; x_wconf 74' lang='lat' dir='ltr'><strong>chorintium</strong></span> <span class='ocrx_word' id='word_1_281' title='bbox 1279 4206 1416 4246; x_wconf 61' lang='lat' dir='ltr'><strong>corr.</strong></span> <span class='ocrx_word' id='word_1_282' title='bbox 1438 4193 1586 4246; x_wconf 78' lang='lat' dir='ltr'><strong>-tum</strong></span> <span class='ocrx_word' id='word_1_283' title='bbox 1614 4188 1689 4241; x_wconf 83' lang='lat' dir='ltr'><strong><em>M</em></strong></span> <span class='ocrx_word' id='word_1_284' title='bbox 1790 4184 2235 4257; x_wconf 75' lang='lat' dir='ltr'><strong>Corinthiacum]</strong></span> <span class='ocrx_word' id='word_1_285' title='bbox 2265 4186 2605 4247; x_wconf 74' lang='lat' dir='ltr'><strong>chorintium</strong></span> <span class='ocrx_word' id='word_1_286' title='bbox 2623 4201 2761 4241; x_wconf 78' lang='lat' dir='ltr'><strong>corr.</strong></span> <span class='ocrx_word' id='word_1_287' title='bbox 2782 4184 2986 4239; x_wconf 75' lang='lat' dir='ltr'><strong>-thium</strong></span> <span class='ocrx_word' id='word_1_288' title='bbox 3007 4183 3083 4238; x_wconf 83' lang='lat' dir='ltr'><em>M</em></span> 
     </span>
    </p>

    <p class='ocr_par' dir='ltr' id='par_1_16' title="bbox 467 4264 3139 4903">
     <span class='ocr_line' id='line_1_38' title="bbox 576 4264 3076 4341; baseline -0.002 -15"><span class='ocrx_word' id='word_1_289' title='bbox 576 4278 642 4327; x_wconf 87' lang='lat'><strong>10</strong></span> <span class='ocrx_word' id='word_1_290' title='bbox 678 4271 814 4341; x_wconf 75' lang='lat' dir='ltr'><strong>quia</strong></span> <span class='ocrx_word' id='word_1_291' title='bbox 847 4271 902 4324; x_wconf 94' lang='lat' dir='ltr'><strong><em>L</em></strong></span> <span class='ocrx_word' id='word_1_292' title='bbox 938 4268 1037 4339; x_wconf 88' lang='lat' dir='ltr'><strong>qui</strong></span> <span class='ocrx_word' id='word_1_293' title='bbox 1074 4269 1131 4323; x_wconf 88' lang='lat' dir='ltr'><em>P</em></span> <span class='ocrx_word' id='word_1_294' title='bbox 1157 4286 1306 4339; x_wconf 64' lang='lat' dir='ltr'><strong>quae</strong></span> <span class='ocrx_word' id='word_1_295' title='bbox 1340 4271 1416 4324; x_wconf 83' lang='grc' dir='ltr'><em>Μ</em></span> <span class='ocrx_word' id='word_1_296' title='bbox 1589 4276 1653 4324; x_wconf 83' lang='lat'><strong>11</strong></span> <span class='ocrx_word' id='word_1_297' title='bbox 1700 4268 1811 4323; x_wconf 85' lang='lat' dir='ltr'><strong>hoc</strong></span> <span class='ocrx_word' id='word_1_298' title='bbox 1849 4282 1879 4322; x_wconf 90' lang='lat' dir='ltr'><strong>e</strong></span> <span class='ocrx_word' id='word_1_299' title='bbox 1914 4265 2174 4322; x_wconf 76' lang='lat' dir='ltr'><strong>manibus</strong></span> <span class='ocrx_word' id='word_1_300' title='bbox 2212 4268 2290 4321; x_wconf 85' lang='grc' dir='ltr'><em>Μ</em></span> <span class='ocrx_word' id='word_1_301' title='bbox 2332 4268 2372 4322; x_wconf 81' lang='lat' dir='ltr'>h</span> <span class='ocrx_word' id='word_1_302' title='bbox 2411 4268 2480 4324; x_wconf 84' lang='lat' dir='ltr'><strong>de</strong></span> <span class='ocrx_word' id='word_1_303' title='bbox 2516 4265 2775 4322; x_wconf 74' lang='lat' dir='ltr'><strong>manibus</strong></span> <span class='ocrx_word' id='word_1_304' title='bbox 2812 4264 2869 4318; x_wconf 89' lang='lat' dir='ltr'><strong><em>P</em></strong></span> <span class='ocrx_word' id='word_1_305' title='bbox 2896 4264 3003 4319; x_wconf 87' lang='lat' dir='ltr'><strong>hoc</strong></span> <span class='ocrx_word' id='word_1_306' title='bbox 3039 4281 3076 4320; x_wconf 78' lang='lat' dir='ltr'><strong>a</strong></span> 
     </span>
     <span class='ocr_line' id='line_1_39' title="bbox 467 4344 3076 4422; baseline -0.003 -16"><span class='ocrx_word' id='word_1_307' title='bbox 467 4351 722 4407; x_wconf 81' lang='lat' dir='ltr'><strong>manibus</strong></span> <span class='ocrx_word' id='word_1_308' title='bbox 759 4350 857 4410; x_wconf 69' lang='lat' dir='ltr'><strong>eL</strong></span> <span class='ocrx_word' id='word_1_309' title='bbox 965 4356 1033 4404; x_wconf 78' lang='lat'><strong>12</strong></span> <span class='ocrx_word' id='word_1_310' title='bbox 1071 4350 1369 4420; x_wconf 80' lang='lat' dir='ltr'><strong>clypheum</strong></span> <span class='ocrx_word' id='word_1_311' title='bbox 1397 4381 1462 4391; x_wconf 83' lang='lat'><strong>-—-</strong></span> <span class='ocrx_word' id='word_1_312' title='bbox 1493 4352 1754 4422; x_wconf 86' lang='lat' dir='ltr'><strong>clupeum</strong></span> <span class='ocrx_word' id='word_1_313' title='bbox 1785 4350 1843 4404; x_wconf 91' lang='lat' dir='ltr'><em>P</em></span> <span class='ocrx_word' id='word_1_314' title='bbox 1880 4348 2120 4419; x_wconf 86' lang='lat' dir='ltr'><strong>clipeum</strong></span> <span class='ocrx_word' id='word_1_315' title='bbox 2151 4376 2215 4389; x_wconf 75' lang='lat'><strong>--</strong></span> <span class='ocrx_word' id='word_1_316' title='bbox 2247 4348 2489 4419; x_wconf 87' lang='lat' dir='ltr'><strong>clipeum</strong></span> <span class='ocrx_word' id='word_1_317' title='bbox 2518 4348 2571 4402; x_wconf 91' lang='lat' dir='ltr'><strong><em>L</em></strong></span> <span class='ocrx_word' id='word_1_318' title='bbox 2606 4346 2835 4417; x_wconf 78' lang='lat' dir='ltr'><strong>clypeus</strong></span> <span class='ocrx_word' id='word_1_319' title='bbox 2863 4375 2931 4385; x_wconf 91' lang='lat'>-</span> <span class='ocrx_word' id='word_1_320' title='bbox 2961 4344 3076 4413; x_wconf 77' lang='lat' dir='ltr'><strong>cly-</strong></span> 
     </span>
     <span class='ocr_line' id='line_1_40' title="bbox 467 4424 3077 4501; baseline -0.002 -16"><span class='ocrx_word' id='word_1_321' title='bbox 467 4446 634 4501; x_wconf 88' lang='lat' dir='ltr'><strong>peum</strong></span> <span class='ocrx_word' id='word_1_322' title='bbox 671 4447 705 4489; x_wconf 82' lang='grc' dir='ltr'><strong><em>ς</em></strong></span> <span class='ocrx_word' id='word_1_323' title='bbox 719 4431 794 4486; x_wconf 89' lang='grc' dir='ltr'><em>Μ</em></span> <span class='ocrx_word' id='word_1_324' title='bbox 919 4436 984 4484; x_wconf 84' lang='grc'><strong>18</strong></span> <span class='ocrx_word' id='word_1_325' title='bbox 1023 4428 1178 4485; x_wconf 72' lang='lat' dir='ltr'><strong>cudis</strong></span> <span class='ocrx_word' id='word_1_326' title='bbox 1214 4430 1341 4499; x_wconf 83' lang='lat' dir='ltr'><strong>quis</strong></span> <span class='ocrx_word' id='word_1_327' title='bbox 1372 4431 1431 4485; x_wconf 91' lang='lat' dir='ltr'><strong><em>P</em></strong></span> <span class='ocrx_word' id='word_1_328' title='bbox 1573 4438 1638 4487; x_wconf 83' lang='grc'><strong>19</strong></span> <span class='ocrx_word' id='word_1_329' title='bbox 1677 4429 1828 4501; x_wconf 91' lang='lat' dir='ltr'><strong>quod</strong></span> <span class='ocrx_word' id='word_1_330' title='bbox 1865 4425 2081 4483; x_wconf 74' lang='lat' dir='ltr'><strong>cruciat</strong></span> <span class='ocrx_word' id='word_1_331' title='bbox 2114 4427 2169 4482; x_wconf 94' lang='lat' dir='ltr'><strong><em>L</em></strong></span> <span class='ocrx_word' id='word_1_332' title='bbox 2203 4428 2303 4497; x_wconf 84' lang='lat' dir='ltr'><strong>qui</strong></span> <span class='ocrx_word' id='word_1_333' title='bbox 2341 4428 2554 4484; x_wconf 78' lang='lat' dir='ltr'><strong>cruciat</strong></span> <span class='ocrx_word' id='word_1_334' title='bbox 2592 4428 2649 4482; x_wconf 88' lang='lat' dir='ltr'><em>P</em></span> <span class='ocrx_word' id='word_1_335' title='bbox 2680 4424 2832 4496; x_wconf 86' lang='lat' dir='ltr'><strong>quod</strong></span> <span class='ocrx_word' id='word_1_336' title='bbox 2869 4424 3077 4480; x_wconf 81' lang='lat' dir='ltr'><strong>crucia.-</strong></span> 
     </span>
     <span class='ocr_line' id='line_1_41' title="bbox 467 4504 3139 4579; baseline -0.002 -15"><span class='ocrx_word' id='word_1_337' title='bbox 467 4513 561 4564; x_wconf 71' lang='grc' dir='ltr'><strong>ιω·</strong></span> <span class='ocrx_word' id='word_1_338' title='bbox 594 4509 672 4563; x_wconf 88' lang='grc' dir='ltr'><em>Μ</em></span> <span class='ocrx_word' id='word_1_339' title='bbox 776 4516 845 4567; x_wconf 76' lang='lat'><strong>21</strong></span> <span class='ocrx_word' id='word_1_340' title='bbox 884 4509 1060 4566; x_wconf 81' lang='lat' dir='ltr'><strong>caedo</strong></span> <span class='ocrx_word' id='word_1_341' title='bbox 1097 4510 1276 4565; x_wconf 83' lang='lat' dir='ltr'><strong>cecidi</strong></span> <span class='ocrx_word' id='word_1_342' title='bbox 1315 4509 1372 4564; x_wconf 91' lang='lat' dir='ltr'><strong><em>P</em></strong></span> <span class='ocrx_word' id='word_1_343' title='bbox 1404 4512 1576 4567; x_wconf 78' lang='lat' dir='ltr'><strong>caedo</strong></span> <span class='ocrx_word' id='word_1_344' title='bbox 1614 4509 1828 4567; x_wconf 73' lang='lat' dir='ltr'><strong>caecidi</strong></span> <span class='ocrx_word' id='word_1_345' title='bbox 1869 4508 2004 4563; x_wconf 85' lang='lat' dir='ltr'><strong>ML</strong></span> <span class='ocrx_word' id='word_1_346' title='bbox 2130 4508 2213 4579; x_wconf 78' lang='lat' dir='ltr'><strong>et]</strong></span> <span class='ocrx_word' id='word_1_347' title='bbox 2252 4508 2399 4563; x_wconf 49' lang='lat' dir='ltr'><strong>e‘M</strong></span> <span class='ocrx_word' id='word_1_348' title='bbox 2521 4513 2591 4562; x_wconf 76' lang='lat'><strong>22</strong></span> <span class='ocrx_word' id='word_1_349' title='bbox 2627 4504 2887 4578; x_wconf 76' lang='lat' dir='ltr'><strong>uirgilims</strong></span> <span class='ocrx_word' id='word_1_350' title='bbox 2924 4506 3077 4560; x_wconf 82' lang='lat' dir='ltr'><strong>creui</strong></span> <span class='ocrx_word' id='word_1_351' title='bbox 3128 4558 3139 4567; x_wconf 53' lang='lat'><strong>.</strong></span> 
     </span>
     <span class='ocr_line' id='line_1_42' title="bbox 469 4584 3079 4661; baseline -0.002 -17"><span class='ocrx_word' id='word_1_352' title='bbox 469 4589 607 4644; x_wconf 83' lang='lat' dir='ltr'><strong>cedo</strong></span> <span class='ocrx_word' id='word_1_353' title='bbox 656 4589 715 4643; x_wconf 91' lang='lat' dir='ltr'><strong><em>P</em></strong></span> <span class='ocrx_word' id='word_1_354' title='bbox 851 4595 919 4645; x_wconf 78' lang='lat'><strong>23</strong></span> <span class='ocrx_word' id='word_1_355' title='bbox 967 4589 1148 4646; x_wconf 73' lang='lat' dir='ltr'><strong>cicero</strong></span> <span class='ocrx_word' id='word_1_356' title='bbox 1191 4589 1253 4645; x_wconf 85' lang='lat' dir='ltr'><strong>in</strong></span> <span class='ocrx_word' id='word_1_357' title='bbox 1299 4592 1648 4661; x_wconf 77' lang='lat' dir='ltr'><strong>procleuntio</strong></span> <span class='ocrx_word' id='word_1_358' title='bbox 1694 4591 1771 4645; x_wconf 84' lang='grc' dir='ltr'><em>Μ</em></span> <span class='ocrx_word' id='word_1_359' title='bbox 1773 4590 1910 4646; x_wconf 81' lang='lat' dir='ltr'><strong>PL:</strong></span> <span class='ocrx_word' id='word_1_360' title='bbox 1960 4590 2069 4645; x_wconf 78' lang='lat' dir='ltr'><strong>Cic.</strong></span> <span class='ocrx_word' id='word_1_361' title='bbox 2108 4604 2170 4657; x_wconf 77' lang='lat' dir='ltr'><strong>p.</strong></span> <span class='ocrx_word' id='word_1_362' title='bbox 2211 4585 2423 4642; x_wconf 61' lang='lat' dir='ltr'><strong>mmet.</strong></span> <span class='ocrx_word' id='word_1_363' title='bbox 2462 4590 2516 4654; x_wconf 86' lang='lat'><strong>5,</strong></span> <span class='ocrx_word' id='word_1_364' title='bbox 2550 4590 2629 4643; x_wconf 71' lang='lat'><strong>12</strong></span> <span class='ocrx_word' id='word_1_365' title='bbox 2675 4600 2821 4654; x_wconf 76' lang='lat' dir='ltr'><strong>quae</strong></span> <span class='ocrx_word' id='word_1_366' title='bbox 2868 4584 3079 4640; x_wconf 72' lang='lat' dir='ltr'><strong>multos</strong></span> 
     </span>
     <span class='ocr_line' id='line_1_43' title="bbox 469 4665 2945 4738; baseline -0.002 -13"><span class='ocrx_word' id='word_1_367' title='bbox 469 4670 585 4726; x_wconf 77' lang='lat' dir='ltr'><strong>iam</strong></span> <span class='ocrx_word' id='word_1_368' title='bbox 619 4687 795 4727; x_wconf 81' lang='lat' dir='ltr'><strong>annos</strong></span> <span class='ocrx_word' id='word_1_369' title='bbox 831 4672 892 4727; x_wconf 74' lang='lat' dir='ltr'><strong>et</strong></span> <span class='ocrx_word' id='word_1_370' title='bbox 924 4686 1073 4726; x_wconf 85' lang='lat' dir='ltr'><strong>nunc</strong></span> <span class='ocrx_word' id='word_1_371' title='bbox 1112 4686 1239 4726; x_wconf 89' lang='lat' dir='ltr'><strong>cum</strong></span> <span class='ocrx_word' id='word_1_372' title='bbox 1275 4671 1515 4727; x_wconf 72' lang='lat' dir='ltr'><strong>maxime</strong></span> <span class='ocrx_word' id='word_1_373' title='bbox 1552 4672 1730 4726; x_wconf 83' lang='lat' dir='ltr'><strong>filium</strong></span> <span class='ocrx_word' id='word_1_374' title='bbox 1767 4668 2128 4725; x_wconf 82' lang='lat' dir='ltr'><strong>interfectum</strong></span> <span class='ocrx_word' id='word_1_375' title='bbox 2164 4666 2322 4738; x_wconf 73' lang='lat' dir='ltr'><strong>cupit</strong></span> <span class='ocrx_word' id='word_1_376' title='bbox 2498 4671 2568 4721; x_wconf 76' lang='lat'><strong>25</strong></span> <span class='ocrx_word' id='word_1_377' title='bbox 2615 4665 2841 4734; x_wconf 87' lang='lat' dir='ltr'><strong>quidem</strong></span> <span class='ocrx_word' id='word_1_378' title='bbox 2887 4665 2945 4719; x_wconf 91' lang='lat' dir='ltr'><strong><em>P</em></strong></span> 
     </span>
     <span class='ocr_line' id='line_1_44' title="bbox 471 4742 3077 4821; baseline -0.003 -14"><span class='ocrx_word' id='word_1_379' title='bbox 471 4759 540 4809; x_wconf 75' lang='lat'><strong>26</strong></span> <span class='ocrx_word' id='word_1_380' title='bbox 578 4753 959 4807; x_wconf 74' lang='lat' dir='ltr'><strong>accusatiuum</strong></span> <span class='ocrx_word' id='word_1_381' title='bbox 994 4768 1187 4807; x_wconf 75' lang='lat' dir='ltr'><strong>cusum</strong></span> <span class='ocrx_word' id='word_1_382' title='bbox 1221 4754 1528 4821; x_wconf 71' lang='lat' dir='ltr'><strong>posuerunt</strong></span> <span class='ocrx_word' id='word_1_383' title='bbox 1555 4751 1620 4805; x_wconf 76' lang='grc' dir='ltr'><strong><em>Ῥ</em></strong></span> <span class='ocrx_word' id='word_1_384' title='bbox 1773 4755 1843 4805; x_wconf 76' lang='lat'><strong>27</strong></span> <span class='ocrx_word' id='word_1_385' title='bbox 1893 4751 1954 4804; x_wconf 75' lang='lat' dir='ltr'><strong>et</strong></span> <span class='ocrx_word' id='word_1_386' title='bbox 1986 4745 2456 4804; x_wconf 69' lang='lat' dir='ltr'><strong>calumniantibus</strong></span> <span class='ocrx_word' id='word_1_387' title='bbox 2501 4761 2604 4801; x_wconf 82' lang='lat' dir='ltr'><strong>om.</strong></span> <span class='ocrx_word' id='word_1_388' title='bbox 2641 4744 2694 4798; x_wconf 91' lang='lat' dir='ltr'><strong><em>L</em></strong></span> <span class='ocrx_word' id='word_1_389' title='bbox 2854 4749 2923 4798; x_wconf 78' lang='lat'><strong>29</strong></span> <span class='ocrx_word' id='word_1_390' title='bbox 2960 4742 3077 4815; x_wconf 84' lang='lat' dir='ltr'><strong>die]</strong></span> 
     </span>
     <span class='ocr_line' id='line_1_45' title="bbox 473 4824 3087 4903; baseline -0.002 -16"><span class='ocrx_word' id='word_1_391' title='bbox 473 4832 623 4887; x_wconf 89' lang='lat' dir='ltr'><strong>diem</strong></span> <span class='ocrx_word' id='word_1_392' title='bbox 655 4832 713 4885; x_wconf 91' lang='lat' dir='ltr'><strong><em>P</em></strong></span> <span class='ocrx_word' id='word_1_393' title='bbox 815 4838 880 4887; x_wconf 87' lang='grc'><strong>31</strong></span> <span class='ocrx_word' id='word_1_394' title='bbox 921 4831 1281 4903; x_wconf 72' lang='lat' dir='ltr'><strong>singulariter</strong></span> <span class='ocrx_word' id='word_1_395' title='bbox 1306 4846 1452 4902; x_wconf 71' lang='lat' dir='ltr'><strong>quae</strong></span> <span class='ocrx_word' id='word_1_396' title='bbox 1479 4831 1586 4903; x_wconf 74' lang='lat' dir='ltr'><strong>est]</strong></span> <span class='ocrx_word' id='word_1_397' title='bbox 1626 4827 1887 4886; x_wconf 75' lang='lat' dir='ltr'><strong>similiter</strong></span> <span class='ocrx_word' id='word_1_398' title='bbox 1912 4844 2057 4901; x_wconf 80' lang='lat' dir='ltr'><strong>quae</strong></span> <span class='ocrx_word' id='word_1_399' title='bbox 2085 4828 2174 4883; x_wconf 75' lang='lat' dir='ltr'><strong>est</strong></span> <span class='ocrx_word' id='word_1_400' title='bbox 2202 4827 2276 4881; x_wconf 75' lang='lat' dir='ltr'><strong><em>M</em></strong></span> <span class='ocrx_word' id='word_1_401' title='bbox 2281 4825 2336 4879; x_wconf 92' lang='lat' dir='ltr'><strong><em>L</em></strong></span> <span class='ocrx_word' id='word_1_402' title='bbox 2342 4866 2360 4895; x_wconf 91' lang='lat'><strong>,</strong></span> <span class='ocrx_word' id='word_1_403' title='bbox 2387 4840 2487 4881; x_wconf 83' lang='lat' dir='ltr'><strong>om.</strong></span> <span class='ocrx_word' id='word_1_404' title='bbox 2518 4825 2575 4882; x_wconf 91' lang='lat' dir='ltr'><strong><em>P</em></strong></span> <span class='ocrx_word' id='word_1_405' title='bbox 2673 4840 2985 4898; x_wconf 75' lang='lat' dir='ltr'><strong>purpureae</strong></span> <span class='ocrx_word' id='word_1_406' title='bbox 3011 4824 3087 4881; x_wconf 78' lang='lat' dir='ltr'><strong><em>M</em></strong></span> 
     </span>
    </p>

    <p class='ocr_par' dir='ltr' id='par_1_17' title="bbox 581 4910 984 4969">
     <span class='ocr_line' id='line_1_46' title="bbox 581 4910 984 4969; baseline 0.002 -2"><span class='ocrx_word' id='word_1_407' title='bbox 581 4910 890 4969; x_wconf 74' lang='lat' dir='ltr'><strong>declinator</strong></span> <span class='ocrx_word' id='word_1_408' title='bbox 928 4913 984 4968; x_wconf 91' lang='lat' dir='ltr'><strong><em>P</em></strong></span> 
     </span>
    </p>
   </div>
  </div>
 </body>
</html>
