3613 5528
536 367 667 432 318
1676 364 1994 421 AVDACIS

539 552 809 612 codicum
892 553 1249 631 scripturam
1331 550 1752 613 emendandam
1829 549 2099 611 valebant
2180 548 2494 628 adscripsi3
2588 566 2868 610 numeros
2952 557 3149 608 autem

537 663 883 740 paginarum
944 668 1005 720 et
1052 677 1333 720 versuum
1380 659 1657 721 editionis
1702 659 2019 736 Victorini,
2075 657 2180 720 uhi
2225 657 2324 718 ille
2370 674 2508 718 cum
2557 658 2789 719 Audace
2837 659 3150 731 consentit,

538 769 601 827 in
648 765 1012 845 marginibus
1057 768 1231 847 posui
1278 814 1292 827 .
1339 766 1502 828 locos
1548 769 2068 847 grammaticorum
2115 767 2218 845 qui
2264 764 2519 825 Audacis
2566 764 2717 825 libro
2764 768 2859 827 usi
2906 773 3047 826 sunt
3093 773 3153 825 et

540 873 701 935 locos
756 872 937 934 Probi
993 892 1127 935 cum
1175 873 1274 934 illo
1321 875 1764 934 consentientes
1810 880 1944 933 ante
1992 871 2430 932 adnotationem
2478 874 2793 951 separatim
2840 871 3091 932 indicavi
3139 918 3152 933 .

538 982 785 1061 paginae
832 980 1110 1042 editionis
1156 979 1428 1042 Halensis
1474 982 1535 1041 in
1582 981 1894 1060 superiore
1941 980 2203 1057 margine
2251 977 2541 1039 indicatae
2589 986 2745 1040 sunt.

675 1086 758 1148 De
828 1087 1038 1148 Scauri
1113 1096 1174 1148 et
1236 1086 1478 1148 Palladii
1551 1086 1747 1168 libris,
1822 1106 1893 1148 ex
1961 1085 2178 1166 quibus
2253 1095 2531 1166 excerpta
2607 1105 2672 1147 se
2747 1087 3152 1165 composuisse

543 1195 929 1273 inscriptione
987 1192 1124 1255 libri
1178 1193 1383 1254 Audax
1438 1192 1745 1276 iudicavit,
1813 1192 1960 1254 nihil
2024 1195 2344 1254 memoriae
2405 1192 2707 1274 proditum
2767 1203 2875 1254 cst.
2960 1211 3153 1272 neque

545 1310 740 1363 tamen
786 1300 1022 1363 videtur
1067 1300 1325 1362 dubitari
1372 1319 1549 1381 posse
1589 1303 1733 1380 quin
1775 1300 1986 1363 Scauri
2033 1319 2248 1361 nomen
2298 1300 2368 1361 ad
2415 1303 2678 1381 priorem
2724 1309 2952 1380 partem
3000 1298 3156 1380 libri,

543 1411 604 1469 in
652 1427 767 1488 qua
813 1408 1093 1490 plurima,
1142 1417 1208 1469 ut
1245 1409 1391 1490 dixi,
1436 1426 1574 1469 cum
1612 1407 1847 1470 duobus
1884 1407 2170 1469 Victorini
2208 1406 2422 1469 libellis
2460 1411 2868 1482 consentiunt,
2915 1406 3156 1468 Palladii

546 1534 761 1576 nomen
826 1515 896 1576 ad
954 1534 1020 1576 ea
1086 1534 1237 1594 quae
1302 1519 1364 1587 in
1428 1517 1761 1596 posteriore
1820 1525 1988 1596 parte
2037 1534 2107 1577 ex
2162 1515 2343 1577 Probi
2397 1517 2687 1577 institutis
2732 1517 2950 1576 artium
3002 1531 3154 1593 quae

546 1623 822 1684 feruntur
870 1621 1115 1683 collecta
1163 1631 1303 1684 sunt
1348 1626 1769 1702 grammaticus
1827 1626 2128 1703 pertinere
2187 1622 2456 1684 voluerit.
2533 1632 2595 1683 et
2642 1621 2866 1683 Scauro
2915 1620 3155 1700 quidem

548 1747 665 1790 non
733 1728 926 1790 nullae
992 1729 1368 1791 definitiones
1433 1749 1584 1810 quae
1657 1733 1718 1790 in
1792 1732 1962 1791 initio
2036 1728 2172 1789 libri
2237 1728 2309 1788 ab
2375 1729 2613 1791 Audace
2688 1730 2943 1809 scriptae
3019 1736 3159 1788 sunt

547 1835 895 1897 tribuuntur
942 1855 975 1897 a
1013 1835 1294 1897 Diomede
1343 1847 1404 1898 et
1448 1837 1521 1898 ab
1568 1856 1639 1897 eo
1687 1842 1789 1918 qui
1838 1837 2278 1918 explanationes
2324 1838 2386 1898 in
2433 1836 2726 1898 Donatum
2771 1854 3014 1916 gramm.
3061 1835 3157 1896 lat.

548 1964 597 2004 v.
654 1942 729 2004 1v
805 1962 862 2022 p.
928 1940 1059 2005 486
1139 1962 1267 2024 sqq.
1343 1943 1530 2005 editas
1613 1946 1880 2026 scripsit,
1968 1943 2232 2004 definitio
2307 1946 2453 2004 artis
2527 1943 2679 2023 expl.
2756 1963 2808 2023 p.
2881 1940 3043 2022 486,
3116 1941 3156 2002 9

549 2052 827 2112 Scaurus
874 2070 1013 2112 vcro
1061 2054 1205 2112 hinc
1252 2055 1449 2128 coepit
1494 2045 1626 2112 ‘ars
1664 2059 1754 2112 est
1790 2055 2086 2126 cuiusque
2121 2053 2221 2112 rei
2251 2036 2512 2112 scicntia
2549 2069 2663 2112 usu
2701 2054 2798 2112 vel
2830 2053 3162 2112 traditione

548 2153 871 2237 suscepta',
927 2161 1073 2234 quia
1129 2166 1325 2219 artem
1382 2160 1667 2219 doctrina
1722 2162 1819 2219 vel
1873 2176 1989 2219 usu
2051 2160 2359 2220 cotidiano
2415 2161 2819 2239 percipimus,
2883 2157 3161 2218 elementi

552 2265 643 2325 vel
677 2266 832 2326 initii
868 2264 943 2325 ib.
984 2284 1038 2344 p.
1078 2259 1236 2346 535,
1274 2262 1316 2326 5
1352 2267 1517 2326 unde
1552 2265 1833 2326 Scaurus
1872 2260 2133 2326 ‘initium
2172 2284 2211 2325 a
2247 2283 2365 2340 quo
2402 2268 2664 2327 sumitur
2701 2260 3160 2327 incrementum'

553 2380 613 2432 et
667 2370 853 2431 Diom.
909 2390 966 2451 p.
1020 2367 1180 2452 421,
1240 2367 1349 2451 16,
1406 2380 1472 2431 ut
1526 2371 1788 2444 videtur,
1845 2373 2126 2432 Scaurus
2180 2375 2272 2432 sic
2328 2390 2462 2433 cam
2518 2376 2753 2449 definit,
2815 2377 3019 2435 littera
3076 2382 3162 2433 est

554 2482 715 2540 vocis
762 2482 894 2539 eius
938 2496 1097 2554 quae
1141 2479 1339 2539 scribi
1373 2484 1570 2554 potest
1609 2477 1847 2554 forma:
1902 2483 2255 2540 clementum
2312 2487 2402 2541 est
2453 2483 2702 2542 minima
2761 2483 2848 2542 vis
2903 2489 2964 2541 et
3008 2483 3161 2541 indi-

555 2589 804 2648 visibilis
849 2589 1109 2647 materia
1156 2588 1321 2646 vocis
1367 2589 1743 2648 articulatae
1788 2592 1886 2649 vel
1925 2591 2108 2649 unius
2154 2590 2450 2662 cuiusque
2495 2591 2595 2650 rei
2639 2591 2904 2663 initium,
2961 2607 3000 2649 a
3046 2606 3163 2663 quo

552 2698 812 2755 sumitur
860 2697 1297 2754 incrementum
1343 2700 1401 2753 et
1447 2696 1510 2753 in
1557 2696 1724 2770 quod
1777 2698 2128 2769 resolvitur,
2186 2695 2472 2755 orationis
2519 2693 2704 2756 Diom.
2761 2715 2817 2776 p.
2865 2693 3023 2778 300,
3084 2693 3162 2756 19

555 2804 832 2877 Scaurus
877 2805 993 2876 sic,
1041 2804 1241 2861 oratio
1288 2806 1379 2861 est
1422 2818 1530 2861 ore
1574 2804 1758 2862 missa
1806 2810 1867 2863 et
1901 2821 2021 2879 per
2058 2805 2352 2863 dictiones
2389 2804 2680 2863 ordinata
2709 2807 3165 2879 pronuntiatio;

556 2913 754 2971 oratio
820 2916 1019 2970 autem
1092 2910 1333 2968 videtur
1410 2909 1578 2968 dicta
1651 2913 1833 2983 quasi
1903 2911 2030 2970 oris
2112 2913 2291 2970 ratio.
2369 2939 2454 2950 —
2533 2914 2734 2971 oratio
2809 2918 2900 2972 est
2968 2928 3166 2972 sermo

532 2992 873 3079 'contextus
947 3018 1035 3076 ad
1104 3017 1440 3075 clausulam
1513 3017 1764 3076 tendens
1831 3063 1843 3076 .
1909 3019 2188 3077 clausula
2262 3023 2352 3076 est
2423 3021 2771 3093 compositio
2845 3020 3166 3079 verborum

550 3125 893 3201 plausibilis
936 3129 1292 3183 structurae
1336 3124 1508 3182 exitu
1555 3125 1886 3183 terminata
1917 3168 1931 3182 .
1961 3121 2188 3201 reliqua
2234 3116 2433 3182 autem
2482 3141 2632 3202 quae
2674 3122 2881 3184 Scauri
2930 3124 3166 3183 nomine

558 3232 631 3293 ab
676 3231 792 3292 illis
838 3230 1022 3290 relata
1069 3238 1235 3310 sunt,
1281 3227 1466 3289 Diom.
1517 3248 1571 3308 p.
1610 3225 1771 3310 300,
1818 3226 1900 3289 27
1953 3237 2012 3288 et
2057 3224 2217 3310 320,
2269 3225 2349 3290 13
2397 3229 2470 3290 de
2519 3232 2757 3290 nomine
2806 3238 2868 3290 et
2914 3227 3167 3309 appella-

557 3342 719 3401 tione
768 3347 828 3398 et
874 3334 1186 3416 vocabulo,
1230 3354 1285 3414 p.
1333 3332 1490 3410 318,
1545 3334 1626 3396 14
1671 3335 1744 3396 de
1793 3338 2046 3415 septimo
2094 3354 2266 3414 casu,
2313 3356 2367 3416 p.
2414 3334 2574 3417 403,
2622 3334 2707 3397 20
2752 3337 2826 3397 de
2873 3335 3171 3418 adverbio,

559 3466 615 3527 p.
661 3441 823 3526 444,
870 3439 973 3503 29.
1046 3438 1206 3522 449,
1250 3436 1354 3502 26.
1428 3436 1587 3522 456,
1626 3439 1708 3502 27
1750 3442 1823 3502 de
1863 3444 2096 3523 figuris,
2143 3443 2293 3523 expl.
2334 3445 2396 3504 in
2434 3442 2581 3505 Don.
2617 3463 2674 3523 p.
2713 3440 2871 3525 560,
2924 3440 3002 3504 19
3041 3462 3171 3522 sqq.

562 3561 622 3613 et
659 3548 816 3631 562,
861 3546 892 3609 1
935 3549 1007 3609 de
1047 3547 1566 3610 coniunctionibus
1604 3555 1663 3609 et
1708 3549 2267 3629 praepositionibuS,
2315 3553 2375 3612 in
2424 3552 2722 3631 excerptis
2759 3551 3011 3613 Audacis
3049 3570 3170 3612 non

561 3659 856 3737 leguntur.
932 3674 1137 3717 verum
1186 3674 1258 3715 ex
1305 3654 1397 3715 his
1444 3673 1594 3735 quae
1642 3656 1799 3736 apud
1847 3674 1985 3718 eum
2031 3658 2091 3718 in
2138 3660 2309 3718 initio
2357 3657 2493 3719 libri
2541 3643 2774 3739 scripta'
2809 3666 2950 3720 sunt
2987 3657 3169 3720 multa

562 3784 698 3827 cum
756 3768 828 3825 iis
887 3781 1036 3843 quae
1093 3781 1126 3822 a
1182 3760 1465 3822 Diomede
1522 3762 1582 3822 in
1640 3764 1831 3841 prima
1887 3771 2054 3843 parte
2115 3764 2362 3827 secundi
2418 3764 2556 3825 libri
2615 3765 2830 3826 tradita
2896 3773 3038 3827 sunt
3091 3768 3169 3826 ita

563 3874 971 3953 consentiunt,
1019 3877 1085 3931 ut
1132 3888 1200 3930 ea
1248 3887 1320 3930 ex
1367 3868 1575 3929 eodem
1622 3870 1786 3930 sonte
1833 3870 2011 3932 ducta
2058 3889 2192 3933 esse
2238 3879 2549 3952 appareat,
2606 3872 2680 3933 de
2736 3880 2864 3933 arte
2921 3891 2975 3952 p.
3022 3869 3174 3954 421,

564 3978 634 4062 4,
681 3980 753 4041 de
800 3979 1178 4058 grammatica
1226 3995 1362 4038 cum
1412 3976 1751 4038 definitione
1791 3978 2070 4039 elementi
2107 3987 2168 4039 et
2204 3979 2539 4039 officiorum
2577 3980 2722 4039 artis
2759 3981 3172 4059 grammaticae

566 4109 621 4170 p.
667 4083 825 4167 426,
882 4082 993 4166 213
1055 4080 1142 4145 32
1197 4091 1258 4144 et
1312 4079 1471 4163 421,
1532 4080 1639 4158 18,
1696 4083 1770 4145 de
1826 4083 2096 4163 partibus
2152 4084 2424 4145 lectionis
2468 4103 2525 4164 p.
2571 4082 2730 4160 436,
2794 4083 2872 4146 19
2920 4094 2981 4146 et
3024 4083 3175 4166 439,

572 4194 684 4279 11,
729 4194 803 4255 de
851 4192 1138 4254 latinitate
1186 4209 1241 4270 p.
1288 4187 1448 4272 439,
1503 4188 1609 4273 15,
1657 4190 1729 4251 de
1776 4208 1921 4251 voce
1967 4210 2023 4270 p.
2072 4188 2230 4273 420,
2278 4187 2347 4274 9,
2392 4190 2465 4252 de
2525 4191 2868 4252 definitione
2922 4212 2978 4272 p.
3025 4190 3174 4274 420,

568 4300 682 4385 25,
736 4302 810 4363 de
866 4301 1246 4362 distinctione
1315 4317 1371 4378 p.
1427 4293 1587 4376 437,
1652 4293 1737 4358 20
1795 4304 1857 4357 et
1920 4297 2207 4376 quaedam
2272 4297 2346 4358 de
2411 4298 2627 4359 litteris
2692 4305 2753 4359 et
2816 4300 3051 4380 syllabis
3115 4309 3177 4361 et

569 4409 939 4491 accentibuS,
987 4415 1054 4468 ut
1098 4406 1361 4486 videtur,
1406 4424 1463 4484 p.
1502 4401 1664 4484 421,
1718 4400 1798 4465 15
1847 4452 1860 4465 .
1907 4401 2068 4486 427,
2115 4402 2159 4465 4
2197 4452 2210 4467 .
2248 4401 2410 4487 430,
2457 4402 2559 4466 29.
2634 4424 2769 4467 nam
2807 4407 2877 4468 ad
2918 4426 2984 4469 ea
3025 4427 3175 4488 quae

570 4524 907 4597 sequuntur
953 4513 1026 4574 de
1074 4520 1265 4573 metro
1314 4517 1375 4571 et
1421 4510 1493 4571 de
1538 4509 1792 4590 pedibus
1832 4517 1892 4571 et
1939 4510 2010 4570 de
2060 4510 2401 4573 hexametro
2464 4531 2641 4574 versu
2688 4515 2800 4574 iste
2848 4533 3178 4578 consensus

572 4644 691 4687 non
738 4625 1024 4703 pertinet,
1073 4637 1265 4699 neque
1314 4621 1376 4679 in
1423 4620 1849 4678 commentario
1897 4617 1970 4678 de
2009 4621 2249 4679 nomine
2295 4628 2534 4700 praeter
2579 4639 2766 4701 pauca
2812 4630 2874 4683 et
2917 4621 3179 4702 vulgaria

573 4730 894 4810 quidquam
941 4726 1098 4807 quod
1147 4744 1283 4787 cum
1333 4724 1614 4785 Diomede
1662 4725 1994 4785 consentiat
2050 4725 2535 4805 deprehenditur.
2610 4727 2714 4788 sed
2773 4731 3053 4807 quoniam
3109 4748 3177 4791 ea

573 4856 722 4917 quae
771 4836 944 4897 modo
991 4834 1111 4894 dixi
1160 4841 1402 4895 auctore
1449 4830 1684 4891 Audace
1732 4832 1846 4890 iam
1896 4829 2122 4892 Scauro
2171 4832 2486 4896 tribuenda
2533 4844 2701 4917 sunt,
2756 4836 2909 4897 haud
2959 4839 3177 4918 impro-
