3613 5528
1350 407 1449 463 DE
1484 406 1680 464 ARTE
1718 406 2048 463 Marruca
2442 485 2455 494 ·
2867 406 2998 471 249

389 521 431 559 p.
457 510 575 551 2871.
605 510 656 549 ’12
685 509 737 548 P.

389 596 864 656 coniunctionem
902 590 1201 673 videlicet,
1245 610 1363 671 qua
1399 591 1551 653 duae
1588 592 1663 652 de
1710 590 1934 674 tribus,
1980 590 2365 672 solutionem,
2408 609 2525 670 qua
2561 591 2714 653 duae
2760 591 2833 653 de
2883 609 3001 654 una

389 700 638 781 syllabae
685 701 1044 762 efficiuntur.
1117 700 1289 760 cuius
1336 698 1670 779 exemplum
1717 699 2156 761 coniunctionis

704 823 1101 885 aedificant
1146 829 1491 902 sectaque
1537 823 1876 885 intexunt
1920 820 2148 883 abiete
2196 831 2438 884 costas

337 1036 363 1077 5
392 937 453 990 et
706 1019 1047 1081 custodes
1092 1019 1414 1081 sufferre
1459 1017 1727 1100 valent,
1771 1017 1965 1080 labat
2008 1020 2243 1080 ariete
2289 1018 2547 1080 crebro

707 1127 922 1187 ianua

391 1239 452 1293 et

708 1322 952 1384 tenuia
998 1340 1128 1383 nec
1174 1322 1373 1384 lanae
1418 1341 1545 1404 per
1591 1323 1867 1385 caelum
1914 1323 2182 1385 vellera
2238 1324 2441 1386 ferri.

390 1445 580 1508 abiete
637 1448 795 1508 enim
843 1453 1124 1526 quattuor
1169 1444 1418 1525 syllabas
1464 1446 1643 1508 habet
1693 1447 1932 1510 breves:
1987 1450 2213 1528 stringe
2260 1448 2432 1531 illud,
2493 1458 2555 1511 et
2610 1450 2678 1511 fit
2723 1449 2796 1510 ab
2842 1452 2999 1530 posi·

315 1572 364 1610 10
391 1556 548 1615 tione
594 1554 795 1638 longa,
841 1554 977 1634 quia
1017 1571 1050 1614 a
1088 1551 1304 1614 vocalis
1351 1553 1570 1615 desinit
1614 1555 1676 1614 in
1722 1553 1761 1614 b
1810 1562 1870 1615 et
1916 1557 2208 1636 excipitur
2254 1555 2326 1616 ab
2374 1557 2393 1616 i
2440 1555 2571 1616 loco
2619 1556 3001 1616 consonantis

389 1662 594 1741 posita.
667 1662 755 1723 sic
812 1671 872 1723 et
925 1662 1137 1722 ariete:
1192 1661 1540 1724 naturaliter
1593 1662 1793 1724 brevis
1851 1669 1945 1725 est
2003 1682 2064 1744 a,
2119 1664 2298 1742 iunge
2344 1681 2376 1723 r
2422 1661 2492 1723 ad
2549 1665 2766 1745 ipsam,
2822 1664 3000 1743 iunge

390 1769 410 1828 i
454 1776 515 1829 et
559 1787 592 1829 e
638 1767 902 1850 sibimet,
948 1775 1010 1829 et
1056 1768 1121 1828 fit
1166 1784 1233 1828 ar
1279 1767 1497 1848 syllaba
1534 1771 1830 1849 positione
1878 1769 2078 1852 longa,
2126 1771 2265 1848 quia
2305 1770 2578 1849 sequitur
2625 1771 2647 1829 i
2691 1768 2823 1829 loco
2862 1788 3001 1831 con-

392 1877 653 1937 sonantis
696 1877 905 1956 posita.
981 1877 1124 1936 item
1170 1877 1402 1938 tenuia:
1457 1878 1685 1956 stringe
1734 1885 1836 1939 ten
1882 1885 1944 1938 et
1990 1877 2081 1938 fac
2120 1895 2155 1935 v
2193 1882 2650 1957 consonantem,
2696 1883 2757 1938 et
2794 1877 2881 1937 sic
2926 1875 3000 1938 de

390 1980 765 2061 tetrasyllabo
810 1982 1308 2062 proceleumatico
1347 1985 1491 2045 sacis
1528 1984 1826 2064 dactylum
1865 1982 2248 2063 trisyllabum.
2327 1980 2439 2043 tale
2478 1990 2571 2043 est
2607 1990 2667 2043 et
2705 1976 2998 2043 ‘fluvio-

318 2105 366 2143 15
394 2105 540 2148 rum
587 2107 709 2150 rex
747 2085 1169 2151 Eridanus':
1226 2090 1405 2152 fluvio
1444 2100 1796 2172 anapaestus
1845 2098 1962 2171 est,
2008 2088 2112 2150 sed
2160 2090 2211 2149 si
2258 2088 2401 2149 sacis
2438 2086 2784 2168 stringendo
2822 2105 3000 2148 unam

391 2193 663 2274 syllabam
710 2194 847 2275 ssuv,
894 2195 1137 2257 alteram
1183 2198 1270 2278 io,
1315 2198 1504 2259 efficis
1550 2197 1623 2258 de
1679 2204 1996 2277 anapaesto
2043 2195 2389 2276 spondeum.
2465 2195 2611 2255 haec
2657 2197 2998 2256 coniunctio

390 2302 510 2362 sive
556 2301 771 2364 solutio
825 2304 1062 2383 saepius
1117 2306 1177 2364 in
1224 2306 1245 2365 i
1293 2304 1383 2365 vel
1437 2306 1498 2366 in
1555 2323 1594 2366 u
1640 2304 1856 2365 litteris
1906 2304 2006 2385 fit,
2064 2319 2313 2382 quarum
2361 2310 2423 2363 et
2477 2304 2539 2363 in
2596 2294 2996 2384 nostratibus}

389 2409 580 2488 poetis
625 2408 809 2470 multa
855 2408 1036 2471 babes
1084 2410 1377 2492 exempla,
1423 2418 1490 2473 ut
1534 2409 1817 2472 Paulinus

706 2535 838 2596 sim
883 2536 1233 2616 profugus
1279 2536 1522 2598 mundi
1567 2544 1926 2616 tamquam
1970 2535 2401 2598 benedictus
2446 2533 2692 2618 Iacob,

315 2638 751 2703 aoFortunatus

708 2748 963 2831 dirigit
1007 2758 1067 2813 et
1111 2748 1409 2813 Iacobos
1454 2758 1651 2814 terra
1696 2750 1903 2814 beata
1951 2770 2226 2814 sacros:

393 2854 486 2916 hic
530 2858 551 2917 i
597 2865 657 2918 ct
702 2875 734 2918 a
782 2856 1089 2939 discindit,
1134 2857 1231 2920 ille
1279 2838 1661 2939 conglutinat.
1735 2862 1879 2922 item
1925 2858 2207 2921 Paulinus

705 2964 1113 3044 parietibus
1160 2967 1443 3027 novitas
1489 2966 1669 3029 latet
1714 2968 1914 3028 intus
1961 2974 2213 3046 operta
2261 2972 2617 3055 vetustas:

391 3071 601 3149 parieti
645 3070 939 3151 dactylum
988 3072 1130 3134 fecit
1165 3073 1238 3133 de
1276 3073 1776 3153 proceleumatico
1808 3074 2227 3154 conglutinatis
2266 3082 2472 3134 contra
2511 3081 2779 3135 naturam
2819 3092 2850 3133 a
2881 3072 2999 3134 eti·

312 3189 365 3231 25
393 3176 453 3236 in
497 3195 674 3238 unam
721 3177 1028 3260 syllabam,
1073 3181 1093 3240 i
1139 3186 1201 3240 et
1246 3198 1280 3240 e
1324 3182 1386 3241 in
1433 3180 1694 3241 alteram.
1768 3182 1913 3241 item
1961 3180 2237 3242 Sedulius
2283 3180 2599 3242 disiunctis
2646 3200 2685 3243 u
2733 3188 2793 3241 et
2838 3198 2871 3240 a

709 3286 918 3347 cuius
963 3304 1142 3347 onus
1188 3287 1344 3348 leve
1392 3297 1528 3369 est,
1574 3289 1780 3349 cuius
1827 3289 1987 3368 iuga
2036 3288 2237 3349 ferre
2284 3307 2502 3350 suave
2549 3296 2689 3371 est,

390 3387 649 3471 Prosper
693 3395 1028 3455 coniunctis

710 3517 838 3560 nec
886 3499 1159 3564 Christi
1206 3518 1250 3564 e·
1287 3503 1550 3584 templo
1599 3506 1888 3565 suavior
1934 3504 2084 3564 exit
2128 3502 2327 3564 odor:

390 3605 534 3665 item
580 3603 863 3668 Paulinus
909 3608 1112 3670 divisis
1159 3629 1198 3671 u
1247 3619 1308 3672 et
1352 3612 1372 3671 i
1416 3613 1582 3672 iuxta
1628 3618 1900 3674 naturam

307 3726 363 3766 ³0
711 3717 999 3777 conscia
1045 3719 1338 3778 servitii
1376 3717 1545 3796 quid
1590 3719 1912 3797 gesseris
1959 3725 2027 3779 et
2072 3719 2188 3778 cui
2233 3715 2546 3792 tandem,

389 3816 753 3882 Fortunatus
798 3824 1040 3884 conexis
1086 3825 1249 3885 iuxta
1297 3824 1596 3887 licentiam
1641 3827 1936 3906 poeticam

435 3930 444 3939 '
711 3929 827 3989 cui
870 3936 1102 3991 tamen
1150 3930 1280 3992 hoc
1326 3949 1506 4012 opus
1553 3940 1663 3993 est
1709 3950 1866 3993 cum
1911 3933 2361 4012 virginitatis
2406 3931 2678 3993 honore

818 4044 893 4096 ut
935 4037 1217 4116 placeat
1262 4057 1528 4119 sponso
1576 4058 1772 4100 mens
1818 4038 2184 4100 moderata
2229 4057 2388 4101 suo:

304 4153 360 4195 ³5
388 4140 533 4200 item
580 4139 892 4203 disiunctis
939 4143 1161 4205 eisdem
1207 4147 1270 4206 in
1316 4146 1429 4206 alio
1474 4148 1827 4226 pronomine
1871 4145 2156 4207 Paulinus

712 4266 864 4310 cum
911 4249 1150 4312 subito
1196 4259 1316 4312 aut
1360 4250 1511 4312 illis
1556 4250 1769 4312 corda
1816 4249 2149 4312 hostibus
2194 4258 2316 4312 aut
2361 4250 2531 4313 huic
2574 4269 2723 4332 ora,

568 4489 602 4537 2
641 4484 890 4555 syllabae
929 4485 991 4539 F
1022 4486 1242 4556 syllaba
1278 4485 1443 4544 §LP
1560 4484 2018 4541 coniunctionum
2055 4485 2109 4538 L
2235 4492 2266 4540 3
2305 4483 2627 4556 aedificant]
2668 4485 2823 4555 Vei-9.
2861 4486 2999 4540 Aen.

389 4563 478 4616 II
509 4567 585 4618 16
696 4568 956 4636 sectaque
987 4566 1085 4633 Lt'
1111 4568 1375 4636 sectoque
1405 4563 1530 4618 FP
1629 4570 1662 4619 ὅ
1700 4566 1982 4637 custodes]
2025 4566 2180 4635 Very.
2210 4566 2350 4620 Aen.
2382 4565 2466 4617 II
2490 4569 2604 4621 492
2714 4573 2746 4621 8
2782 4566 2998 4638 tenuia]

401 4641 559 4712 Ver-9.
594 4659 775 4713 θεον-9.
815 4646 857 4698 Ι
890 4650 1001 4701 397
1180 4644 1388 4700 uellere
1435 4644 1580 4701 ferre
1617 4662 1755 4701 corr.
1793 4646 2009 4702 uellera.
2054 4646 2188 4701 ferri
2225 4647 2279 4700 L
2313 4646 2513 4719 fellere
2546 4646 2717 4715 ferre,
2752 4647 2847 4701 sed
2882 4663 3002 4701 erre

387 4723 454 4776 in
489 4723 666 4777 litura
705 4722 768 4776 F
889 4731 955 4780 10
992 4727 1052 4780 et
1087 4722 1363 4793 excipitur
1402 4725 1490 4780 Pl
1522 4726 1796 4795 excipitur
1836 4727 1889 4781 L
1926 4728 1986 4781 et
2022 4726 2226 4796 cipitur
2265 4724 2328 4779 F
2445 4732 2512 4781 14
2549 4725 2721 4782 facies
2755 4726 3003 4796 trisylla-

383 4802 525 4856 bum
560 4801 849 4871 dactylum
887 4804 941 4857 L
1064 4802 1393 4875 fluviorum]
1443 4804 1599 4875 Very.
1635 4822 1814 4876 yeory.
1853 4808 1898 4860 I
1928 4810 2044 4863 482
2193 4812 2256 4860 15
2296 4806 2344 4861 si
2379 4822 2479 4862 om.
2519 4806 2583 4873 P,
2622 4807 2748 4861 add.
2790 4805 2909 4860 FL

390 4887 459 4936 19
489 4880 619 4953 sim]
651 4880 738 4936 sin
768 4881 823 4935 L
927 4889 998 4938 24
1026 4882 1442 4953 conglutinatus
1473 4885 1534 4939 F
1635 4891 1704 4940 26
1734 4883 1893 4956 iuga]
1921 4883 2059 4956 giga
2086 4885 2148 4939 F
2249 4891 2318 4940 28
2347 4902 2377 4942 e
2405 4886 2641 4958 templo]
2670 4885 2927 4959 exemplo
2950 4887 3003 4941 L
