3613 5528
556 403 643 465 24
1529 400 1884 455 TERENTII
1922 399 2182 455 SCAVRI

555 514 597 551 p.
627 503 744 541 2253.
773 504 824 542 59
853 502 901 540 P.

557 586 641 647 illi
679 586 950 647 fordeum
990 587 1460 646 nominaverunt.
1530 593 1775 664 apparet
1810 587 2011 666 itaque
2050 584 2415 646 adiciendam
2454 603 2585 646 esse
2623 604 2734 646 nec
2773 587 2900 646 sine
2940 588 3162 666 scripto

558 693 1039 774 intellegendam,
1088 694 1362 771 quotiens
1407 694 1469 752 in
1516 692 1714 752 latinis
1760 692 2103 754 nominibus
2148 696 2235 753 vis
2283 691 2440 753 illius
2481 691 2490 766 Ι
2532 695 2811 771 exegerit.

739 784 1083 872 Quaesitum
1141 808 1259 878 est,
1325 800 1696 860 extrinsecus
1752 808 1814 860 et
1870 802 2228 861 intrinsecus
2284 807 2488 860 utrum
2543 818 2679 861 cum
2734 820 2773 861 n
2839 801 3033 862 littera
3089 822 3160 863 an

560 910 687 968 sine
735 924 802 967 ea
850 905 1232 966 scribendum
1279 912 1452 966 esset.
1530 915 1590 967 et
1636 906 1874 985 quidam
1921 908 2052 967 sine
2100 906 2198 967 illa
2243 915 2629 989 putaverunt,
2674 911 2951 986 quoniam
2998 919 3163 971 extra

565 1014 865 1074 diceretur
911 1020 973 1072 et
1019 1030 1050 1070 a
1096 1014 1158 1071 in
1196 1014 1623 1091 compositione
1663 1015 1723 1072 in
1762 1015 1783 1073 i
1821 1012 2118 1074 interdum
2158 1022 2507 1095 mutaretur,
2554 1023 2621 1076 ut
2668 1016 2862 1076 facere
2901 1018 3219 1077 6111661615

558 1122 641 1181 ita
698 1119 856 1198 quod
905 1125 997 1178 est
1042 1121 1415 1198 conpositum
1471 1137 1540 1179 ex
1590 1119 1884 1180 adverbiis
1930 1128 2095 1181 extra
2143 1129 2203 1181 et
2249 1138 2450 1204 secuS,
2496 1126 2850 1185 excrescens.
2931 1125 3167 1202 quidam

558 1245 693 1288 cum
742 1247 799 1301 n,
847 1228 1125 1306 quoniam
1172 1235 1490 1287 extraneus
1535 1225 1857 1308 diceretur,
1904 1229 2221 1288 intrisecus
2266 1246 2407 1288 vero
2455 1232 2582 1290 sine
2621 1250 2678 1305 n,
2726 1249 2800 1291 nc
2847 1230 2939 1291 bis
2975 1233 3165 1311 posita

562 1335 770 1396 eadem
814 1333 1010 1395 littera
1057 1333 1359 1394 duriorem
1409 1352 1621 1395 sonum
1668 1335 1908 1396 faceret.

739 1529 1024 1608 Sequitur
1072 1531 1336 1610 mutatio,
1381 1532 1441 1589 in
1492 1548 1605 1609 qua
1654 1530 1834 1591 multa
1875 1540 2260 1609 quaeruntur.
2336 1541 2396 1593 et
2432 1536 2691 1613 primum
2730 1534 2968 1613 quidem
3009 1535 3170 1616 illud,

561 1636 635 1697 de
693 1655 812 1715 quo
871 1635 1154 1717 diximuS,
1215 1644 1414 1696 utrum
1470 1654 1577 1714 per
1624 1639 1678 1696 ai
1724 1654 1794 1696 an
1845 1656 1953 1716 per
1998 1656 2065 1697 ae
2113 1641 2385 1717 genetivo
2434 1650 2494 1701 et
2537 1641 2731 1702 dativo
2780 1641 3062 1719 singulari
3108 1651 3251 1702 et10

561 1746 919 1805 nominativo
976 1752 1035 1804 et
1091 1746 1352 1805 vocativo
1398 1744 1611 1824 plurali
1668 1747 1799 1806 eius
1849 1745 2004 1806 modi
2051 1749 2288 1807 nomina
2336 1747 2649 1808 scribenda
2705 1751 2850 1830 sint,
2907 1748 3167 1809 Senecae

562 1860 621 1912 et
678 1849 959 1911 Catilinae
1035 1860 1094 1912 et
1149 1850 1523 1933 Perpennae,
1590 1871 1845 1931 quorum
1912 1855 2188 1930 quoniam
2245 1856 2360 1914 iam
2421 1853 2649 1915 reddita
2709 1864 2801 1915 est
2858 1856 3033 1935 ratio,
3098 1855 3168 1915 ad

565 1957 792 2037 reliqua
838 1959 1159 2019 veniamus
1232 1945 1304 2019 in'
1340 1957 1640 2019 vocalibus
1687 1976 1830 2038 ergo
1867 1961 2211 2051 fluaeritur,
2269 1962 2558 2021 maximus
2605 1980 2679 2021 an
2726 1980 3065 2043 maxumuS,
3111 1961 3168 2021 id

561 2073 653 2125 est
697 2083 804 2145 per
853 2083 888 2124 u
939 2082 1013 2123 an
1059 2082 1167 2142 per
1213 2066 1262 2144 i,
1307 2064 1519 2125 debeat
1564 2065 1774 2127 scribi:
1824 2068 2270 2144 item.optimus
2308 2075 2369 2127 et
2413 2076 2692 2147 optumus
2730 2076 2790 2127 et
2835 2068 3064 2129 artibus
3112 2076 3170 2128 et

560 2152 808 2233 artubus
864 2178 926 2231 et
981 2168 1252 2231 manibus
1308 2180 1369 2232 et
1424 2171 1732 2233 manubuS.
1829 2183 1888 2233 et
1945 2175 2046 2251 qui
2103 2173 2246 2234 haec
2307 2178 2542 2236 nomina
2600 2174 2908 2237 scribenda
2964 2194 3074 2255 per
3131 2189 3251 2234 1115

559 2279 815 2339 litteram
872 2285 1113 2358 putant,
1177 2277 1332 2339 illam
1395 2281 1683 2339 rationem
1747 2290 2059 2360 secuntur,
2122 2284 2397 2359 quoniam
2457 2284 2812 2343 nominativo
2870 2290 2928 2342 et
2982 2283 3170 2362 prima

564 2386 859 2466 positione
913 2381 1341 2462 [quorundam]
1388 2404 1498 2465 per
1546 2385 1790 2446 eandem
1840 2385 2093 2447 litteram
2135 2396 2300 2447 artus
2348 2396 2408 2447 et
2455 2406 2662 2449 manus
2711 2398 2771 2450 et
2818 2408 3064 2468 magnus
3112 2398 3172 2448 et

561 2490 755 2551 honus
801 2489 1102 2572 dicantur,
1147 2494 1490 2570 ignorantes
1536 2495 1947 2572 cognationem
1995 2495 2152 2555 inter
2200 2513 2263 2553 se
2311 2485 2675 2578 litterarum,
2721 2497 2793 2557 de
2842 2515 2958 2575 qua
3002 2513 3169 2575 prae-

563 2597 836 2658 diximus.
911 2615 1044 2657 nam
1094 2606 1154 2657 et
1200 2608 1399 2660 castus
1448 2603 1625 2660 castis
1673 2601 1812 2661 facit
1860 2609 1917 2660 et
1965 2599 2225 2661 Iulianus
2271 2599 2512 2663 Iulianis
2549 2610 2609 2662 et
2647 2605 2959 2663 restitutus
3000 2604 3169 2662 resti-

566 2707 710 2766 tutis
759 2704 824 2782 [u
873 2706 933 2764 in
981 2706 1001 2763 i
1050 2705 1286 2782 transit]
1339 2714 1399 2766 et
1444 2706 1662 2768 fluctus
1718 2705 1999 2767 fluctibus
2047 2716 2106 2768 et
2156 2725 2304 2768 anus
2352 2707 2580 2769 anibuS.
2654 2709 2800 2770 adde
2854 2709 3012 2788 quod
3059 2726 3150 2768 ma
3181 2723 3233 2760 20

564 2814 757 2873 ximus
814 2820 1161 2890 corruptum
1221 2816 1297 2873 sit
1356 2833 1424 2873 ex
1482 2816 1878 2893 magnissimo.
1964 2833 2096 2874 nam
2154 2815 2481 2876 secundum
2543 2817 2863 2896 analogiam
2926 2833 3172 2893 magnus

565 2919 922 3000 superlativo
993 2922 1408 3000 magnissimus
1474 2923 1637 2982 facit:
1702 2921 1838 2981 inde
1906 2930 2186 3001 corrupte
2254 2924 2540 2983 maximus
2605 2925 2937 3002 figuratum.
3029 2923 3171 2981 item

744 3098 810 3147 10
846 3108 947 3161 per
989 3089 1045 3145 ai
1085 3109 1156 3146 an
1195 3110 1295 3164 per
1331 3109 1398 3148 se
1426 3110 1489 3162 p.
1530 3098 1619 3160 16,
1649 3098 1684 3149 7

743 3260 769 3307 1
812 3251 1202 3308 addiciendam
1240 3252 1296 3306 P
1427 3261 1458 3307 2
1490 3253 1738 3323 exegerit
1766 3254 1869 3307 Ρω
1899 3255 2138 3324 exigerit
2163 3255 2235 3309 Β.
2266 3273 2342 3309 an
2372 3253 2649 3323 exigitur?
2778 3260 2809 3306 3
2851 3249 3177 3318 Quaesitum

564 3333 736 3402 Pbm,
777 3334 1011 3406 Qucum
1047 3350 1166 3387 mm
1202 3333 1385 3387 littera
1422 3334 1594 3387 deleta
1629 3334 1684 3386 Β
1886 3337 2074 3388 utrum
2110 3335 2302 3389 littera
2338 3337 2393 3389 Β
2432 3337 2619 3388 utrum
2658 3333 2795 3388 licet
2831 3333 2885 3385 P
2914 3334 3100 3385 utrum
3137 3333 3174 3385 h

561 3413 729 3467 litera
766 3433 808 3466 ω
848 3416 1033 3467 utrum
1071 3412 1119 3464 A
1157 3411 1322 3465 litera.
1358 3412 1650 3466 Putschius
1866 3420 1897 3466 5
1938 3417 1996 3468 et
2034 3421 2158 3483 post
2197 3415 2477 3470 diceretur
2513 3430 2611 3466 om.
2654 3413 2719 3478 1²,
2758 3413 2884 3466 add.
2923 3412 2977 3464 B
2990 3430 3032 3463 ω

563 3491 805 3562 efficere]
846 3495 903 3545 et
940 3490 1123 3545 dicere
1159 3490 1215 3543 Β
1253 3492 1312 3544 et
1348 3490 1582 3545 deficere
1622 3491 1722 3545 Ρω
1941 3499 1972 3545 6
2012 3495 2160 3561 quod
2200 3498 2285 3549 est
2322 3493 2568 3564 positum
2607 3511 2675 3548 ex
2713 3493 2979 3547 adut-rbio
3019 3496 3177 3548 extra,

562 3574 622 3626 et
666 3588 823 3626 secus
871 3570 1100 3640 quidam
1148 3569 1394 3639 (quidem
1431 3570 1506 3639 P)
1554 3587 1680 3623 cum
1728 3571 1993 3640 quoniam
2030 3574 2152 3627 BP
2191 3576 2343 3644 quod
2391 3576 2477 3628 est
2523 3573 2770 3643 positum
2808 3590 2875 3628 ex
2911 3575 3176 3630 aduerbio

565 3654 723 3707 extra
760 3653 819 3705 et
855 3667 1037 3715 secus,
1076 3666 1142 3704 eo
1182 3649 1408 3717 quidem
1446 3650 1710 3717 quoniam
1750 3671 1791 3703 ω
1989 3659 2018 3705 7
2057 3654 2387 3712 intrinsecus
2423 3673 2556 3710 uero
2595 3656 2713 3711 sine
2751 3653 2948 3709 eadem
2987 3652 3179 3708 littera

565 3730 786 3799 (eadem
822 3729 959 3783 licet
994 3729 1175 3798 Ρ)·116
1211 3730 1299 3784 bis
1334 3730 1521 3800 posita
1556 3731 1835 3786 duriorem
1873 3733 1929 3787 Β
1941 3733 2041 3788 Ρω
2188 3743 2219 3791 9
2256 3736 2420 3806 illud]
2459 3736 2621 3791 illum
2661 3736 2716 3789 P
2854 3741 2920 3789 io
2958 3734 3027 3788 de
3066 3751 3176 3803 quo

573 3809 839 3880 diximus]
870 3814 1052 3878 1116,
1082 3814 1117 3863 7
1265 3815 1326 3862 11
1370 3826 1563 3865 senece
1603 3812 1660 3864 613
1695 3812 1922 3868 catiline
1962 3817 2020 3869 et
2056 3833 2336 3885 perpenne
2363 3817 2418 3869 Β
2458 3832 2688 3870 senecae
2727 3817 2784 3869 et
2819 3813 3081 3868 catilinae
3123 3816 3180 3868 et

567 3906 874 3960 perpernae
913 3889 970 3942 P
1106 3894 1172 3942 12
1210 3888 1325 3943 iam
1363 3906 1463 3946 om.
1501 3891 1575 3959 B,
1613 3892 1738 3948 add.
1780 3893 1925 3948 Pbm
2081 3901 2147 3950 13
2189 3894 2476 3950 ueniamus
2511 3897 2622 3949 Βω
2659 3895 2949 3952 ueniemus
2988 3895 3043 3947 P

561 3969 835 4023 maximus
881 3987 955 4023 an
1004 3969 1279 4023 maximus
1324 3970 1396 4023 Β.
1448 3971 1748 4025 Varronem
1792 3974 1858 4027 cle
1904 3991 1967 4029 ea
2011 3976 2292 4044 scriptura
2327 3976 2650 4044 quaesivisse
2689 3976 2862 4029 tradit
2902 3974 3179 4028 Cornutus

562 4050 716 4118 apud
747 4049 987 4104 Cassiod.
1021 4067 1080 4119 11·
1104 4054 1261 4126 2234
1410 4056 1475 4104 14
1514 4052 1756 4120 optimus
1794 4069 1865 4106 an
1896 4056 2157 4124 optumus
2188 4057 2245 4109 et
2281 4054 2494 4110 artibus
2522 4072 2594 4108 an
2622 4054 2854 4108 artubus
2896 4056 2952 4109 et
2987 4071 3178 4108 manu-

568 4129 676 4182 bus
688 4131 763 4239 vet
798 4129 1057 4183 manibus
1097 4151 1139 4182 ω
1269 4130 1498 4184 ‘artibus
1529 4132 1585 4185 et
1612 4132 1845 4187 artubus
1875 4135 1964 4189 Pb
2003 4137 2218 4190 artibus
2248 4138 2306 4190 et
2331 4135 2568 4190 arcubus
2597 4135 2652 4187 Β
2801 4137 2864 4187 15
2895 4133 3175 4203 manibus]

561 4252 820 4309 manibus
857 4254 911 4307 Β
1070 4253 1363 4310 scribendo
1401 4271 1501 4324 per
1537 4275 1575 4310 u
1611 4256 1861 4312 litteram
1898 4259 1952 4311 Β
1991 4261 2286 4315 scribenda
2321 4277 2420 4329 per
2456 4278 2492 4312 u
2529 4259 2667 4314 lieet
2704 4258 2760 4311 P
2935 4265 2997 4311 17
3039 4274 3175 4325 quo-

562 4334 764 4389 rumdt'i
791 4334 845 4387 Β
883 4333 1189 4390 eorundum
1227 4355 1286 4387 ω.
1324 4337 1556 4403 fortasse
1591 4353 1781 4392 eorum
1820 4338 2108 4392 nominum
2233 4341 2387 4394 artus
2425 4341 2482 4393 et
2517 4356 2713 4393 manus
2751 4340 2809 4392 et
2844 4353 3078 4406 magnus
3117 4340 3177 4389 et

562 4415 741 4470 bonus
777 4414 1086 4486 Ριιέεοὴίαε,
1125 4417 1279 4470 artus
1317 4418 1375 4471 et
1409 4431 1647 4486 magnus
1685 4418 1743 4471 et
1777 4418 1959 4472 malus
1997 4421 2055 4474 et
2089 4420 2268 4474 bonus
2306 4420 2472 4473 ΒΡω
2657 4423 2722 4473 18
2763 4417 2832 4472 de
2870 4435 2982 4487 qua.
3018 4434 3174 4487 prae-

1852 4504 1904 4540 tu

565 4546 826 4621 diximus]
861 4567 921 4618 p.
959 4555 1051 4616 13,
1081 4555 1118 4604 6
1266 4556 1332 4605 19
1370 4550 1686 4622 restitutus]
1727 4552 1953 4607 restitus
1989 4554 2044 4608 Β
2189 4561 2257 4609 20
2296 4557 2355 4609 613
2390 4553 2611 4625 fluctus]
2653 4555 2718 4606 ut
2752 4553 2952 4606 fluctus
2988 4552 3043 4606 Β

566 4630 624 4683 et
660 4645 797 4684 anus
835 4631 893 4684 et
929 4627 1128 4685 auibus
1167 4630 1223 4683 P
1421 4630 1601 4690 adiice
1639 4633 1788 4701 quod
1826 4633 2102 4690 maximus
2142 4655 2184 4689 ω
2221 4634 2380 4688 adice
2418 4633 2568 4702 quod
2607 4650 2897 4687 maxumus
2937 4634 2992 4686 P
3022 4633 3173 4688 adite

565 4709 840 4765 maximus
874 4710 930 4765 Β
1111 4716 1178 4765 21
1221 4714 1624 4781 corrumptum,
1664 4714 1757 4767 sed
1792 4714 1965 4770 deleta
2003 4715 2193 4783 pn’ore
2229 4731 2286 4766 m
2324 4714 2508 4768 littera
2541 4713 2597 4766 Β
2761 4714 2851 4783 ex]
2894 4714 2951 4766 et
2985 4713 3039 4766 Β

568 4789 796 4859 analogi
824 4832 838 4845 .
859 4806 931 4844 an
967 4789 1024 4845 P
1232 4796 1298 4845 22
1346 4790 1688 4859 superlatiue
1734 4792 2128 4862 magnissimus
2162 4794 2219 4846 Β
2267 4793 2607 4861 superlatiue
2654 4793 3077 4862 magnissimum
3127 4796 3181 4847 P

568 4868 971 4940 superlatiuum
1007 4869 1430 4940 magnissimum
1469 4891 1511 4925 ω
1658 4874 1910 4941 correpte
1946 4873 2252 4928 maximum
2289 4872 2455 4926 ΒΡω
