3613 5528
539 364 623 428 14
1511 364 1865 421 TERENTII
1903 363 2166 419 SCAVRI

526 475 569 512 p.
600 464 719 504 2252.
747 465 802 506 53
829 465 878 505 P.

528 556 854 630 γραφεῖον
883 558 944 611 et
979 549 1167 611 salum
1196 542 1405 611 σάλον
1452 559 1511 612 et
1558 552 1786 613 similia.
1860 571 1893 611 x
1941 549 2133 611 littera
2166 557 2411 629 cognata
2440 556 2529 611 est
2555 567 2694 611 cum
2722 569 2754 611 c
2784 559 2844 610 et
2879 569 2942 631 g,
2980 548 3137 629 quod

519 655 726 735 lingua
784 655 1011 718 sublata
1065 655 1307 736 paulum
1364 656 1473 717 hae
1530 657 1838 740 dicuntur,
1895 665 1963 747 ut
2007 655 2080 717 ab
2128 676 2198 718 eo
2246 656 2404 736 quod
2452 665 2544 718 est
2590 657 2690 718 lux
2737 665 2797 717 et
2855 655 2947 717 lex
2995 655 3137 716 dici·

527 780 662 825 mus
725 762 873 825 lucis
939 772 999 824 et
1059 762 1222 843 legis.
1330 763 1369 824 b
1432 782 1567 825 cum
1628 785 1666 844 p
1729 772 1790 826 et
1850 784 1907 826 m
1969 766 2290 844 consentit,
2367 766 2646 843 quoniam
2706 765 2871 842 origo
2934 782 3137 825 earum

480 938 487 943 ,
528 889 645 931 non
693 873 820 931 sine
867 870 1067 932 labore
1116 873 1435 933 coniuncto
1482 889 1586 932 ore
1653 872 1991 951 respondet.
2083 890 2115 933 a
2171 856 2289 950 quo
2345 889 2522 950 quem
2570 870 2780 932 Graeci
2828 870 3140 952 Πυρρίαν

527 996 636 1039 nos
681 976 980 1060 Byrriam,
1025 986 1087 1039 et
1132 997 1310 1058 quem
1357 996 1465 1039 nos
1502 977 1754 1058 Pyrrum
1803 980 2029 1059 antiqui
2075 976 2335 1039 Burrum
2384 987 2444 1038 et
2490 977 2777 1040 Palatium
2815 980 3139 1053 Baletium,
3195 986 3222 1026 ⁵

526 1087 673 1146 item
717 1083 1079 1147 Publicolam
1127 1084 1514 1165 Poplicolam:
1575 1089 1638 1145 et
1684 1084 1781 1147 alii
1828 1085 2186 1168 scamillum,
2244 1083 2338 1146 alii
2395 1084 2703 1147 scabillum
2748 1085 2985 1146 dicunt:
3039 1092 3143 1146 aut

527 1210 664 1252 cum
705 1191 777 1252 ab
817 1192 1024 1257 eadem
1060 1210 1204 1251 voce
1222 1188 1392 1253 ''cliiae
1431 1193 1786 1273 gignuntur,
1825 1200 1893 1253 ut
1929 1191 2001 1252 ab
2040 1212 2111 1252 eo
2150 1191 2311 1272 quod
2350 1199 2441 1253 est
2485 1196 2765 1273 princeps
2804 1202 2865 1252 et
2910 1190 3142 1253 caelebs

525 1300 813 1378 principis
874 1306 935 1358 et
992 1296 1258 1378 caelibis,
1314 1316 1424 1359 nec
1478 1298 1675 1358 minus
1730 1316 1763 1357 e
1821 1301 2118 1360 contrario
2175 1301 2236 1359 in
2296 1298 2520 1381 verbiS,
2575 1319 2712 1360 cum
2758 1318 2798 1360 a
2856 1317 3035 1378 carpo
3081 1306 3143 1359 et

527 1404 724 1469 scribo
771 1407 966 1484 carpsi
1013 1411 1074 1464 et
1121 1406 1335 1485 scripsi
1380 1405 1757 1485 proferimus,
1842 1424 1874 1467 c
1926 1407 2337 1484 cognationem
2384 1405 2563 1467 habet
2609 1425 2743 1468 cum
2791 1426 2855 1488 g,
2901 1413 2962 1466 et
3007 1404 3140 1465 ideo

526 1513 623 1573 alii
661 1512 868 1572 dicunt
903 1528 1239 1592 gauuacen,
1287 1509 1382 1570 alii
1421 1530 1757 1593 caunacen,
1804 1515 1947 1574 item
1987 1513 2297 1576 camellum
2335 1513 2666 1594 gamellum.
2741 1531 2877 1574 cum
2916 1532 2954 1592 χ
2991 1530 3132 1591 quo·
3165 1520 3219 1559 10

527 1639 643 1699 que
699 1638 907 1699 graeca
965 1618 1159 1680 littera
1207 1622 1531 1683 consentit:
1587 1620 1744 1681 unde
1792 1621 2032 1700 quidam
2080 1639 2385 1703 coronam,
2443 1639 2560 1682 non
2621 1621 2766 1684 nulli
2801 1619 3138 1680 -choronam

527 1727 822 1788 dixerunt.
896 1725 934 1785 k
983 1726 1218 1805 quidam
1259 1744 1684 1806 supervacuam
1723 1745 1855 1787 esse
1903 1726 2160 1787 litteram
2209 1729 2644 1809 iudicaverunt,
2692 1729 2969 1807 quoniam
3011 1728 3137 1786 vice

527 1833 683 1895 illius
731 1834 896 1911 fungi
945 1835 1088 1893 satis
1136 1851 1169 1892 c
1214 1841 1434 1913 posset.
1527 1833 1629 1893 sed
1696 1840 1924 1893 retenta
1973 1840 2089 1913 est,
2145 1842 2213 1893 ut
2268 1833 2508 1915 quidam
2562 1841 2803 1914 putant,
2862 1835 3138 1912 quoniam

530 1949 699 2002 notas
738 1939 1019 2020 quasdam
1060 1940 1443 2020 significaret,
1491 1948 1558 2000 ut
1595 1938 1925 2000 Kaesonem
1965 1950 2024 2000 et
2059 1939 2243 2021 kaput
2283 1950 2343 2001 et
2383 1940 2744 2002 kalumniam
2783 1940 2797 2018 l
2835 1949 2895 2001 et
2939 1939 3137 2000 kalen-

528 2048 648 2109 daS.
721 2047 832 2108 hac
877 2055 1075 2113 tamen
1115 2048 1343 2126 antiqui
1387 2048 1447 2106 in
1488 2048 1814 2107 conexione
1854 2045 2208 2125 syllabarum
2255 2045 2338 2107 ibi
2384 2055 2614 2110 tantum
2651 2046 2991 2130 utebantur,
3035 2045 3137 2107 ubi
3169 2060 3219 2099 15

531 2174 565 2216 a
610 2154 807 2215 littera
854 2152 1266 2230 subiungenda
1312 2161 1467 2234 erat,
1514 2155 1791 2232 quoniam
1837 2152 2040 2214 multis
2086 2153 2384 2215 vocalibus
2432 2153 2817 2236 instantibuS,
2864 2158 3142 2234 quotiens

834 2277 953 2284 ...—.—-

707 2333 736 2380 7
775 2325 1034 2396 princeps
1064 2342 1125 2393 p.
1164 2329 1258 2393 21,
1294 2330 1346 2378 9.
1387 2330 1482 2391 27,
1520 2330 1589 2379 11

704 2493 731 2539 1
774 2485 1104 2540 ΓΡΑΦΗΙΟΝ
1143 2485 1199 2538 Β
1352 2486 1417 2538 ut
1452 2485 1631 2539 salum
1670 2480 1843 2539 σάλον
1881 2487 1939 2539 et
1975 2484 2182 2540 similia
2223 2486 2329 2540 Ρω
2366 2487 2431 2540 ut
2467 2486 2648 2540 salom
2686 2488 2843 2543 salon
2881 2505 3043 2558 grece
3082 2489 3140 2542 et

521 2566 782 2622 similiter
816 2565 872 2618 Β
1018 2567 1260 2635 cognota
1300 2564 1356 2617 P
1496 2566 1584 2618 est
1621 2580 1747 2618 cum
1783 2581 1885 2619 om.
1913 2565 2090 2618 ΒΡω
2236 2566 2385 2635 quod
2423 2566 2619 2636 lingua
2647 2568 2872 2622 sublata.
2909 2567 3137 2636 paulum

521 2648 628 2702 hae
667 2646 930 2701 dicuntur
958 2663 1167 2714 pamm
1202 2650 1341 2699 recte
1377 2645 1442 2698 de
1479 2662 1510 2697 c
1547 2649 1597 2698 et
1631 2662 1670 2713 g
1706 2646 1905 2700 litteris
1940 2648 2092 2701 dicta
2126 2652 2273 2700 amet.
2330 2647 2423 2699 sed
2459 2645 2495 2698 d
2525 2651 2574 2699 ct
2607 2648 2634 2698 t
2670 2647 2977 2701 litterarum
3004 2664 3136 2716 pro-

442 2787 451 2796 ,
520 2727 924 2781 nuntiationem
958 2728 1212 2782 similiter
1247 2725 1649 2794 descripserunt
1691 2724 2055 2782 Terentianus
2089 2744 2139 2782 v.
2171 2732 2277 2782 199
2316 2743 2425 2796 sqq.
2464 2731 2514 2779 et
2555 2726 2784 2780 Marius
2825 2727 3140 2781 Victorinus

513 2824 576 2875 p.
607 2811 696 2873 34,
733 2811 827 2863 24.
884 2824 1056 2874 quare
1090 2807 1385 2863 videndum
1420 2822 1497 2859 an
1533 2806 1664 2859 haec
1698 2822 1821 2859 cum
1856 2808 1930 2860 iis
1966 2825 2106 2876 quae
2139 2825 2315 2876 supra
2350 2809 2416 2861 de
2452 2808 2538 2861 his
2576 2808 2772 2861 litteris
2808 2809 2988 2861 alieno
3025 2810 3138 2861 loco

519 2889 728 2955 scripta
761 2892 893 2940 suut
932 2889 1061 2942 olim
1097 2888 1391 2941 coniuncta
1427 2890 1475 2939 et
1503 2890 1630 2952 post
1666 2886 1811 2939 hanc
1845 2888 2273 2954 amputationem
2308 2888 2374 2941 cle
2409 2905 2448 2940 x
2483 2888 2667 2940 littera
2697 2888 2884 2954 posita
2929 2887 3140 2953 suerint

518 2968 583 3020 in
626 2968 774 3022 hunc
816 2967 930 3033 fere
972 2968 1217 3032 modum,
1262 2966 1403 3020 item
1448 2964 1486 3018 d
1524 2967 1581 3019 et
1617 2968 1642 3018 b
1688 2969 1961 3034 cognatae
2008 2972 2166 3038 sunt,
2223 2968 2373 3038 quod
2419 2968 2615 3037 lingua
2651 2967 2876 3021 sublata
2909 2967 3139 3035 paulum

2557 3052 2629 3087 est

520 3100 627 3155 hae
665 3100 951 3169 dicuntur,
989 3102 1055 3155 uf·
1090 3100 1285 3154 attulit
1313 3102 1371 3154 et
1405 3097 1611 3153 attinet
1645 3102 1673 3154 t
1699 3115 1800 3167 pro
1831 3099 1867 3152 d
1903 3100 2204 3155 substituto
2349 3108 2380 3154 2
2420 3101 2570 3170 quod
2607 3102 2703 3155 lux
2730 3100 2785 3153 B
2929 3106 2960 3153 3
2999 3099 3139 3154 lucis

522 3185 583 3239 et
618 3183 761 3253 legis
802 3183 908 3236 Ρω
946 3181 1089 3236 lucis
1127 3181 1271 3249 legis
1308 3180 1363 3233 Β
1534 3180 1593 3233 et
1628 3181 1708 3250 m]
1748 3179 1920 3235 etiam
1960 3201 2002 3233 ω
2177 3183 2393 3253 earum]
2432 3199 2625 3236 eorum
2661 3180 2771 3233 Βω
2809 3196 3046 3248 quorum
3086 3179 3143 3232 P

629 3270 662 3317 4
701 3261 1057 3318 coniuntione
1086 3259 1376 3329 respondit
1403 3275 1437 3311 a
1465 3265 1686 3328 quoque
1725 3259 1875 3328 greci
1903 3259 2200 3322 ΠΥΡΡΙὰΝ
2234 3280 2334 3318 nos
2362 3262 2612 3331 byn-iam
2650 3260 2705 3313 B
2749 3259 3140 3315 coniunctione

520 3343 781 3413 respondi
819 3361 855 3398 a
892 3358 1003 3412 quo
1042 3357 1211 3407 quem
1249 3338 1401 3408 greci
1436 3338 1643 3391 ΠΥΡΡΙ
1683 3338 1771 3391 An
1816 3340 1990 3394 nostri
2034 3340 2284 3411 byrriam
2324 3343 2381 3396 P
2425 3340 2815 3396 coniunctione
2863 3338 3058 3392 reuelli
3105 3355 3141 3392 a

526 3441 809 3494 quoquam
847 3421 1062 3491 potest,
1102 3416 1300 3471 Graeci
1327 3418 1569 3484 πυρρίαν
1597 3418 1774 3472 nostri
1812 3419 2058 3488 byrriam
2098 3443 2157 3476 ω.
2214 3423 2591 3477 correctionem
2621 3420 2882 3490 praebuit
2912 3418 3140 3472 Marius

533 3504 852 3558 Victorinus
878 3503 1161 3570 p.18,14,
1198 3497 1334 3551 item
1372 3499 1738 3552 consonantes
1777 3499 1927 3555 inter
1955 3518 2014 3555 se
2049 3503 2272 3574 proprie
2309 3505 2438 3558 sunt·
2474 3504 2748 3573 cognatae
2786 3517 2930 3570 quae
2969 3498 3139 3553 simili

525 3583 964 3654 configuratione
1011 3578 1122 3635 oris
1169 3577 1454 3646 dicuntur,
1502 3578 1567 3631 ut
1611 3581 1741 3633 sunt
1776 3580 1815 3633 b
1852 3579 1880 3633 f
1910 3598 1965 3634 m
2001 3599 2041 3650 p
2259 3589 2291 3637 5
2339 3584 2398 3638 et
2442 3599 2609 3651 quem
2653 3598 2882 3651 pyrrum
2920 3578 3140 3648 antiqui
3203 3615 3216 3628 .

521 3665 754 3734 byrrum
788 3663 843 3716 Β
858 3663 963 3715 Ρω
1012 3662 1070 3715 et
1114 3674 1281 3727 quem
1318 3657 1555 3711 Purrum
1591 3659 1814 3728 antiqui
1850 3661 2088 3716 Burrum
2130 3664 2426 3717 Putschius
2595 3664 2654 3716 et.
2690 3659 2966 3730 palatium
2999 3657 3138 3712 item

525 3744 870 3815 publicolam
906 3739 1248 3812 poplicolam
1284 3738 1339 3791 Β
1378 3740 1436 3793 et
1482 3739 1754 3808 palatium
1801 3741 1938 3795 item
1974 3743 2201 3811 publico
2237 3743 2430 3813 lampo
2466 3742 2734 3812 plicolam
2775 3740 2831 3793 P
2862 3739 3138 3808 palatium

520 3826 657 3880 item
696 3823 1071 3891 Publicolam,
1109 3819 1457 3875 Boblicolam
1495 3842 1556 3874 ω.
1613 3822 1681 3887 cf.
1724 3821 1887 3876 Varr.
1926 3822 1991 3875 de
2028 3822 2062 3874 Ζ.
2093 3823 2125 3876 l.
2169 3821 2222 3875 V
2243 3827 2315 3877 53
2351 3823 2544 3891 itaque
2582 3821 2828 3876 Naevius
2854 3818 3139 3874 Balatium

524 3907 778 3977 appellat
922 3911 953 3957 6
993 3905 1051 3957 et
1079 3901 1177 3955 alii
1206 3900 1519 3955 scamillum
1549 3901 1649 3954 alii
1677 3900 1974 3956 scabillum
2000 3901 2055 3952 Β
2071 3901 2127 3954 P
2159 3900 2258 3956 alii
2296 3901 2590 3972 scapillum
2620 3901 2719 3957 alii
2755 3899 3048 3955 scabillum
3077 3919 3136 3954 ω.

523 3987 830 4043 scabellum
880 3984 1058 4039 Varro
1095 3984 1159 4038 de
1197 3984 1230 4037 Ζ.
1253 3983 1287 4037 Ζ.
1320 3982 1371 4035 V
1393 3987 1524 4048 168,
1563 3981 1891 4035 scamellum
1931 3981 2262 4038 Priscianus
2297 3985 2330 4038 l.
2363 3983 2489 4036 III
2515 4001 2575 4051 p.
2596 3987 2719 4048 111,
2747 3987 2778 4035 1
2928 3986 2957 4033 7
2996 3979 3139 4032 duae

525 4068 584 4123 in
622 4085 688 4122 ae
726 4067 1031 4138 gignuntur
1071 4065 1176 4118 Pm
1349 4063 1533 4118 celebs
1572 4061 1699 4115 BP
1868 4067 1900 4114 8
1940 4062 2134 4117 celibis
2175 4063 2231 4116 P
2265 4063 2471 4118 celebis
2506 4063 2563 4115 Β
2734 4077 2769 4115 a
2805 4065 2933 4115 ante
2969 4075 3138 4129 carpo

522 4165 622 4203 om.
661 4148 837 4202 ΒΡω
1019 4151 1051 4199 9
1100 4143 1306 4215 carpsi]
1356 4142 1500 4197 carsi
1548 4141 1603 4194 P
1783 4147 1849 4196 10
1896 4159 2204 4211 gannacem
2242 4144 2387 4210 <cem
2423 4159 2532 4197 ras,
2572 4142 2647 4211 Β)
2691 4140 2789 4196 alii
2837 4155 3137 4194 caunacem

520 4228 715 4284 ΒΡω.
774 4242 1126 4297 gannacuma
1171 4224 1336 4277 codex
1386 4222 1653 4275 Varronis
1699 4223 1765 4276 de
1802 4224 1836 4276 l.
1877 4223 1911 4276 l.
1964 4222 2016 4276 V
2046 4229 2157 4277 167
2348 4222 2648 4278 camellum
2695 4221 2998 4290 gamellum
3033 4220 3135 4273 HZ

523 4325 747 4378 quoque
791 4308 846 4361 B
894 4306 1193 4361 camellum
1240 4302 1508 4358 camellus
1556 4302 1593 4355 h
1623 4321 1651 4355 z
1698 4320 1920 4372 quoque
1971 4304 2026 4356 P
2070 4304 2343 4357 camelum
2395 4303 2677 4372 gamelum
2723 4302 2773 4356 Κ
2821 4318 3040 4370 quoque
3092 4321 3135 4354 ω

526 4390 803 4444 camelum
839 4386 1121 4457 gamelum
1159 4385 1210 4439 X
1249 4399 1472 4453 quoque
1513 4382 1811 4438 Putschius
1949 4391 2011 4438 11
2053 4385 2199 4438 unde
2237 4384 2466 4453 quidam
2499 4384 2605 4436 Ρω
2644 4382 2789 4437 unde
2828 4381 3053 4451 quidem
3080 4381 3137 4433 Β

623 4466 950 4539 choronam]
979 4466 1250 4520 koronam
1280 4485 1322 4517 ω
1472 4470 1536 4517 12
1575 4467 1625 4519 K
1653 4483 1752 4522 om.
1788 4466 1922 4534 Ρω,
1962 4466 2088 4519 add.
2118 4464 2173 4517 Β
2319 4480 2723 4533 superuacuam
2761 4478 2879 4517 esse
2915 4462 3137 4516 literam

522 4548 912 4604 iudicauerunt
948 4568 991 4601 ω
1030 4563 1436 4617 superuacuum
1465 4564 1585 4602 esse
1621 4547 1870 4602 litteram
1907 4545 2298 4599 iudicauerunt
2328 4545 2383 4597 P
2415 4555 2818 4615 superuacuam
2846 4558 2966 4598 esse
2994 4540 3136 4596 iudi-

522 4632 790 4685 cauerunt
824 4630 880 4683 Β
1026 4635 1093 4685 13
1130 4629 1291 4700 fungi
1328 4630 1465 4685 satis
1493 4647 1524 4685 c
1558 4627 1737 4701 possit
1761 4627 1817 4680 B
1856 4624 2016 4694 fungi
2044 4640 2074 4677 c
2112 4624 2249 4679 satis
2285 4627 2477 4695 posset
2517 4626 2624 4678 Pm
2768 4624 2990 4677 retenta
3029 4621 3136 4674 Pco

518 4764 752 4818 retenda
786 4764 842 4817 Β
1033 4769 1099 4817 14
1136 4721 1298 4818 natas
1333 4763 1390 4816 Β
1555 4765 1614 4818 et
1647 4761 1852 4832 kaput]
1889 4762 1955 4814 ui:
1989 4759 2170 4828 kaput
2204 4759 2381 4812 ΒΡω
2547 4765 2612 4812 15
2650 4759 2758 4813 hac
2794 4759 2986 4812 flamen
3027 4756 3134 4810 Pco

518 4845 660 4900 haec
695 4847 886 4899 tamen
922 4844 978 4897 B
1119 4843 1200 4898 ibi
1236 4844 1457 4898 tantum
1501 4842 1606 4897 Ρω
1644 4843 1865 4897 tantum
1902 4841 1984 4896 ibi
2019 4841 2075 4894 Β
