3613 5528
602 400 730 465 418
1721 401 2065 459 DOSITHEI

602 514 645 552 p.
676 504 741 543 411.
769 504 821 544 17
851 502 911 542 Η.

601 587 964 669 copulativae
1039 586 1515 668 συμπλεκτικοί
1580 591 2031 651 coniunctiones
2087 596 2228 651 sunt
2290 589 2428 670 bae,
2491 598 2552 651 et
2606 609 2674 651 ac
2727 588 2869 670 καί,
2934 607 3049 669 que
3108 585 3202 670 τέ,

600 704 776 775 atque
821 694 964 775 καί,
1019 714 1199 776 porro
1245 686 1406 777 ἤδη,
1467 695 1705 776 quidem
1751 689 1906 778 μέν,
1965 715 2201 777 quoque
2246 691 2517 779 προσέτι
2564 692 2669 777 δέ,
2726 700 2902 759 etiam
2948 696 3088 777 καί,
3143 706 3204 759 at

601 802 702 864 sed
750 793 951 882 ἄλλά,
998 811 1195 865 autem
1243 798 1348 882 δέ,
1393 822 1535 864 vero
1583 797 1687 883 δέ,
1735 804 1794 866 id
1841 823 2023 885 porro
2068 801 2265 867 τοῦτο
2307 798 2411 883 δέ,
2460 804 2732 885 equidem
2782 803 3016 885 ἔγωγετ
3064 824 3200 866 cau—

599 909 752 971 sales
798 896 1263 992 αἰτίολογικοί,
1309 929 1442 972 nam
1487 903 1650 992 γάρ,
1699 913 1857 972 enim
1903 904 2062 994 γάρ,
2111 913 2386 992 quoniam
2435 904 2692 991 ἐπειδή,
2739 914 2876 992 quia
2913 908 3082 992 ἐπεί,
3130 931 3201 974 eo

601 1007 712 1078 διὰ
759 1015 989 1098 τοῦτο,
1036 1019 1194 1099 quod
1242 1009 1344 1080 ὅτι
1388 1008 1549 1079 καθ’
1602 1009 1736 1098 ὅτι,
1783 1019 1917 1080 ideo
1967 1009 2078 1080 διὰ
2125 1016 2354 1098 τοῦτο,
2410 1038 2552 1099 ergo
2599 1003 2755 1098 οὖν,
2811 1019 3033 1081 idcirco
3088 1011 3201 1081 διὰ
3230 1032 3257 1074 5

597 1122 824 1204 τοῦτο,
879 1127 1066 1206 gratia
1122 1117 1351 1207 χάριν,
1408 1144 1583 1187 causa
1641 1121 1897 1207 ἕνεκεν,
1950 1144 2159 1188 verum
2213 1116 2407 1188 ἆλλάε
2468 1127 2908 1187 ratiocinativae
2965 1127 3201 1189 συλλο-

600 1232 912 1313 γιστικοί,
959 1238 1255 1312 quatenus
1300 1223 1558 1312 ἐπειδή,
1617 1235 1819 1314 itaque
1863 1230 2259 1314 τοιγαροῦν,
2316 1242 2677 1313 quapropter
2723 1226 2863 1313 διό,
2924 1235 3203 1314 quocirca

603 1357 745 1420 ergo
791 1335 1029 1402 τοίνυν
1075 1325 1231 1420 οὖν,
1278 1341 1556 1420 quoniam
1603 1335 1771 1420 ἐπεί,
1820 1342 2001 1421 igitur
2045 1331 2309 1420 τοιγάρ,
2356 1358 2540 1420 quare
2589 1331 2699 1403 διὰ
2747 1338 2841 1419 τί,
2899 1343 3202 1421 quoniam-

598 1446 838 1526 quidem
887 1441 1056 1526 ἐπεί,
1113 1447 1366 1528 ideoque
1414 1438 1527 1509 διὰ
1562 1444 1792 1528 τοῦτο,
1848 1446 2141 1527 siquidem
2188 1449 2256 1509 εἴ
2291 1468 2384 1526 τι,
2442 1447 2921 1528 quandoquidem
2976 1439 3201 1511 ὁπότεε

599 1545 916 1634 repletivae
963 1545 1621 1637 ιἰναπληρωματικοί,
1678 1554 1885 1617 saltem
1938 1547 2097 1635 κᾶν,
2159 1564 2353 1616 tamen
2411 1546 2617 1636 ὅμως,
2675 1555 2819 1616 adeo
2875 1548 3042 1636 πρὸς
3097 1551 3203 1618 ἐπὶ
3235 1569 3288 1611 ιο

597 1653 892 1740 τούτοις,
955 1661 1190 1722 tandem
1248 1651 1332 1742 δὴ
1389 1653 1548 1742 ἄρας
1613 1661 2003 1725 disiunctivae
2061 1659 2526 1742 διαζευκτικοί,
2591 1681 2785 1743 neque
2844 1654 3028 1742 οὔτε,
3091 1682 3202 1724 uec

601 1759 783 1854 οῧτξ,
832 1786 905 1829 ne
952 1753 1113 1851 ἆρα,
1159 1775 1261 1830 aut
1305 1760 1381 1849 ἦ,
1432 1788 1549 1831 neu
1596 1760 1788 1850 μήτε,
1834 1745 1925 1831 vei
1971 1760 2046 1850 ἥ,
2094 1788 2240 1830 neve
2285 1761 2478 1850 μήτε,
2541 1788 2614 1831 an
2663 1761 2741 1851 ἦ,
2796 1789 2864 1830 ve
2909 1761 2979 1851 ἥς
3033 1769 3201 1831 dubi·

603 1875 764 1937 tandi
812 1873 1246 1955 διστακτικοί,
1294 1878 1344 1938 si
1390 1868 1537 1938 ἑᾶνε
1585 1879 1700 1938 nisi
1747 1875 1811 1938 εἰ
1852 1869 1974 1958 μή,
2021 1895 2129 1938 seu
2177 1878 2298 1937 sive
2346 1879 2478 1938 εἴτε
2525 1925 2539 1938 .
2587 1885 2728 1939 sunt
2786 1884 2847 1939 et
2901 1895 3050 1957 quae
3108 1880 3203 1938 vix

599 1989 875 2063 aptantur
921 1984 1175 2045 finitivae
1223 1986 1471 2067 speciei,
1517 1984 1677 2046 velut
1723 2002 2077 2065 quamquam
2122 1982 2339 2046 καίτοι
2377 2004 2490 2064 γε,
2538 1982 2600 2046 εἰ
2632 1979 2744 2047 καὶ
2780 1975 2860 2047 τὰ
2896 1976 3202 2065 μάλιστα,

600 2097 892 2170 quatenus
939 2081 1193 2171 ἐπειδή,
1242 2090 1384 2152 dum
1429 2087 1580 2170 ἕως,
1629 2087 1751 2165 ἕως
1794 2109 1957 2170 που,
2006 2093 2056 2152 si
2103 2089 2192 2169 εἰ,
2240 2093 2352 2153 nisi
2400 2089 2464 2153 εἰ
2504 2084 2627 2173 μή,
2683 2095 2917 2154 tametsi
2963 2090 3025 2154 εἰ
3065 2091 3199 2171 καί,
3227 2106 3279 2145 1⁵

601 2203 667 2256 ut
701 2187 794 2270 ὥς
829 2187 1048 2276 ὅπως,
1109 2216 1244 2258 cum
1291 2188 1430 2277 ὅτε,
1485 2207 1798 2279 postquam
1844 2190 2005 2279 μετὰ
2049 2192 2161 2276 τό,
2227 2208 2541 2278 antequam
2597 2198 2785 2282 πρίντ
2849 2201 3138 2280 optativae
3190 2194 3199 2284 Ι

599 2306 822 2387 speciei
865 2293 1165 2384 εὐκτικῆς
1210 2295 1456 2382 ὅψεως,
1505 2308 1729 2367 utinam
1775 2323 1850 2367 ne
1897 2302 2011 2367 ἴνα
2047 2297 2168 2386 μή,
2215 2307 2442 2368 utinam
2480 2307 2653 2384 εἴθε,
2702 2304 2874 2367 velim
2914 2297 3201 2386 ὤφελον,

598 2411 917 2472 dummodo
963 2403 1210 2492 μόνον,
1265 2411 1405 2473 licet
1448 2403 1603 2494 κᾶν,
1660 2413 1849 2473 donec
1895 2406 2115 2495 μέχρι,
2171 2420 2487 2492 antequam
2541 2407 2705 2492 πρὶν
2759 2404 2833 2493 ἥ,
2887 2421 3200 2493 postquam
3245 2404 3269 2429 ⁰

598 2508 760 2598 μετά
815 2511 925 2598 τό,
981 2518 1120 2581 dum
1168 2514 1384 2601 μέχρις
1449 2519 1856 2581 subiunctivae
1912 2511 2401 2598 ὑποζευκτικοί,
2466 2522 2545 2601 si,
2607 2528 2950 2603 antequam,
3013 2520 3203 2581 donec

600 2608 787 2706 32th
830 2628 1094 2706 quamvis
1139 2618 1458 2708 μάλιστα,
1505 2627 1850 2709 dummodo,
1896 2628 2062 2709 licet,
2107 2645 2242 2688 cum
2289 2617 2488 2707 ἡνίκα
2533 2617 2761 2706 ὁπότε,
2818 2628 2987 2707 dum,
3043 2636 3203 2708 post·
3231 2641 3287 2680 ιο

600 2750 803 2815 quam,
865 2735 1212 2815 priusquam
1266 2728 1427 2815 πρὶν
1482 2726 1543 2815 ἤ.
1633 2742 1724 2798 est
1776 2742 1838 2796 et
1891 2734 2457 2817 hypodigmaticum,
2522 2733 2702 2797 veluti
2766 2743 2834 2796 ut
2898 2721 3078 2815 οἷον,
3145 2742 3206 2795 et

598 2840 1131 2904 homoeomaticum
1179 2841 1549 2925 adverbium,
1596 2851 1662 2904 ut
1708 2832 1797 2915 (ὃς
1844 2833 2081 2922 ὥσπερ.

777 2947 949 3011 Nunc
994 2949 1288 3032 dicemuS,
1336 2968 1485 3029 quae
1533 2951 1874 3011 coniunctio
1921 2952 2018 3011 cui
2066 2949 2333 3030 qualitati
2376 2951 2657 3029 iungatur
2694 2997 2708 3010 .
2756 2966 2890 3010 cum
2938 2950 3205 3029 iungitur

597 3055 775 3117 modo
813 3057 1080 3138 finitivis,
1127 3055 1301 3117 modo
1341 3054 1767 3139 subiunctiviS‚
1804 3065 1872 3118 ut
1909 3075 2045 3119 cum
2074 3055 2235 3131 dico,
2282 3075 2417 3117 cum
2465 3055 2758 3137 dicebam,
2813 3074 2949 3118 cum
2995 3056 3207 3138 dicam,

599 3181 734 3224 cum
800 3163 1063 3225 dicerem
1127 3212 1142 3226 .
1206 3164 1310 3225 sed
1374 3165 1652 3246 interest,
1719 3171 1921 3225 utrum
1987 3164 2225 3224 finitivis
2289 3181 2363 3224 an
2419 3162 2809 3225 subiunctivis
2864 3165 3141 3243 iungatur
3191 3211 3204 3224 .
3232 3178 3285 3217 2⁵

591 3275 845 3345 finitivis
900 3275 1058 3334 enim
1113 3275 1416 3347 innuitur,
1481 3274 1758 3351 quotiens
1815 3270 1886 3332 ad
1943 3271 2002 3332 id
2051 3281 2286 3351 tempus
2332 3289 2450 3350 quo
2498 3269 2738 3351 agebam
2796 3271 3082 3351 refertur,
3139 3276 3206 3331 ut

601 3376 753 3458 apud
801 3377 1109 3458 Virgilium

778 3514 959 3570 code-v
995 3514 1389 3585 Somnum-32⁹8.
1499 3522 1532 3568 2
1570 3515 1654 3586 at]
1693 3531 1761 3569 ac
1941 3520 1973 3568 6
2013 3513 2384 3570 rationatiuae
2564 3521 2596 3570 8
2634 3516 2827 3569 τοίνυν
2892 3534 3062 3570 τονυν

600 3597 821 3668 τοιγαρ]
860 3614 980 3665 cocy
1160 3601 1192 3649 9
1232 3596 1553 3650 ὃιατοιουτο
1607 3593 1654 3649 ei
1703 3593 1801 3662 qui
1851 3612 1956 3649 ειτι
2137 3601 2204 3649 10
2241 3593 2433 3649 saltim
2470 3612 2577 3649 σαν
2616 3595 2769 3651 TAM
2863 3614 3013 3665 ομως
3064 3595 3206 3652 adeo

596 3694 828 3746 προσενι
862 3696 1058 3739 τουτος
1094 3678 1451 3747 (corn—otc)
1597 3681 1664 3728 12
1710 3676 1811 3728 aut
1858 3694 1894 3743 η
1948 3691 2056 3730 neu
2091 3675 2243 3730 Mete
2278 3675 2370 3729 uel
2408 3690 2516 3729 neu
2555 3695 2632 3746 μη
2666 3692 2739 3730 an
2773 3693 2809 3744 η
2846 3693 2918 3730 ue
2954 3695 2991 3743 η
3115 3684 3203 3731 ·15

602 3758 735 3811 dum
767 3776 870 3819 εως
898 3756 945 3812 si
975 3756 1027 3812 ei
1057 3776 1163 3821 εῳς
1180 3776 1291 3812 που
1310 3756 1418 3812 nisi
1447 3776 1499 3811 ει
1527 3775 1602 3826 μη
1631 3755 1747 3811 taffi
1775 3754 1883 3810 etsi
1988 3761 2050 3810 17
2082 3753 2297 3810 utinam
2324 3756 2417 3826 ne]
2447 3755 2676 3811 utinane
2780 3753 2953 3810 uelim
2983 3760 3205 3825 οφελων

598 3890 827 3945 dummo
864 3910 1037 3961 μονον
1201 3895 1265 3945 18
1304 3849 1608 3960 ante'quam
1769 3894 1839 3943 20
1877 3887 2033 3959 dum]
2072 3906 2199 3944 oum
2362 3896 2425 3944 21
2467 3889 2793 3960 priusquam
2830 3910 2903 3943 αν
2939 3909 2974 3958 η
3012 3891 3071 3944 et
3106 3910 3205 3945 και

595 3971 1000 4042 ypodigmatici
1143 3978 1212 4026 23
1249 3969 1538 4041 iungatur]
1567 3968 1816 4039 iungitur
1940 3974 2010 4022 24
2037 3968 2318 4041 dicebam]
2349 3969 2574 4025 dicebat
2698 3975 2766 4023 26
2794 3969 3027 4025 finitivis
3055 3970 3204 4026 enim

598 4050 850 4121 iungitur
884 4069 983 4106 om.
1129 4052 1335 4122 agebat

782 4167 806 4214 1
849 4163 1239 4215 σννπλεκτικοι
1268 4156 1625 4228 copulatiuae
1649 4157 1657 4229 Ι
1681 4158 1982 4227 συνδεσμοι
2012 4168 2120 4210 εισῖ
2148 4155 2566 4212 coniunctiones
2594 4159 2723 4212 sunt
2753 4162 2761 4226 Ι
2793 4177 2908 4213 και.
2937 4177 3015 4212 τε.
3044 4176 3202 4213 textu

602 4241 661 4295 et
695 4256 803 4309 que
851 4255 918 4294 ao
972 4242 1145 4309 atque
1182 4240 1272 4294 ast
1303 4243 1311 4307 Ι
1342 4242 1451 4308 ηδη
1488 4257 1592 4309 μεν
1613 4250 1825 4307 *porro-
1841 4236 2069 4305 quidem
2124 4254 2353 4306 προσετι
2397 4239 2461 4292 δε
2511 4238 2679 4293 etiam
2736 4255 2960 4308 quoque
3005 4268 3072 4279 --
3133 4245 3200 4293 22

483 4316 500 4331 ’
601 4347 785 4397 ωσπερ
832 4326 981 4384 sieut
1020 4330 1028 4398 Ι
1069 4348 1165 4384 και
1213 4347 1378 4398 τουγε
1426 4344 1767 4398 quamquam
1816 4325 1988 4381 codex
2036 4325 2391 4382 Monacensis
2426 4314 2533 4382 601'
2556 4310 2694 4396 (Μ)
2864 4333 2898 4382 4
2936 4326 3203 4398 quoniam

596 4410 730 4479 quia
774 4412 932 4478 (corr.
983 4407 1229 4478 quidem)
1277 4411 1436 4463 επιδε
1486 4410 1643 4463 sm&
1695 4409 1705 4474 Ι
1755 4405 1963 4475 quippe
2010 4406 2162 4476 quod
2207 4423 2272 4462 eo
2317 4409 2417 4461 δια
2460 4425 2627 4461 τουτο
2667 4409 2677 4476 Ι
2716 4406 2853 4476 quin
2900 4406 3073 4463 etiam
3117 4427 3203 4463 οτι

596 4493 807 4545 naveta
845 4490 922 4545 Μ
1066 4496 1130 4543 10
1168 4486 1385 4543 Saltem
1421 4504 1526 4542 σαν
1565 4483 1799 4542 ΤὰΜΕΜ
1835 4490 1843 4556 Ι
1874 4503 2038 4557 porro
2069 4507 2219 4559 ομως
2250 4488 2324 4542 Μ
2467 4493 2532 4543 12
2572 4507 2685 4557 αρα
2722 4507 2758 4556 η
2793 4504 2862 4542 ne
2902 4491 3001 4543 aut
3030 4496 3040 4556 1
3071 4506 3198 4557 pets.

597 4590 673 4640 μη
709 4587 819 4626 neu
853 4571 948 4625 uel
982 4587 1093 4625 neu
1126 4573 1134 4640 Ι
1167 4589 1202 4639 η
1238 4589 1274 4639 η
1310 4585 1382 4623 an
1410 4586 1479 4623 ue
1511 4568 1587 4622 Μ
1725 4574 1793 4622 20
1832 4572 2067 4638 μαλιστα
2106 4568 2363 4638 quamuis
2393 4571 2403 4638 1
2437 4587 2604 4637 nrum
2634 4568 2801 4623 dumo
2833 4569 2844 4639 Ι
2876 4586 3043 4624 onore
3070 4568 3205 4624 licet

603 4650 611 4722 1
651 4670 688 4718 η
723 4669 822 4704 και
857 4667 928 4706 an
966 4650 1026 4705 et
1054 4652 1062 4718 Ι
1094 4650 1526 4718 υποδιγματικοι
1557 4650 1568 4714 Ι
1600 4668 1720 4703 οιον
1758 4648 1987 4731 ueluti]
2028 4668 2434 4719 ομοεοματικον
2476 4652 2486 4716 Ι
2528 4669 2603 4712 ως
2650 4652 2714 4703 nt,
2743 4651 2751 4718 Ι
2785 4665 2968 4717 ωσπερ
3007 4647 3152 4704 sicut
3191 4650 3196 4711 Ι

596 4748 694 4784 και
731 4749 894 4800 τουγε
927 4747 1268 4801 quamquam
1299 4730 1373 4784 M
1511 4735 1580 4784 23
1618 4730 1778 4785 Nunc
1818 4730 2070 4787 dicemus
2090 4761 2155 4771 -—
2178 4735 2335 4797 422,5
2373 4729 2614 4785 victores
2640 4727 3016 4799 revertantur]
3040 4726 3201 4785 onor.

596 4828 651 4880 p.
691 4815 897 4878 226,11
937 4811 1116 4866 Diam
1144 4828 1208 4880 p,
1247 4815 1411 4877 392‚1
1575 4815 1644 4865 26
1681 4809 1916 4865 finitivis
1953 4810 2103 4865 enim
2139 4808 2413 4881 iungitur,
2469 4809 2728 4876 quotiens
2779 4806 2851 4862 ad
2886 4806 2945 4862 id
2982 4809 3203 4877 tempus

596 4907 709 4960 quo
747 4891 982 4961 agebam
1021 4888 1259 4947 refertur
1297 4891 1585 4946 Charisius
1621 4894 1672 4945 et
1705 4889 1994 4946 Diomedes
