3613 5528
642 420 773 484 440
1622 420 1973 475 ARVSIANI
2011 419 2251 475 MESSII

640 605 847 686 libros,
894 604 968 665 de
1015 604 1233 686 quibus
1279 623 1458 686 supra
1503 623 1560 685 p.
1599 602 1684 666 39
1733 614 1793 667 et
1838 624 1894 686 p.
1939 602 2063 667 136
2110 606 2334 666 dictum
2384 611 2499 685 est,
2544 602 2641 663 hic
2678 603 2953 665 Arusiani
2988 601 3140 664 liber
3177 604 3237 663 in

641 713 903 774 codicem
968 711 1517 793 Neapolitanum
1565 711 1638 772 lv
1683 712 1727 772 Α
1781 712 1881 795 11,
1946 715 2048 792 qui
2093 711 2233 773 olim
2288 709 2586 773 Parrhasii
2642 710 2780 793 1311,
2844 713 3238 790 transcriptus

640 830 732 882 est
777 869 790 881 .
836 823 887 881 is
933 830 1129 882 autem
1175 828 1310 899 post
1356 818 1541 899 Longi
1588 829 1650 880 et
1684 818 1949 900 Martyrii
1995 818 2178 880 libros
2225 827 2286 881 et
2331 818 2616 881 catholica
2652 817 2831 879 Probi
2877 818 3093 898 legitur
3137 819 3237 900 ita,

856 928 1124 989 Cornelii
1166 929 1490 989 Frontonis

643 1019 866 1095 Incipit
910 1018 1209 1079 Arusiani
1267 1019 1446 1078 messi
1488 1014 1583 1077 ἱι-σ.
1629 1013 1705 1079 b‘r
1749 1019 1982 1078 comitis
2018 1018 2211 1094 primi
2253 1018 2489 1078 ordinis
2533 1020 2809 1094 exempla
2855 1007 3236 1098 eloe-utiensi!

641 1126 740 1186 Ex
799 1125 1060 1202 Verqilio
1107 1126 1371 1186 Salustio
1428 1123 1703 1185 Terentio
1766 1124 2056 1186 Cicerone
2113 1126 2348 1200 dioesta
2399 1141 2517 1200 per
2579 1125 2816 1183 litteras
2854 1122 2865 1197 Ι
2905 1123 3239 1183 Abundans

641 1234 804 1292 illius
887 1235 984 1293 rei
1064 1264 1146 1273 —
1231 1233 1720 1293 aduoluebantur
1806 1278 1821 1291 .
1904 1233 2059 1292 idem
2142 1277 2156 1289 .
2231 1238 2492 1291 extrema
2558 1228 2693 1290 libri
2764 1247 2928 1311 pars„
2998 1231 3059 1289 in
3125 1246 3239 1308 qua

637 1338 793 1399 haud
840 1337 1018 1399 dubie
1066 1338 1138 1399 de
1187 1337 1623 1400 elocutionibus
1669 1336 1741 1398 ab
1789 1336 1836 1395 V
1883 1336 2079 1398 littera
2124 1335 2547 1418 incipientibus
2593 1335 2734 1396 olim
2792 1336 2963 1416 plura
3019 1336 3238 1417 scripta

639 1453 836 1528 01331,
917 1464 1052 1507 cum
1128 1445 1563 1525 subscriptione
1639 1445 1876 1506 defectu
1952 1441 2454 1525 membranarum,
2536 1451 2605 1504 ut
2676 1443 2937 1523 videtur,
3018 1442 3240 1505 codIcis

639 1553 948 1614 Bobiensis
994 1554 1171 1634 periit
1209 1601 1222 1615 .
1259 1554 1568 1633 inscriptio
1616 1551 1799 1614 rubro
1847 1550 2073 1633 colore,
2120 1550 2224 1611 sed
2273 1529 2476 1611 eadem
2524 1568 2700 1612 31333
2747 1559 2923 1630 atque
2972 1569 3038 1612 ea
3087 1569 3238 1630 quae

640 1660 852 1722 deinde
908 1666 1241 1739 sequuntur
1297 1660 1516 1738 scripta
1563 1666 1656 1719 est
1710 1706 1725 1720 .
1782 1657 2042 1719 Cornelii
2096 1657 2413 1720 Frontonis
2472 1675 2709 1737 quoque
2773 1675 3017 1740 nomen,
3081 1657 3238 1737 quod

639 1769 862 1829 nomini
909 1769 1181 1828 Arusiani
1229 1767 1702 1847 superscriptum
1748 1773 1869 1846 est,
1923 1764 2168 1826 eandem
2216 1767 2573 1845 scripturam
2628 1765 2831 1827 refert.
2924 1763 3241 1826 Iannellius

639 1875 879 1956 catalog.
917 1874 1183 1936 biblioth.
1222 1873 1316 1935 lat.
1357 1875 1420 1935 in
1460 1891 1581 1952 reg.
1617 1871 1796 1953 Neap.
1835 1890 1987 1934 3135.
2026 1871 2279 1933 Βο11103.
2315 1890 2372 1951 p.
2407 1868 2490 1932 10
2517 1874 2587 1933 Α.
2624 1874 2892 1935 Cornelii
2916 1875 3241 1934 Frontonis

640 1983 932 2064 exhibuit,
998 1992 1060 2044 et
1113 1982 1387 2043 videntur
1443 1983 1622 2041 unius
1678 1979 1908 2041 litterae
1967 1981 2206 2060 vestigia
2264 1987 2401 2041 ante
2463 1980 2733 2042 Cornelii
2783 1979 2989 2042 relicta
3045 1997 3177 2041 esse
3226 2027 3240 2040 .

639 2090 932 2153 Gustavus
960 2089 1368 2172 [uergensiu8‚
1416 2091 1518 2168 qui
1563 2086 1782 2149 librum
1830 2090 1889 2148 in
1937 2106 2135 2149 meum
2173 2105 2347 2148 usum
2386 2105 2521 2148 cum
2560 2088 2817 2149 editione
2855 2086 3242 2148 Lindemanni

641 2197 916 2272 contulit,
963 2215 1100 2259 eum
1136 2214 1169 2257 a
1207 2194 1439 2258 duobus
1484 2195 1824 2256 homiuibus
1870 2197 2159 2275 scriptum
2207 2213 2338 2256 esse
2384 2194 2530 2255 mihi
2576 2194 2854 2257 indicavit
2883 2243 2896 2257 .
2926 2214 3060 2256 nam
3107 2204 3243 2276 post

638 2305 1032 2366 elocutionem
1073 2307 1200 2377 sine
1247 2305 1407 2364 illius
1453 2305 1551 2363 rei
1586 2334 1670 2344 —
1709 2320 1880 2363 mure
1917 2320 1972 2382 p.
2011 2298 2140 2363 231
2182 2301 2272 2363 ed.
2309 2300 2476 2363 Lind.
2523 2301 2815 2364 diversam
2862 2322 2894 2363 3
2939 2301 3241 2384 prioribus

638 2429 771 2473 esse
817 2409 1133 2472 scribentis
1183 2427 1418 2470 manum
1466 2426 1714 2488 eamque
1762 2409 2163 2471 diversitatem
2209 2412 2270 2470 in
2319 2428 2389 2470 eo
2438 2427 2673 2489 quoque
2721 2428 3036 2491 apparere,
3083 2409 3243 2490 quod

637 2517 775 2578 inde
822 2515 894 2577 ab
940 2516 1038 2577 illo
1085 2515 1214 2577 loco
1261 2522 1600 2577 constanter
1663 2516 1837 2593 Vero.
1883 2516 2278 2598 scriberetur,
2325 2535 2460 2578 cum
2507 2526 2679 2578 33103
2741 2518 2902 2595 Viro.
2950 2520 3243 2597 scriptum

639 2633 798 2686 esset
843 2671 857 2684 .
905 2631 1210 2705 praeterea
1266 2640 1450 2702 pauca
1503 2641 1558 2702 p.
1606 2620 1738 2685 215
1793 2626 2222 2686 circumventis
2253 2656 2333 2666 —
2364 2627 2659 2700 misitque.
2683 2627 2794 2687 sub
2841 2643 3077 2687 amnem
3131 2624 3242 2686 alia

640 2749 814 2793 manu
890 2740 1068 2811 atque
1142 2730 1367 2810 reliqua
1442 2731 1662 2810 scripta
1736 2749 1868 2793 esse
1943 2731 2242 2794 adnotavit
2304 2779 2318 2793 .
2383 2733 2679 2812 scriptura
2752 2740 2950 2794 autem
3022 2732 3242 2793 veteris

639 2839 973 2921 archetypi,
1019 2858 1090 2900 ex
1138 2856 1256 2918 quo
1303 2838 1489 2899 codex
1536 2837 1873 2919 descriptus
1920 2846 2073 2921 erat,
2130 2841 2211 2901 ita
2266 2840 2326 2900 in
2386 2858 2456 2900 eo
2504 2846 2943 2920 repraesentata
2990 2847 3110 2920 est,
3176 2848 3243 2900 ut

638 2947 880 3006 vitiosae
940 2944 1227 3006 lectiones
1290 2951 1564 3005 accurate
1631 2952 2048 3025 repeterentur
2108 2953 2284 3024 atque
2351 2963 2419 3005 ea
2483 2947 2660 3006 etiam
2727 2934 2875 3026 quae
2943 2953 3241 3025 tamquam

640 3060 920 3132 corrupta
960 3051 1150 3113 tribus
1186 3053 1428 3131 punctis
1466 3069 1644 3132 supra
1674 3054 1885 3132 positis
1914 3059 2111 3114 notata
2140 3060 2311 3113 erant
2338 3052 2546 3114 eodem
2576 3053 2750 3115 modo
2779 3052 3205 3115 exhiberentur
3226 3100 3240 3114 .

639 3179 825 3242 pauca
870 3162 932 3221 in
979 3160 1168 3240 prima
1215 3160 1509 3238 scriptura
1555 3166 1825 3221 correcta
1871 3159 1961 3220 vel
2008 3157 2204 3221 addita
2250 3168 2392 3222 sunt
2436 3207 2449 3221 .
2497 3159 2601 3222 sed
2650 3178 2718 3222 03
2764 3163 2958 3222 031313
3004 3161 3130 3222 1010
3167 3158 3241 3220 311

640 3267 848 3329 eodem
912 3265 1180 3347 librario,
1244 3267 1345 3345 qui
1413 3284 1552 3327 suos
1617 3284 1856 3327 errores
1921 3267 2047 3347 ipse
2112 3274 2480 3342 correxerat,
2545 3266 2810 3347 prosecta
2875 3274 3039 3345 sunt3
3103 3285 3241 3328 raro

639 3375 883 3437 alterius
940 3391 1146 3435 manus
1202 3374 1263 3433 in
1318 3371 1434 3434 illis
1498 3382 1740 3454 apparet
1798 3423 1811 3435 .
1872 3380 2138 3435 ceterum
2203 3374 2381 3435 verba
2445 3375 2810 3453 grammatici
2873 3375 2954 3435 ita
3018 3375 3241 3454 scripta

640 3489 804 3560 5331,
870 3489 938 3542 31
1001 3480 1072 3541 311
1139 3497 1254 3542 333
1312 3497 1545 3559 quaque
1601 3478 1937 3541 elocutione
1994 3482 2129 3540 novi
2177 3498 2384 3542 versus
2430 3482 2664 3542 initium
2723 3481 2848 3561 fiat,
2915 3479 3241 3561 eademque

639 3591 829 3669 ipsius
875 3588 1179 3669 archetypi
1225 3588 1375 3648 ratio
1424 3586 1551 3648 suit.

818 3712 1008 3774 Huius
1064 3711 1284 3772 codicis
1340 3710 1740 3791 apographum
1798 3719 1890 3772 est
1943 3711 2093 3773 alter
2138 3711 2436 3774 Parrhasii
2491 3712 2703 3793 codex,
2767 3714 2871 3793 qui
2935 3731 3094 3775 nunc
3149 3724 3242 3776 est

641 3820 1162 3901 Neapolitanus
1209 3817 1292 3877 lv
1329 3818 1373 3878 Α
1428 3814 1545 3900 12,
1595 3820 1657 3878 13
1695 3836 1813 3897 quo
1844 3820 2117 3880 Arusiani
2145 3818 2295 3880 liber
2334 3821 2474 3881 item
2513 3828 2649 3899 post
2675 3818 2861 3899 Longi
2890 3828 2952 3882 et
2977 3819 3239 3901 Martyrii

639 3928 824 3990 libros
870 3928 1129 4007 scriptus
1175 3934 1269 3986 est
1315 3972 1327 3985 .
1376 3943 1509 3986 nam
1548 3924 1726 3987 Probi
1774 3925 2059 3988 0311101103
2105 3929 2168 3987 13
2216 3945 2286 3988 eo
2326 3929 2546 4008 scripta
2594 3945 2712 3987 non
2758 3934 2899 3988 sunt
2937 3975 2950 3988 .
2988 3930 3238 4009 inscrip-

641 4038 863 4097 tionem
908 4032 980 4094 ab
1029 4050 1100 4093 eo
1148 4033 1248 4110 qui
1287 4032 1688 4112 apographum
1726 4031 1950 4092 fecerat
1987 4034 2260 4094 omissam
2298 4041 2504 4113 postea
2542 4033 2893 4095 Parrhasius
2930 4052 3002 4095 ex
3041 4037 3240 4114 priore

641 4142 844 4203 codice
891 4138 1139 4221 addidit,
1194 4140 1495 4200 Arusiani
1540 4138 1727 4200 Messi
1767 4136 1849 4200 ἷῖε
1898 4186 1910 4199 .
1957 4157 2046 4200 or.
2094 4142 2327 4201 comitis
2378 4142 2572 4217 primi
2613 4143 2849 4202 ordinis
2902 4145 3178 4218 exempla
3227 4134 3237 4225 Ι

640 4253 1041 4312 elocutionum
1085 4265 1165 4308 ex
1225 4246 1387 4322 Viro.
1435 4246 1664 4307 Sallust
1699 4291 1713 4305 .
1759 4245 1978 4307 Terent
2012 4293 2026 4307 .
2071 4247 2264 4308 Cicer.
2313 4250 2547 4324 diffesta
2596 4266 2712 4325 per
2756 4250 2995 4309 litteras
3031 4294 3045 4308 .
3084 4247 3241 4309 idem

639 4358 702 4416 in
766 4357 1029 4434 margine
1103 4353 1401 4414 adnotavit
1473 4351 1646 4433 haec,
1718 4352 2039 4427 Arusiani,
2114 4372 2154 4414 a
2218 4355 2578 4430 quibusdam
2649 4356 3031 4415 substitutum
3102 4362 3242 4416 erat

647 4463 915 4524 Cornelii
958 4461 1282 4522 Frontonis
1329 4459 1597 4536 improbe
1643 4505 1655 4517 .
1703 4476 1774 4518 ex
1822 4460 2022 4537 priore
2079 4467 2278 4521 autem
2323 4460 2620 4521 Parrhasii
2687 4460 2921 4541 codice,
2982 4478 3101 4521 non
3165 4479 3238 4522 ex

639 4573 768 4650 ipso
815 4568 1133 4647 archetypo
1180 4566 1340 4628 hunc
1386 4564 1750 4644 descriptum
1798 4582 1959 4647 esse,
2003 4566 2062 4627 id
2111 4566 2268 4646 quod
2318 4566 2390 4627 de
2430 4565 2589 4628 Velio
2628 4565 2829 4646 Longo
2876 4584 3054 4646 supra
3101 4568 3240 4644 dixi,

640 4677 701 4735 in
749 4676 1021 4735 Arusiani
1069 4691 1305 4753 quoque
1352 4671 1503 4731 libro
1550 4671 1823 4751 plurimis
1870 4675 2335 4754 certissimisque
2392 4672 2627 4735 indiciis
2673 4691 2959 4755 apparere
3005 4672 3240 4735 duobus

642 4780 946 4841 codicibus
1011 4783 1166 4842 inter
1222 4798 1285 4840 50
1343 4778 1569 4839 00113115
1626 4777 1769 4839 mihi
1828 4781 2195 4842 confirmavit
2249 4780 2628 4861 Iuergensius
2684 4829 2698 4843 .
2756 4778 2857 4841 sed
2924 4781 3241 4863 scriptura,

644 4905 792 4966 quae
840 4905 911 4947 ex
958 4886 1143 4946 altero
1192 4885 1395 4973 codice
1443 4894 1717 4947 accurate
1768 4890 2019 4965 repetita
2066 4895 2221 4968 erat,
2266 4897 2468 4967 postea
2518 4888 2716 4949 multis
2762 4886 2906 4947 locis
2952 4889 3167 4966 partim
3204 4907 3239 4949 a
