3613 5528
1178 1337 1768 1438 ARVSIANI
1795 1334 2248 1436 MESSII

915 1524 1517 1598 EXEMPLA
1607 1520 2513 1596 ELOOVTIONVM

419 1701 513 1748 Ex
561 1700 898 1768 VERG11310
945 1700 1324 1776 SALLYSTIO
1371 1698 1721 1747 TERENTIO
1769 1697 2117 1767 CICERQNE
2162 1696 2461 1761 DIGESTA
2502 1696 2636 1743 PER
2673 1693 3017 1741 LITTERAS

419 1918 464 1954 p.
493 1905 572 1946 209
598 1904 668 1945 ed.
693 1904 830 1946 Lind.

342 2014 367 2052 5
597 1989 917 2051 Abundans
982 1990 1139 2051 illius
1201 1992 1318 2071 rei,
1389 1989 1557 2070 Verg.
1624 1992 1684 2050 in
1749 1988 1921 2049 buco.
1978 1988 2183 2063 (2‚20)
2250 1981 2472 2046 ‘nivei
2537 2002 2739 2063 quam
2802 1982 3018 2044 laetis

421 2092 838 2159 abundans'.
930 2096 1235 2158 abundans
1283 2097 1376 2158 ina
1433 2116 1526 2178 re,
1591 2097 1798 2158 Cicero
1846 2114 1955 2176 pro
2002 2092 2274 2155 Cornelio
2321 2090 2472 2153 libro
2520 2091 2571 2153 11
2621 2087 2817 2169 ‘quis
2878 2098 3015 2150 tam

422 2203 787 2266 abundans
834 2207 1064 2284 copiis
1111 2252 1124 2265 .
1172 2203 1431 2265 abundat
1476 2203 1570 2265 ina
1618 2222 1712 2285 re,
1768 2202 1888 2264 Cic.
1936 2220 2044 2282 pro
2093 2199 2364 2261 Cluentio
2412 2198 2703 2273 (65,184)
2761 2195 3017 2258 mulier

420 2307 733 2372 abundat
777 2310 1071 2372 audacia
1110 2359 1122 2372 .
1162 2310 1393 2373 abunde
1424 2321 1516 2373 est
1550 2310 1729 2373 huius
1766 2312 1883 2392 rei,
1934 2308 2101 2389 Verg.
2128 2309 2269 2369 Aen.
2303 2306 2399 2367 Vl!
2430 2306 2616 2380 (552)
2657 2313 3015 2366 terrorum

421 2426 490 2479 et
535 2418 813 2479 fraudis
859 2416 1137 2479 abunde
1184 2429 1309 2480 est.

341 2549 394 2588 ιο
598 2524 779 2587 Ardet
823 2523 919 2585 illa
965 2543 1056 2606 re,
1105 2524 1274 2605 Verg.
1320 2528 1462 2587 Aen.
1509 2525 1585 2586 xl
1635 2526 1825 2600 (782)

755 2633 1065 2693 femineo
1112 2633 1422 2713 praedae
1472 2644 1540 2694 et
1585 2631 1983 2712 spoliorum
2030 2629 2330 2691 ardebat
2376 2645 2609 2689 amore
2658 2672 2670 2687 .

419 2738 587 2802 ardet
631 2738 788 2802 illam
834 2758 991 2822 rem,
1036 2739 1190 2801 idem
1237 2742 1297 2803 in
1345 2740 1479 2802 buc.
1527 2740 1681 2817 (21)

827 2849 1225 2909 formosum
1270 2856 1518 2929 pastor
1565 2846 1891 2927 Corydon
1940 2843 2237 2906 ardebat
2282 2843 2552 2905 Alexim
2599 2890 2612 2904 .

419 2954 589 3015 ardet
640 2956 702 3016 in
758 2953 855 3015 ina
910 2973 1002 3037 re,
1059 2955 1272 3016 Salust.
1330 2953 1483 3016 bello
1540 2953 1704 3015 Catil.
1763 2954 1928 3035 (5,4)
1984 2952 2242 3013 ardens
2298 2954 2367 3013 in
2424 2948 2954 3031 cupiditatibus
3004 2994 3017 3008 .

342 3080 394 3121 15
420 3060 588 3121 ardet
623 3063 686 3121 in
724 3060 881 3122 illam
920 3080 1073 3142 rem,
1119 3060 1288 3141 Verg.
1328 3064 1473 3122 Aen.
1530 3061 1652 3121 VII
1684 3060 1874 3133 (623)
1912 3059 2115 3121 ardet
2159 3060 2231 3120 in
2277 3060 2579 3119 excitam
2616 3056 3017 3118 Ausoniam.

597 3169 823 3230 Avertit
866 3169 977 3229 hac
1023 3187 1116 3250 re,
1161 3167 1331 3248 Verg.
1377 3169 1520 3229 Aen.
1567 3167 1591 3227 l
1638 3161 1780 3248 (38)

784 3294 912 3337 nee
958 3294 1170 3357 posse
1218 3274 1426 3337 Italia
1472 3275 1914 3336 Teucrorum
1964 3280 2296 3334 avertere
2346 3289 2584 3351 regem
2633 3318 2644 3330 .

424 3384 633 3443 avertit
678 3382 751 3443 ab
797 3382 893 3444 illa
940 3402 1033 3465 re,
1088 3382 1206 3444 Cic.
1254 3381 1461 3462 Philip.
1518 3384 1684 3455 (VII
1736 3381 1850 3455 28)
1897 3379 1980 3441 ab
2030 3379 2204 3442 urbe
2251 3379 2324 3439 Μ.
2371 3380 2660 3440 Antonii
2708 3381 3018 3457 impetus

420 3491 489 3548 in
537 3489 832 3551 Galliam
880 3493 1164 3552 avertit.
1222 3508 1464 3552 aversus
1493 3489 1564 3550 ab
1594 3489 1726 3571 illo,
1766 3489 1885 3551 Cic.
1914 3490 1975 3549 in
2006 3486 2170 3549 Catil.
2200 3487 2279 3548 111
2309 3486 2507 3561 (9,21)
2536 3494 2672 3546 tam
2718 3503 3018 3545 aversus

341 3615 453 3656 eoa
501 3616 662 3658 vero
712 3644 726 3658 .

595 3705 852 3785 Accinge
899 3724 992 3766 me
1039 3705 1177 3768 huic
1225 3708 1338 3788 rei,
1385 3705 1554 3785 Verg.
1601 3705 1742 3766 Aen.
1789 3703 1815 3764 1
1864 3703 2049 3778 (210)

782 3811 890 3874 illi
939 3831 1011 3874 se
1057 3813 1361 3895 praedae
1410 3816 1796 3893 accingunt
1843 3811 2291 3893 dapibusque
2338 3810 2609 3871 futuris
2657 3855 2669 3868 .

597 4029 777 4085 Cede-‘c
816 4030 1114 4085 Parrhasii
1204 4034 1231 4083 1
1274 4029 1480 4100 Incipit
1528 4030 1788 4086 Arusiani
1834 4030 2001 4086 Messi
2044 4047 2130 4086 ue.
2177 4046 2255 4084 or.
2312 4025 2531 4082 comitis
2586 4026 2754 4097 primi
2809 4025 3018 4081 ordinis
3069 4014 3077 4022 ’

420 4111 678 4180 exempla
712 4109 1090 4165 elocutionum
1123 4112 1132 4176 Ι
1163 4109 1247 4164 Ex
1274 4110 1512 4182 uergilio
1543 4112 1788 4167 Salustio
1816 4109 2080 4166 Terentio
2110 4110 2373 4165 Cicerone
2402 4109 2623 4178 digesta.
2650 4124 2750 4176 per
2776 4106 3012 4162 litteras.

421 4189 694 4246 Arusiani
745 4193 960 4247 nomini
1011 4193 1194 4248 eadem
1235 4210 1408 4247 manu
1457 4194 1886 4262 superam-iptum
1930 4196 2007 4246 est
2052 4188 2294 4245 Cornelii
2346 4186 2621 4242 frontonis
2675 4187 2901 4252 detrita,
2955 4191 3017 4240 ut

419 4272 657 4338 videtur,
693 4276 821 4326 ante
857 4271 1100 4328 Cornelii
1143 4274 1328 4328 littera
1363 4290 1399 4328 a
1545 4279 1611 4327 14
1646 4274 1784 4327 Aen.
1815 4272 1919 4326 VII
1947 4288 2047 4326 om.
2197 4273 2258 4322 17
2290 4268 2594 4325 Antonium
2622 4283 2759 4323 corr.
2789 4265 3017 4321 Antonii

493 4365 557 4416 18
593 4362 736 4434 tam]
775 4363 893 4417 Iam
1043 4367 1107 4416 21
1147 4361 1236 4416 illi
1271 4379 1328 4416 se
1364 4349 1496 4417 hii'ie
1530 4363 1771 4432 praedae

599 4559 675 4612 M
707 4560 967 4615 editiones
1002 4558 1205 4629 Anqeli
1243 4560 1401 4615 Maii
1438 4560 1875 4616 Mediolanemis
1911 4578 1962 4615 α.
2001 4561 2149 4614 1815
2184 4561 2235 4612 et
2269 4556 2527 4612 Romana
2562 4573 2613 4611 a.
2652 4559 2804 4611 1823

595 4638 646 4694 G
682 4640 850 4695 codex
896 4639 1423 4707 Wolfenbuttelanua
1462 4640 1761 4698 Gudianus
1795 4646 1909 4698 281

598 4718 654 4772 P
687 4720 854 4775 codex
888 4720 1172 4777 Leidensis
1210 4722 1616 4778 Perizonianus
1651 4727 1724 4778 84

593 4806 626 4853 4
663 4800 999 4872 Abundans]
1055 4800 1227 4857 Ricc.
1265 4803 1301 4857 l.
1344 4801 1593 4856 XVIII
1618 4820 1680 4871 p.
1717 4807 1834 4858 216
2016 4806 2083 4855 15
2134 4799 2380 4870 Avertit]
2441 4797 2620 4853 Prisc.
2677 4798 2711 4852 l.
2772 4796 3019 4851 XVIII

411 4893 470 4946 p.
516 4883 634 4934 277
784 4885 848 4934 17
887 4880 961 4936 M.
999 4880 1230 4937 Antonii
1265 4881 1508 4952 impetus
1544 4882 1786 4938 nefarios
1824 4882 1896 4938 ab
1931 4881 2066 4937 urbe
2104 4880 2162 4935 in
2198 4879 2440 4934 Galliam
2476 4877 2682 4934 avertit
2718 4878 2903 4934 Cicero
