3613 5528
1094 415 1191 473 DE
1228 417 1424 473 ARTE
1460 418 1679 475 METR.
1717 419 1817 476 ΕΤ
1853 420 1950 475 ΒΕ
1989 419 2354 478 ORTHOGR.
2895 422 3027 487 223

416 610 534 682 est,
581 600 945 681 eandemque
994 601 1244 663 formam
1299 606 1576 684 repetivit
1622 604 1880 667 Gilesius
1926 604 2119 666 Bedae
2165 623 2260 686 op.
2306 625 2358 668 v.
2407 605 2479 667 Vl
2523 625 2579 687 p.
2631 603 2664 668 1
2698 625 2826 687 sqq.
2891 626 3026 669 nam

417 725 770 787 quamquam
817 707 1084 769 codicem
1131 707 1510 772 Harleianum
1557 707 1732 774 3826
1780 730 1937 773 nono
1986 711 2252 793 saeculo,
2309 720 2375 774 ut
2431 714 2537 795 ait,
2593 715 2882 793 scriptum
2930 714 3026 774 ad-

417 812 715 896 hibuerat,
770 821 969 876 tamen
1014 832 1201 896 pauca
1250 833 1322 876 ex
1369 835 1439 877 eo
1489 816 1692 879 codice
1741 818 2101 899 emendavit,
2156 817 2385 897 reliqua
2432 837 2503 880 ex
2562 819 2819 881 editione
2866 818 3027 880 Basi-

414 919 599 982 leensi
654 940 702 982 a.
754 917 924 983 1563
982 924 1302 1004 expressit;
1366 923 1589 985 codicis
1625 933 1844 986 ,autem
1901 926 2257 1003 scripturam
2333 926 2538 1004 paucis
2592 924 2738 986 locis
2793 927 2851 986 in
2905 925 3026 986 fine

414 1026 689 1089 editionis
726 1029 1041 1091 adnotavit.
1098 1032 1258 1091 inter
1294 1032 1710 1110 grammaticos
1748 1039 1948 1092 autem
1986 1031 2145 1093 hunc
2182 1029 2376 1090 Bedae
2414 1029 2632 1091 librum
2670 1049 2790 1092 non
2828 1032 3028 1092 inveni

415 1143 719 1215 receptum
758 1144 894 1198 ante
931 1135 1309 1219 Putschium,
1354 1140 1458 1217 qui
1497 1156 1633 1198 eum
1676 1146 1973 1218 tamquam
2019 1139 2236 1198 incerti
2274 1139 2583 1217 scriptoris
2630 1136 2874 1214 librum,
2921 1138 3024 1199 sed

413 1239 602 1303 Bedae
660 1242 835 1323 vulgo
891 1242 1181 1306 tributum
1238 1246 1300 1304 in
1354 1245 1471 1305 fine
1527 1246 1727 1324 operis
1783 1262 1841 1324 p.
1889 1240 2065 1305 2775
2094 1260 2220 1324 sqq.
2277 1242 2600 1306 collocavit.
2687 1245 2830 1307 mihi
2885 1264 3025 1306 vero

410 1351 781 1427 propositum
828 1349 940 1410 ruit
985 1357 1054 1411 ut
1088 1357 1315 1411 remota
1361 1367 1540 1431 prava
1578 1356 1639 1411 et
1684 1369 1861 1430 saepe
1901 1368 2106 1411 manca
2145 1353 2439 1431 scriptura
2488 1351 2783 1413 editorum
2831 1370 3026 1413 exem-

412 1452 663 1532 plarium
709 1454 782 1517 ad
829 1455 1004 1516 fidem
1052 1473 1230 1517 manu
1274 1459 1634 1538 scriptorum
1681 1455 1972 1517 librorum
2021 1455 2336 1517 lectionem
2373 1475 2731 1518 revocarem.
2798 1460 2859 1518 in
2907 1476 3025 1538 quo

411 1564 659 1622 maxime
698 1560 1033 1624 Parisinum
1072 1570 1133 1623 et
1161 1562 1743 1644 Montepessulanum
1783 1564 2049 1624 codicem
2086 1571 2330 1624 secutus
2359 1581 2518 1644 sum3
2555 1564 2750 1626 rarius
2778 1563 3024 1626 Leiden-

411 1668 493 1728 sis
549 1667 772 1729 codicis
826 1671 1122 1749 scriptura
1179 1687 1317 1732 cum
1373 1669 1604 1749 vulgata
1660 1672 2043 1730 consentiens
2100 1669 2438 1748 recipienda
2510 1670 2640 1731 suit.
2739 1669 3026 1732 lectiones

409 1760 607 1834 autem
662 1774 933 1835 codicum
989 1776 1352 1856 accuratiuS,
1410 1793 1587 1853 quam
1642 1793 1753 1855 per
1798 1793 1863 1835 se
1920 1776 1981 1835 in
2042 1773 2155 1835 hoc
2211 1777 2503 1855 scriptore
2560 1775 3027 1858 desiderabatur,

411 1880 754 1942 indicandae
800 1889 999 1957 erant,
1043 1889 1359 1962 propterea
1408 1881 1566 1962 quod
1607 1880 1787 1943 multa
1825 1899 1858 1941 a
1897 1880 2052 1943 Beda
2091 1900 2164 1941 ex
2201 1881 2639 1961 antiquioribus
2677 1883 3022 1945 auctoribus

411 1985 756 2067 deprompta
803 1996 970 2071 sunt,
1016 2006 1166 2068 quae
1214 1990 1403 2068 siquis
1450 2006 1585 2049 cum
1633 1990 1706 2048 iis
1754 2006 1911 2068 quae
1953 2005 2112 2048 nunc
2160 1986 2313 2067 apud
2360 1987 2492 2049 illos
2539 1990 2816 2050 seruntur
2863 2007 3021 2050 com·

410 2110 618 2172 parare
663 2093 816 2177 vult,
862 2094 1170 2155 sciendum
1218 2103 1336 2178 est,
1386 2095 1525 2175 quid
1572 2097 1633 2156 in
1680 2093 1850 2156 libris
1898 2113 2074 2156 manu
2123 2096 2362 2174 scriptis
2407 2094 2657 2174 legatur.

587 2199 876 2280 Antiquae
935 2209 1133 2262 autem
1179 2202 1533 2263 eruditionis
1591 2201 1871 2282 reliquias
1917 2201 2073 2281 apud
2118 2200 2337 2262 Bedam
2385 2203 2653 2263 inventas
2699 2205 2760 2263 in
2811 2205 3020 2283 primis

414 2303 677 2366 Chai-isio
713 2315 773 2367 et
809 2306 1077 2368 Diomedi
1123 2308 1328 2370 deberi
1380 2309 1500 2371 dixi
1545 2327 1790 2389 gramm.
1828 2308 1926 2371 lat.
1964 2329 2014 2369 v.
2051 2308 2078 2368 1
2115 2328 2172 2389 p.
2210 2306 2416 2369 xxm.
2481 2328 2512 2369 a
2551 2309 2819 2372 Charisia
2864 2311 3020 2370 enim

413 2419 474 2470 et
517 2413 750 2473 nomina
796 2416 1343 2498 grammaticorum,
1390 2433 1801 2496 quaecumque
1849 2417 1911 2476 in
1958 2415 2071 2476 hoc
2117 2414 2269 2475 libro
2316 2413 2614 2498 leguntur,
2660 2424 2721 2477 et
2765 2415 3018 2496 plurima

413 2527 677 2580 veterum
726 2522 1086 2601 scriptorum
1134 2521 1400 2603 exempla
1446 2524 1629 2602 petita
1677 2531 1834 2582 sunt.
1910 2538 2266 2601 quamquam
2311 2524 2515 2601 copiae
2562 2525 2782 2584 veteris
2826 2541 3018 2602 gram·

410 2626 609 2686 matici
655 2644 686 2686 a
725 2625 882 2687 Beda
928 2629 1008 2689 ita
1045 2629 1435 2688 circumcisae
1483 2636 1652 2710 sunt,
1698 2634 1767 2690 ut
1812 2645 1997 2708 pauca
2045 2629 2104 2688 in
2153 2626 2245 2688 his
2291 2631 2589 2709 excerptis
2635 2629 2841 2691 relicta
2886 2632 3022 2709 sint,

410 2749 558 2812 quae
618 2733 689 2795 ad
751 2743 1092 2815 corruptam
1151 2735 1212 2795 in
1275 2732 1478 2796 codice
1540 2732 1791 2795 Charisii
1857 2736 2214 2815 scripturam
2274 2735 2698 2798 emendandam
2768 2735 3019 2816 aliquam

409 2838 720 2901 utilitatem
775 2840 1047 2903 habeant.
1129 2841 1232 2902 sed
1289 2849 1528 2920 praeter
1583 2844 1772 2922 ipsius
1820 2840 2071 2902 Charisii
2127 2838 2348 2915 librum
2393 2840 2550 2902 Beda
2598 2841 2866 2904 adhibuit
2924 2862 3018 2902 ex-

410 2954 610 3025 cerpta
656 2947 866 3009 similia
912 2946 1307 3009 Bobiensibus
1362 2946 1478 3009 illis
1534 2966 1685 3027 quae
1740 2954 1879 3028 post
1923 2946 2255 3008 Charisium
2303 2947 2477 3009 edidi.
2552 2966 2687 3008 nam
2733 2957 2793 3009 et
2851 2968 3017 3009 voca-

409 3051 543 3113 bula
581 3055 866 3133 quaedam
907 3072 1056 3136 quae
1094 3056 1154 3114 in
1195 3054 1286 3115 his
1325 3054 1467 3115 solis
1505 3054 1785 3135 leguntur
1824 3055 2079 3135 recepit,
2126 3062 2193 3114 ut
2234 3072 2290 3133 p.
2320 3050 2495 3115 2790
2532 3058 2707 3130 luter,
2756 3075 2813 3135 p.
2843 3052 3019 3117 2795

402 3163 815 3238 proverbium,
863 3170 923 3222 et
970 3160 1236 3240 exempla
1285 3180 1436 3240 quae
1485 3180 1517 3222 a
1565 3160 1832 3227 Charisio
1880 3163 2123 3243 omissa,
2180 3163 2240 3220 in
2289 3163 2585 3240 excerptis
2633 3161 2826 3223 addita
2878 3171 3021 3222 sunt

409 3264 702 3349 exhibuit,
747 3287 804 3348 p.
842 3264 1017 3330 2788
1066 3272 1213 3342 iuqa
1259 3285 1498 3328 versum
1537 3265 1804 3347 Vergilii,
1852 3287 1908 3347 p.
1945 3264 2124 3363 2794
2161 3272 2296 3343 pax
2343 3266 2676 3348 exemplum
2725 3267 3017 3329 Sallustii:

408 3372 481 3432 cf.
532 3372 753 3435 Charis.
799 3393 856 3454 p.
904 3370 1017 3455 33,
1065 3371 1167 3435 30.
1216 3372 1332 3457 32,
1378 3371 1419 3436 6
1466 3384 1528 3436 et
1573 3393 1698 3435 exc.
1745 3394 1801 3454 p.
1850 3369 2009 3454 550,
2055 3369 2114 3435 5.
2173 3368 2332 3454 548,
2379 3370 2436 3435 8.
2510 3373 2694 3435 semel
2739 3393 2794 3455 p.
2843 3371 3016 3435 2799

406 3479 468 3538 in
515 3497 566 3538 v.
610 3481 867 3556 sulphur
912 3488 974 3540 et
1017 3484 1344 3557 scrupulus
1389 3482 1515 3560 ipse
1563 3480 1787 3542 addidit
1832 3478 2097 3560 exempla
2133 3478 2374 3559 Vergilii
2421 3490 2481 3542 et
2526 3480 2820 3560 Terentii,
2867 3499 3017 3560 quae

409 3602 600 3663 neque
655 3585 809 3665 apud
857 3585 1188 3649 Charisium
1247 3606 1439 3667 neque
1495 3590 1554 3648 in
1604 3588 1903 3666 excerptis
1958 3585 2267 3665 leguntur,
2320 3586 2422 3646 sed
2484 3589 2720 3667 saepius
2766 3587 2839 3648 ab
2886 3588 3017 3648 aliis

405 3694 800 3770 grammaticis
846 3692 1106 3755 adhiblta
1154 3703 1311 3756 sunt.
1395 3712 1532 3755 cum
1579 3691 1860 3754 Diomede
1916 3700 2154 3772 praeter
2201 3710 2267 3753 ea
2327 3710 2477 3770 quae
2534 3695 2595 3753 in
2652 3695 2823 3754 initio
2880 3693 3017 3754 libri

405 3797 479 3857 de
527 3800 683 3858 notis
730 3798 1061 3861 litterarum
1100 3802 1319 3879 scripta
1359 3809 1500 3861 sunt
1546 3802 1795 3860 maxime
1845 3799 2228 3859 consentiunt
2274 3797 2683 3860 adnotationes
2730 3799 2801 3860 de
2848 3818 3015 3879 prae·

405 3904 797 3983 positionibus
843 3909 921 3968 ab
967 3914 1030 3968 et
1075 3926 1154 3968 ex
1199 3925 1255 3986 p.
1304 3902 1498 3988 2776,
1545 3909 1608 3966 in
1655 3925 1711 3985 p.
1759 3901 1958 3987 2788,
1994 3921 2115 3980 pro
2160 3921 2215 3982 p.
2256 3900 2449 3979 2794,
2492 3924 2679 3982 super
2724 3925 2780 3985 p.
2819 3903 3018 3981 2798,

402 4013 514 4071 sub
550 4029 618 4090 p..
636 4009 809 4074 2799
849 4023 910 4075 et
948 4013 1021 4074 de
1058 4012 1337 4075 adverbio
1376 4019 1444 4074 ut
1478 4032 1534 4093 p.
1564 4009 1767 4074 2803:
1816 4011 1890 4072 cf.
1920 4010 2107 4071 Diom.
2137 4029 2192 4089 p.
2223 4005 2351 4070 411
2387 4028 2513 4090 sqq.
2553 4020 2613 4071 et
2648 4031 2703 4091 p.
2733 4010 2895 4094 408,
2919 4011 3016 4074 10.

404 4136 542 4179 nam
588 4137 737 4198 quae
783 4129 1089 4201 praeterea
1129 4120 1201 4182 ad
1249 4119 1505 4181 eundem
1543 4128 1849 4181 auctorem
1896 4117 2109 4177 referri
2155 4126 2406 4195 possunt
2451 4117 2522 4178 de
2572 4119 2913 4180 nominihus
2959 4127 3020 4179 et

403 4228 848 4288 constructione
894 4226 1212 4288 verborum
1269 4226 1487 4287 leviora
1533 4234 1676 4287 sunt
1731 4233 1791 4286 et
1853 4223 1924 4285 ab
1971 4224 2101 4284 aliis
2147 4225 2323 4284 etiam
2374 4225 2499 4304 peti
2552 4233 2845 4305 poterant.
2918 4225 3015 4285 illa

402 4350 544 4392 vero
591 4332 664 4392 de
719 4332 933 4395 litteris
979 4342 1039 4394 et
1094 4332 1165 4394 de
1221 4331 1759 4414 praepositionibus
1819 4333 1997 4392 etiam
2054 4333 2113 4391 in
2171 4339 2297 4391 arte
2346 4330 2613 4392 Dosithei
2667 4351 2721 4411 p.
2776 4329 2855 4393 13
2886 4351 3014 4413 sqq.

401 4447 463 4499 et
508 4458 564 4518 p.
611 4437 699 4500 42
728 4457 854 4519 sqq.
903 4442 1123 4520 scripta
1170 4447 1335 4522 sunt,
1391 4448 1452 4500 et
1499 4457 1617 4500 non
1663 4438 1824 4499 nulla
1871 4456 1941 4498 ex
2004 4436 2098 4496 his
2145 4438 2479 4498 accuratius
2525 4456 2701 4517 quam
2749 4457 2815 4499 ea
2862 4457 3012 4519 quae

399 4545 556 4627 apud
616 4543 956 4606 Diomedem
1011 4545 1293 4625 leguntur
1351 4564 1485 4607 cum
1543 4547 1840 4625 excerptis
1894 4543 2087 4604 Bedae
2145 4545 2544 4605 consentiunt.
2617 4562 2799 4623 quare
2857 4545 3013 4607 haud

397 4653 526 4713 scio
574 4669 647 4712 an
694 4650 841 4712 haec
887 4652 978 4712 vel
1024 4671 1095 4713 ex
1143 4655 1271 4733 ipso
1318 4652 1585 4713 Dosithei
1643 4650 1732 4712 vel
1779 4671 1851 4712 ex
1900 4651 2078 4712 simili
2121 4648 2273 4711 libro
2320 4652 2521 4730 potius
2567 4668 2743 4729 quam
2790 4671 2821 4712 a
2879 4652 3011 4713 Dio·

398 4758 570 4820 mede
619 4757 939 4838 repetenda
987 4761 1124 4820 sint.
1198 4759 1409 4820 deinde
1457 4777 1597 4819 vero
1647 4757 1823 4837 Capri
1871 4767 1932 4818 et
1970 4758 2243 4838 Agroecii
2288 4755 2426 4816 libri
2474 4756 2547 4817 de
2594 4757 3011 4839 orthographia

397 4866 748 4945 saepissime
803 4882 836 4925 a
883 4863 1038 4926 Beda
1094 4869 1364 4946 usurpati
1419 4849 1573 4929 sunt.
1665 4882 1799 4925 nam
1856 4872 1918 4926 et
1974 4884 2045 4926 ex
2101 4863 2518 4946 orthographia
2575 4863 2782 4946 Capri,
2834 4883 3012 4944 quem
