3613 5528
586 1379 859 1440 Arusiani
896 1378 1096 1441 Messii
1134 1380 1397 1461 exempla
1445 1380 1845 1443 elocutionum
1883 1380 2321 1444 Lindemannus
2368 1385 2427 1445 in
2473 1386 2665 1463 primo
2712 1384 3007 1445 volumine

411 1489 927 1565 grammaticorum
979 1486 1296 1548 latinorum
1344 1507 1415 1549 ex
1464 1489 1729 1551 Gudiano
1788 1490 1989 1552 codice
2048 1490 2230 1551 edidit
2276 1509 2325 1551 a.
2377 1487 2546 1551 1830
2594 1538 2606 1551 .
2655 1501 2789 1552 ante
2845 1490 3006 1552 hunc

411 1592 668 1673 Angelus
713 1594 902 1656 Maius
948 1593 1203 1656 eundem
1250 1593 1468 1656 librum
1516 1595 1773 1657 Cornelii
1821 1596 2140 1657 Frontonis
2186 1598 2420 1656 nomine
2467 1597 2851 1679 inscriptum,
2897 1597 3000 1659 sed

412 1700 610 1762 multis
656 1701 1087 1762 elocutionibus
1142 1701 1233 1762 vel
1289 1702 1571 1782 exemplis
1626 1705 1862 1764 omissis
1916 1705 1978 1764 in
2026 1702 2359 1763 breviorem
2406 1703 2654 1764 sormam
2701 1703 3005 1765 redactum

410 1827 481 1869 ex
529 1807 915 1870 Ambrosiano
961 1809 1163 1870 codice
1212 1808 1476 1870 ediderat
1520 1828 1636 1871 una
1683 1829 1820 1871 cum
1867 1810 2136 1890 epistulis
2180 1819 2241 1870 et
2276 1809 2642 1872 orationibus
2687 1809 3006 1872 Frontonis

408 1926 532 1977 tum
580 1918 837 1996 primum
885 1916 1058 1977 editis
1104 1914 1415 1977 Mediolani
1461 1934 1509 1977 a.
1554 1914 1741 1998 1815,
1788 1935 1962 1998 quam
2011 1917 2329 1977 editionem
2378 1926 2656 1997 quattuor
2702 1916 3007 1979 codicibus

408 2021 699 2084 Vaticanis
746 2022 1021 2084 adhibitis
1059 2022 1277 2083 Romae
1317 2042 1363 2083 a.
1400 2020 1569 2085 1823
1609 2027 1885 2105 repetivit
1912 2072 1925 2085 .
1956 2043 2064 2104 ego
2102 2026 2163 2084 in
2203 2042 2350 2085 nova
2388 2023 2646 2085 editione
2691 2024 3007 2086 lectionem

407 2128 542 2190 libri
590 2129 659 2190 ad
707 2130 884 2190 fidem
944 2130 1164 2191 codicis
1210 2128 1575 2209 Neapolitani
1637 2130 2027 2193 bibliothecae
2075 2133 2270 2210 regiae
2318 2130 2392 2191 lv
2442 2135 2487 2192 A
2539 2130 2617 2193 11
2668 2150 3006 2212 expressam

408 2236 648 2297 exhibui
695 2284 709 2298 .
763 2240 814 2299 is
882 2239 1037 2298 enim
1106 2255 1178 2297 ex
1242 2245 1441 2298 vetere
1507 2237 1711 2299 codice
1777 2237 2083 2320 Bobiensi,
2149 2256 2266 2317 quo
2331 2238 2455 2298 solo
2522 2241 2796 2300 Arusiani
2857 2238 3008 2299 liber

409 2345 725 2405 memoriae
771 2344 1042 2425 proditus
1088 2352 1243 2425 crat,
1300 2343 1636 2425 descriptus
1691 2356 1784 2407 est
1831 2393 1844 2407 .
1892 2364 1964 2406 ex
2011 2345 2124 2405 hoc
2172 2354 2370 2407 autem
2418 2345 2633 2425 reliqui
2680 2343 2840 2428 libi-i,
2905 2348 3004 2425 qui

409 2468 565 2511 nunc
623 2459 849 2532 extant,
914 2451 1077 2512 ducti
1143 2459 1282 2511 sunt
1330 2498 1342 2511 .
1391 2451 1495 2512 sed
1561 2454 1840 2532 quoniam
1906 2451 2216 2532 depravata
2282 2454 2411 2512 eius
2474 2451 2611 2513 libri
2676 2452 3007 2533 apographa

407 2555 545 2617 olim
583 2575 614 2617 a
655 2557 854 2619 multis
891 2566 1172 2638 usurpata
1211 2567 1377 2640 sunt,
1415 2558 1487 2619 de
1525 2559 1617 2619 his
1656 2577 1892 2639 quoque
1931 2558 2246 2620 dicendum
2285 2567 2406 2640 est,
2455 2567 2521 2621 ut
2548 2558 3008 2641 demonstretur,

406 2680 478 2722 ex
524 2662 740 2742 quibus
787 2664 1051 2726 sontibus
1098 2682 1165 2724 ea
1210 2663 1469 2726 derivata
1515 2667 1665 2748 sint,
1711 2685 1905 2746 neque
1953 2664 2130 2728 ullam
2177 2668 2587 2727 auctoritatem
2634 2664 3005 2727 tribuendam

406 2788 537 2831 esse
584 2771 939 2834 lectionibus
984 2790 1057 2832 ex
1101 2774 1176 2832 iis
1222 2770 1588 2854 depromptis
1634 2767 2113 2858 intellegatur*).

582 2877 967 2940 Bobiensis
1011 2880 1195 2959 igitur
1242 2880 1426 2941 codex
1474 2883 1535 2941 in
1582 2882 1846 2962 catalogo
1895 2881 2166 2944 codicum
2203 2880 2584 2943 Bobiensium
2631 2898 2784 2941 anno
2837 2877 3003 2941 1461

408 2986 585 3067 sacto,
633 3005 809 3066 quem
855 2986 1150 3049 Amedeus
1188 2985 1419 3066 Peyron
1466 2994 1602 3067 post
1648 2987 1952 3049 Ciceronis
2001 2989 2335 3050 orationum
2382 2990 2706 3067 fragmenta
2744 3005 2792 3048 a.
2837 2984 3006 3049 1824

408 3092 618 3176 edidit,
663 3093 1001 3175 descriptus
1049 3102 1139 3155 est
1185 3095 1293 3176 ita,
1340 3113 1395 3174 p.
1436 3091 1520 3155 29
1559 3113 1665 3176 sq.,
1718 3097 1968 3158 ysidori
2010 3099 2279 3174 episcopi
2320 3096 2644 3157 Tmctatus
2690 3097 2766 3156 de
2811 3103 3003 3157 astro-

406 3203 607 3261 nomia
654 3249 668 3262 .
715 3201 1000 3263 Eiusdem
1046 3202 1202 3262 liber
1258 3202 1334 3262 de
1397 3220 1510 3263 usu
1568 3205 1914 3265 litterarum
1958 3249 1974 3265 .
2031 3205 2277 3264 Vsidori
2337 3205 2595 3265 senioris
2658 3204 2814 3264 liber
2863 3220 3004 3279 pro-

405 3310 658 3369 miorum
706 3356 719 3370 .
768 3310 1054 3370 Eiusdem
1116 3310 1270 3371 liber
1337 3311 1412 3370 de
1473 3313 1598 3371 vita
1662 3315 1758 3372 vel
1817 3312 1983 3372 obitu
2048 3318 2399 3373 sanctorum
2462 3313 2570 3385 qui
2638 3312 2703 3370 in
2767 3311 3006 3369 domino

398 3425 861 3490 precesserunt.
883 3418 1168 3479 Eiusdem
1204 3416 1527 3478 Tractatus
1555 3419 1632 3479 de
1659 3421 2162 3496 interpretatione
2190 3421 2493 3479 nominum
2520 3418 2968 3494 hebraycorum
2992 3462 3005 3475 .

413 3520 734 3584 Tractatus
805 3527 1090 3601 velilonqi
1150 3526 1225 3585 de
1290 3525 1732 3602 orthoqraphia
1797 3573 1811 3585 .
1880 3527 2157 3586 Prisiani
2220 3527 2557 3601 qramatici
2616 3527 2713 3586 vel
2765 3531 2945 3601 porte
2991 3571 3004 3583 .

405 3629 737 3691 Adamanti
777 3634 904 3694 sive
946 3635 1220 3694 martirii
1264 3634 1340 3693 de
1378 3632 1436 3691 B
1465 3640 1633 3693 muta
1679 3639 1738 3694 et
1793 3634 1849 3695 U
1878 3635 2078 3695 vocali
2113 3679 2126 3692 .
2165 3633 2258 3693 De
2302 3633 2721 3693 emendatione
2757 3638 2817 3692 et
2850 3633 3006 3691 notis

405 3742 671 3798 veterum
716 3740 1012 3801 librorum
1049 3786 1062 3800 .
1102 3739 1193 3800 De
1238 3741 1730 3801 distinctionibus
1767 3787 1780 3800 .
1822 3741 1913 3800 De
1942 3741 2282 3816 positione.
2313 3741 2642 3815 Auqustini
2682 3738 3005 3799 Tractatus

405 3844 492 3902 ad
525 3850 769 3919 petrum
815 3847 891 3906 de
935 3862 1084 3906 vera
1123 3847 1251 3918 side
1298 3892 1311 3906 .
1367 3846 1615 3907 Ysidori
1657 3849 1926 3923 episcopi
1968 3847 2124 3908 liber
2167 3848 2470 3908 secundus
2517 3847 2593 3906 de
2639 3847 3001 3921 interpreta-

406 3951 630 4010 tatione
674 3954 977 4013 nominum
1021 3953 1472 4029 hebraycorum
1520 3999 1532 4012 .
1587 3952 1786 4014 Ciclus
1833 3956 2108 4030 pascalis
2152 3955 2270 4013 vid.
2316 3953 2528 4012 modus
2574 3954 3008 4013 adinvenienda·

399 4052 620 4129 festum
660 4075 849 4134 pasce
895 4105 909 4119 .
955 4060 1253 4119 Arusiani
1294 4062 1474 4120 messi
1513 4057 1603 4120 55.
1650 4077 1738 4120 or.
1787 4062 2021 4120 comitis
2078 4061 2270 4136 primi
2325 4060 2560 4120 ordinis
2606 4059 3004 4135 Eaeemplaria

405 4165 803 4225 elocutionum
849 4183 929 4226 ex
989 4165 1239 4241 Virqilio
1286 4167 1552 4227 Salustio
1605 4165 1919 4228 Terrentio
1974 4167 2266 4227 Cicerone
2311 4167 2548 4240 digesta
2594 4183 2714 4242 per
2768 4168 3003 4226 litteras

406 4271 752 4346 alphabeti.
782 4276 982 4333 omnia
1027 4275 1452 4350 suprascripta
1499 4276 1564 4333 in
1609 4277 1815 4334 littera
1858 4272 2242 4348 'lonqobarda
2289 4273 2551 4333 obscura
2590 4318 2603 4332 .
2635 4274 2821 4348 parvi
2864 4275 2963 4332 vol
2987 4319 3000 4331 .

406 4393 475 4436 ex
521 4376 633 4438 hoc
680 4379 882 4440 codice
928 4389 1063 4459 post
1111 4397 1327 4440 annnm
1379 4375 1576 4461 1493,
1633 4398 1750 4458 quo
1808 4397 1961 4467 anno
2009 4377 2333 4438 Bobienses
2389 4376 2624 4438 codices
2671 4396 2703 4436 a
2750 4376 3001 4458 Georgio

403 4480 626 4544 Merula
680 4486 951 4548 inventos
1009 4504 1140 4547 esse
1196 4488 1445 4567 scimus,
1511 4494 1748 4566 praeter
1802 4486 1952 4547 Velii
2006 4485 2192 4565 Longi
2255 4494 2316 4547 et
2359 4484 2689 4546 Adamantii
2735 4483 3002 4565 Martyrii

543 4665 593 4736 *)
629 4666 878 4722 Plurima
913 4684 1106 4723 eorum
1143 4684 1287 4736 quae
1324 4668 1394 4723 de
1429 4667 1588 4722 libris
1622 4683 1792 4722 manu
1840 4665 2063 4736 script-is
2101 4665 2361 4720 Arusiani
2406 4679 2575 4734 supra.
2619 4664 2829 4734 scripta
2874 4667 3004 4721 sunt

401 4766 576 4819 nuper
628 4748 688 4803 in
741 4747 926 4802 indice
980 4746 1285 4803 lectionum
1323 4747 1651 4803 Halensium
1699 4746 1896 4801 aestiv.
1934 4762 1984 4800 a.
2026 4751 2163 4800 1879
2201 4744 2460 4815 exposui,
2517 4761 2658 4813 quae
2712 4746 2819 4800 hoc
2875 4745 3001 4800 loco

400 4828 665 4900 repet-ivi,
700 4826 909 4895 nequid
946 4826 1378 4895 desideraretur,
1415 4827 1566 4895 quod
1603 4826 1674 4881 ad
1713 4826 2145 4881 confirmandam
2185 4825 2460 4881 rationem
2497 4825 2555 4879 in
2584 4840 2730 4879 nova
2756 4824 3001 4880 editione

400 4908 716 4963 institutam
752 4906 1073 4976 pertineret.
