3613 5528
1375 320 1515 377 ARS
1572 322 2059 378 GRAMMA'HCA
2886 323 3015 387 413

421 434 462 472 p.
490 425 556 463 ιι.
585 424 636 464 42
664 424 723 465 11.

420 511 696 589 superius
742 526 1113 591 supremum,
1165 508 1321 570 infra
1364 509 1616 571 inferius
1675 509 1905 589 intime,
1951 527 2149 587 prope
2202 511 2450 590 propius
2503 511 2797 592 proxime,
2851 517 3017 572 extra

420 618 683 679 exterius
738 623 1035 699 extremo,
1088 617 1243 679 ultra
1299 616 1550 678 ulterius
1607 615 1844 698 ultimo,
1898 617 2048 678 citra
2102 618 2348 678 citerius
2404 617 2619 678 citime.
2717 636 2902 698 penes
2956 624 3018 680 et

417 727 657 806 penitus
703 743 823 787 non
867 724 1089 787 habent
1135 743 1205 787 ex
1264 743 1328 785 se
1385 725 1779 804 comparativa
1836 741 1947 785 nec
2006 723 2387 807 superlativa,
2442 731 2510 786 ut
2563 742 2743 805 supra
2797 726 3017 806 scripta

420 831 709 895 adverbia.

364 1038 392 1078 ⁵
1281 1025 1401 1091 DE
1449 1023 2149 1092 PRAEPOSITIONE

593 1173 959 1252 Praepositio
1021 1178 1113 1233 est
1166 1190 1308 1253 pars
1362 1173 1675 1254 orationis,
1739 1189 1890 1252 quae
1956 1173 2290 1252 praeposita
2354 1170 2452 1233 alii
2515 1172 2670 1252 parti
2733 1173 3017 1232 orationis

418 1281 905 1359 significationem
951 1281 1082 1341 eius
1129 1281 1399 1341 immutat
1445 1286 1547 1342 aut
1591 1278 1797 1361 implet
1834 1287 1936 1342 aut
1973 1278 2301 1360 simplicem
2338 1286 2562 1357 servat,
2607 1288 2674 1340 ut
2710 1277 2970 1340 inscribo
3001 1325 3015 1339 .

416 1389 919 1467 praepositionum
984 1386 1128 1449 aliae
1195 1405 1430 1467 semper
1496 1395 1934 1468 componuntur
1999 1404 2136 1447 cum
2200 1385 2329 1447 aliis
2390 1384 2660 1467 partibus
2715 1386 3018 1468 orationis²

416 1496 497 1554 ita
543 1502 611 1556 ut
655 1498 720 1556 in
767 1497 1055 1557 unitatem
1099 1496 1337 1556 veniant
1372 1514 1567 1574 neque
1607 1512 1885 1575 umquam
1925 1496 2239 1575 separatim
2278 1493 2568 1556 dicantur.
2642 1502 2782 1555 sunt
2818 1499 3014 1554 autem

341 1613 392 1653 1⁰
419 1599 555 1682 hae,
609 1619 723 1662 con
770 1620 840 1662 co
887 1620 953 1662 re
1001 1602 1061 1663 di
1106 1601 1198 1663 dis
1244 1619 1335 1684 am
1382 1620 1474 1683 se,
1532 1610 1599 1662 ut
1652 1600 1998 1681 conplector
2051 1619 2343 1681 coarguor
2387 1619 2592 1662 resero
2638 1600 2852 1662 diduco
2898 1599 3015 1662 dis-

418 1725 597 1768 curro
643 1708 967 1789 amplector
1012 1709 1226 1770 secedo
1272 1756 1286 1770 .
1335 1708 1478 1770 aliae
1536 1711 1621 1770 sic
1677 1716 2057 1791 separantur,
2112 1716 2179 1769 ut
2233 1726 2555 1788 numquam
2608 1711 2668 1770 in
2724 1710 3016 1770 unitatem

420 1816 652 1886 veniant
688 1834 824 1878 cum
861 1816 989 1878 aliis
1027 1815 1295 1897 partibus
1331 1816 1642 1897 orationis,
1688 1823 1756 1876 ut
1801 1814 1954 1895 apud
1998 1833 2199 1895 penes.
2292 1812 2435 1876 aliae
2475 1821 2535 1876 et
2570 1815 3015 1895 coniunguntur

419 1929 478 1982 et
523 1931 900 2005 separantur,
944 1931 1011 1984 ut
1056 1922 1168 1984 sub
1215 1941 1285 1982 ex
1334 1924 1396 1983 in
1442 1922 1515 1983 de
1561 1941 1669 2003 pro
1717 1921 1806 1983 ab.

595 2028 747 2091 Sunt
809 2032 1279 2111 praepositiones
1346 2048 1496 2109 quae
1562 2031 1896 2091 accusativo
1952 2032 2116 2092 casui
2177 2038 2404 2091 tantum
2461 2030 2756 2113 serviunt,
2821 2039 2889 2092 ut
2944 2032 3016 2093 ad

338 2147 390 2189 15
414 2127 612 2215 πρός,
677 2135 830 2216 apud
895 2127 1116 2217 παρά,
1171 2143 1306 2198 ante
1351 2128 1513 2220 πρό,
1573 2137 1885 2198 adversum
1943 2131 2321 2219 κατέναντι,
2385 2143 2591 2199 contra
2643 2132 3015 2217 κατέναντι,

418 2243 573 2303 circa
634 2241 820 2324 περί,
893 2246 979 2305 cis
1044 2236 1259 2323 ἐντός,
1334 2246 1483 2305 citra
1546 2236 1762 2323 ἐντός,
1824 2246 2051 2305 circum
2103 2243 2284 2328 περί,
2339 2247 2579 2307 circiter
2631 2242 2812 2328 περί,
2876 2264 3015 2326 erga

414 2348 592 2430 περί,
675 2358 837 2412 extra
910 2343 1122 2430 ἐκτός,
1195 2354 1349 2413 intra
1423 2343 1638 2430 ἐντός,
1720 2353 1879 2413 inter
1949 2343 2221 2432 μεταξύ,
2302 2353 2464 2412 iuxta
2538 2343 2736 2432 ἐγγύς
2806 2345 3014 2432 ἐντός,

414 2457 565 2518 infra
638 2448 980 2537 ὑποκάτω,
1055 2460 1116 2520 ἰιι
1186 2450 1384 2538 κατά,
1456 2458 1532 2519 ob
1606 2449 1717 2520 διά
1730 2503 1749 2538 ,
1822 2466 1958 2539 post
2030 2451 2221 2539 μετά,
2295 2468 2540 2540 propter
2612 2451 2756 2539 διά,
2828 2478 3014 2541 prope

416 2556 640 2645 ἐγγύς,
687 2583 841 2646 pone
888 2554 1101 2628 ὀπίσω
1148 2557 1464 2644 ὄπισθεν,
1518 2572 1755 2647 praeter
1812 2557 2161 2648 παρεκτός,
2218 2585 2402 2648 penes
2450 2558 2669 2646 ἐντός,
2724 2585 2831 2648 per
2878 2559 3014 2647 διά,

336 2686 388 2725 20
416 2670 622 2734 subter
659 2671 871 2735 subtus
909 2672 1020 2734 sub
1058 2663 1220 2752 ὑπό,
1257 2673 1585 2735 secundum
1623 2665 1817 2755 κατά,
1863 2692 2044 2754 super
2082 2666 2341 2754 ἐπάνω,
2389 2693 2568 2756 supra
2604 2665 2804 2757 ὑπέρ,
2849 2683 3014 2738 trans

412 2775 654 2863 πέραν,
699 2800 893 2861 usque
938 2774 1191 2862 μέχρις,
1236 2780 1391 2842 ultra
1436 2771 1635 2862 ὖπέρ;
1682 2789 1822 2855 sunt
1865 2783 2335 2862 praepositiones
2372 2801 2522 2863 quae
2561 2781 2809 2844 ablativo
2849 2786 3014 2846 casui
3061 2768 3069 2779 ’

415 2889 708 2971 serviunt,
764 2894 829 2949 ut
874 2907 906 2949 a
946 2890 958 2965 Ι
996 2879 1157 2967 ἀπό,
1213 2886 1285 2949 ab
1333 2886 1437 2949 abs
1482 2879 1645 2966 ἀπό,
1702 2907 1839 2949 cum
1894 2881 2085 2970 μετά,
2141 2908 2341 2951 coram
2386 2886 2522 2970 ἐπί,
2578 2891 2651 2952 de
2707 2890 2885 2971 περί,
2940 2909 3014 2953 ex

414 2988 484 3056 ἐκ
529 2985 694 3075 ἀπό,
739 2996 800 3056 in
847 2990 952 3073 ἐν,
998 3014 1107 3075 pro
1154 2986 1354 3076 ὑπέρ,
1400 3015 1542 3076 prae
1591 2988 1736 3075 διά,
1783 2998 1912 3058 sine
1958 2988 2122 3058 ἄνευ
2168 2997 2397 3077 χωρίς,
2446 3017 2627 3079 super
2671 2996 2852 3080 περί,
2900 2997 3011 3059 sub

413 3092 575 3182 ὑπό,
611 3110 788 3165 tenus
823 3098 1043 3185 μέχρις
1081 3104 1393 3183 utriusque
1435 3121 1634 3185 casus,
1670 3105 1731 3163 in
1770 3100 1881 3163 sub
1922 3121 2101 3183 super
2139 3101 2372 3164 subter:
2418 3112 2484 3164 ut
2521 3103 2592 3164 ad
2632 3103 3011 3177 Sacerdotem

334 3223 387 3263 25
414 3202 581 3290 πρὸς
625 3203 1061 3293 Σακέρδωτα,
1118 3220 1250 3272 ante
1299 3209 1557 3272 tribunal
1601 3201 1729 3293 πρὸ
1777 3207 1899 3272 τοῦ
1954 3202 2275 3292 βήματος,
2330 3212 2486 3271 circa
2548 3209 2809 3272 scholam
2861 3206 3012 3294 περὶ

411 3307 537 3397 τὴν
592 3310 867 3399 σχολήν,
931 3320 1158 3380 circum
1213 3336 1417 3379 muros
1470 3309 1620 3398 περὶ
1673 3309 1756 3378 τὰ
1808 3315 2020 3397 τείχη,
2085 3319 2172 3377 cis
2226 3319 2456 3378 Renum
2514 3309 2702 3390 ἐντὸς
2742 3309 3011 3400 Ῥήνου,

414 3434 618 3488 contra
666 3423 928 3487 Tiberim
991 3421 1341 3489 κατέναντι
1405 3421 1526 3487 τοῦ
1590 3418 1944 3506 Τιβέρεως,
2009 3426 2158 3486 citra
2212 3426 2532 3485 terminum
2588 3416 2778 3499 ἐντὸς
2821 3416 3010 3506 ὅρου,

415 3551 552 3612 erga
599 3532 753 3594 filios
798 3526 948 3613 περὶ
996 3525 1075 3596 τὰ
1130 3528 1358 3611 τέκνα,
1423 3540 1589 3593 extra
1654 3533 1950 3591 civitatem
2005 3523 2190 3605 ἐκτὸς
2240 3522 2524 3611 πόλεως,
2587 3534 2743 3594 intra
2809 3552 3012 3596 muros

414 3631 601 3715 ἐντὸς
653 3638 922 3722 τειχῶν,
979 3643 1137 3703 inter
1193 3644 1413 3703 amicos
1467 3631 1712 3720 μεταξὺ
1764 3639 2015 3719 φίλων,
2077 3643 2240 3701 iuxta
2295 3638 2591 3701 basilicam
2648 3631 2844 3720 ἐγγὺς
2895 3637 3013 3720 τῆς

590 3794 771 3851 Codex
808 3795 1199 3866 Sangallensis.
1304 3801 1329 3850 1
1379 3811 1552 3866 prope
1589 3812 1690 3851 om.
1864 3800 1897 3850 5
1942 3795 2039 3850 DE
2093 3792 2677 3850 PRAEPOSITIONE
2732 3810 2831 3849 ont.
2978 3803 3010 3849 6

411 3875 733 3947 praeposita
767 3875 959 3946 aliqua
993 3878 1155 3948 parte
1319 3883 1348 3931 7
1385 3875 1647 3933 immutat
1683 3880 1782 3932 aut
1818 3875 2020 3948 implet
2055 3877 2179 3949 aut]
2233 3875 2421 3930 imitat
2464 3876 2635 3944 atque
2680 3873 2918 3945 impleta
2952 3876 3012 3930 in

482 3961 515 4009 9
551 3954 613 4009 in
648 3971 751 4011 om.
916 3961 982 4010 10
1018 3953 1135 4026 am]
1173 3972 1244 4010 an
1412 3961 1473 4010 11
1515 3957 1579 4011 nt.
1612 3974 1880 4026 umquam
2047 3964 2112 4011 12
2150 3956 2277 4012 aliis
2314 3953 2624 4026 participiis
2661 3957 2724 4009 ut
2883 3972 3009 4010 con-

414 4032 742 4107 iunguntur]
781 4037 1135 4093 continentur
1261 4043 1328 4093 14
1366 4035 1612 4093 seruiant
1749 4042 1815 4092 15
1853 4040 1983 4093 ante
2020 4057 2231 4108 προτου
2270 4038 2465 4092 contra
2499 4053 2798 4089 κατεναντι
2943 4042 3010 4091 16

412 4113 554 4170 citra
589 4134 750 4178 εκτος
785 4116 993 4172 circum
1155 4124 1222 4173 22
1260 4134 1328 4172 ex
1365 4137 1516 4173 καπο
1676 4124 1745 4172 23
1790 4113 1956 4189 ἄνευ]
2006 4135 2149 4172 ανσυ
2314 4122 2383 4170 24
2434 4116 2624 4170 subter
2675 4131 2775 4177 om.
2939 4120 3007 4169 25

411 4197 834 4264 προσακερδοτα
976 4197 1185 4253 scolam
1328 4203 1395 4251 27
1436 4216 1732 4265 εκτοςορου
1877 4203 1945 4252 29
1983 4197 2440 4266 γυςτηβασιλικης

589 4333 622 4383 5
659 4328 755 4383 DE
792 4327 1401 4401 PRAEPOSITIONE]
1442 4329 1656 4385 charis.
1676 4348 1737 4399 p.
1766 4335 1935 4396 230st
1964 4331 2144 4385 Diom.
2170 4347 2228 4399 p.
2258 4333 2471 4394 428,26
2500 4327 2704 4383 Donat.
2725 4345 2786 4397 p.
2808 4334 3008 4398 389,19

484 4416 516 4464 6
552 4408 873 4480 praeposita
925 4407 1024 4463 alii
1079 4407 1230 4478 parti
1275 4408 1545 4465 orationis
1588 4410 2054 4481 significationem
2101 4408 2218 4463 eius
2262 4407 2525 4462 immutat
2552 4409 2661 4462 ‘ant
2696 4408 3009 4478 simplicem

412 4490 597 4543 servat
634 4488 948 4554 Charisius,
1003 4488 1329 4558 praeposita.
1382 4489 1508 4544 aliis
1563 4490 1820 4560 partibus
1865 4489 2130 4546 orationis
2167 4488 2630 4558 significationem
2666 4504 2859 4543 earnm
2912 4492 3011 4544 aut

411 4569 596 4623 mutat
629 4569 730 4623 aut
764 4566 1007 4649 complet
1042 4569 1142 4622 aut-
1169 4567 1375 4623 minuit.
1408 4569 1669 4625 Donatus
1779 4577 1846 4625 14
1882 4570 2330 4642 Praepositiones
2349 4586 2493 4638 quae
2513 4568 2835 4625 accusatino
2855 4570 3009 4625 casui

410 4647 662 4703 seruiunt
712 4648 819 4703 hae
874 4649 1004 4702 sunt
1040 4678 1108 4687 -
1144 4653 1338 4717 414,13
1385 4666 1648 4705 reuocare
1685 4649 1852 4707 co'deoe
1890 4651 2246 4707 Monacensis
2283 4655 2389 4706 601
2427 4650 2551 4719 (M)
2696 4654 2761 4705 15
2798 4668 3009 4719 προτου

409 4728 541 4782 anto
571 4729 581 4798 Ι
611 4745 914 4783 κατεναντι
949 4729 1246 4784 aduersum
1276 4734 1287 4799 Ι
1316 4748 1606 4808 περιενὶος
1634 4729 1781 4787 cirea
1806 4731 1886 4787 cis
1918 4732 2006 4799 M,
2040 4732 2140 4787 ubi
2175 4735 2301 4787 ante
2335 4748 2636 4785 κατεναντι
2673 4731 3011 4806 adscriptum

409 4813 487 4863 est
521 4807 720 4862 contro.
878 4814 946 4863 ‘24
981 4808 1041 4864 in
1076 4810 1178 4865 sub
1215 4826 1381 4879 super
1416 4810 1547 4865 subt
1582 4811 1658 4865 Μ
