3613 5528
1379 437 1476 492 DE
1514 437 2091 494 ORTHOGRAPHIA
2911 434 3041 498 273

433 554 476 591 p.
502 539 622 581 2785.
652 540 705 581 sc
733 538 785 579 ι».
3042 528 3051 542 ’

609 622 839 685 Fornax
877 641 1097 702 genere
1136 623 1419 686 feminino
1446 623 1565 686 dici
1601 623 1806 707 debet,
1844 613 1982 703 quia
2018 643 2126 704 per
2155 623 2621 684 deminutionem
2661 622 2800 682 facit
2848 622 3041 681 sorna-

438 730 597 813 cula,
642 749 760 792 non
807 730 1169 792 furunculus,
1207 813 1213 818 θ

612 836 829 900 Falanx
877 837 1129 898 militum
1178 836 1426 919 dicitur,
1476 823 1703 917 falanga
1751 838 1927 899 fustis
1974 841 2073 900 cui
2119 838 2262 918 quid
2309 838 2616 918 deligatur.

287 933 332 972 “
609 944 832 1027 Fedus,
879 945 1039 1024 quod
1085 951 1178 1006 est
1219 944 1529 1027 deformis,
1574 964 1684 1026 per
1721 966 1754 1006 e
1794 946 1977 1007 solam
2016 944 2425 1027 scribendum,
2471 944 2709 1024 foedus,
2754 941 2913 1023 quod
2952 953 3046 1004 est

385 1070 411 1108 s
436 1061 698 1134 pactum,
743 1070 852 1132 per
898 1071 970 1114 oe
1017 1052 1442 1133 diphthongon.

610 1159 931 1221 Formosus
978 1161 1108 1220 sine
1157 1178 1225 1241 n,
1272 1160 1429 1221 sicut
1474 1161 1800 1240 speciosus.

611 1266 896 1328 Fructum
944 1284 1082 1326 cum
1126 1265 1275 1327 dicis
1323 1267 1445 1326 sive
1509 1261 1752 1349 scribis,
1808 1285 1842 1327 c
1887 1266 2181 1329 secundae
2238 1266 2490 1347 syllabae
2547 1268 2772 1348 iungis3
2828 1267 3047 1327 iactum

437 1381 495 1433 et
543 1373 745 1434 fictum
789 1371 1064 1434 similiter
1110 1379 1430 1452 ceteraque
1475 1372 1656 1435 huius
1697 1373 1875 1435 modi.
2182 1446 2193 1452 ‚

612 1478 780 1541 Falso
812 1488 873 1542 et
899 1498 1116 1541 nomen
1144 1487 1205 1541 et
1231 1479 1480 1542 verbum
1504 1487 1565 1541 et
1592 1479 1938 1542 adverbium
1968 1488 2076 1563 est,
2106 1498 2324 1542 nomen
2350 1479 2585 1541 ablativi
2614 1497 2806 1562 casus,
2833 1478 2906 1540 ab
2934 1479 3048 1540 hoc

362 1602 412 1641 ιο
440 1585 609 1668 l'also;
645 1585 894 1650 verbum
929 1590 1155 1669 primae
1185 1573 1635 1669 coniugationi3‚
1664 1588 1811 1649 salso
1850 1587 2053 1670 falsas3
2089 1586 2451 1668 adverbium,
2481 1594 2550 1648 ut
2587 1587 2731 1648 salso
2768 1586 3047 1668 loqueris.

610 1691 856 1773 Flagitia
903 1712 1054 1774 quae
1100 1696 1164 1756 in
1210 1695 1389 1756 deum
1434 1713 1779 1777 peccamus,
1827 1696 2085 1756 facinora
2132 1713 2284 1774 quae
2311 1674 2392 1755 ‘in
2437 1693 2756 1756 hominem.

611 1798 822 1879 Flagro
868 1819 1070 1863 amore
1117 1810 1180 1862 et
1224 1801 1404 1862 ardeo
1451 1819 1650 1862 amore
1698 1819 1770 1863 ex
1820 1818 1939 1862 uno
1986 1818 2200 1879 graeco
2244 1803 2409 1862 venit
2456 1799 2739 1881 καίομαι.

611 1906 829 1968 Fidens
866 1925 1001 1969 sum
1035 1910 1217 1970 animi
1254 1917 1318 1971 et
1352 1913 1565 1971 animo.
1631 1909 1784 1970 fidus
1823 1911 2050 1970 amicus
2078 1910 2219 1983 erit,
2256 1907 2491 1970 fidelem
2528 1908 2813 1970 famulum
2850 1908 3047 1970 dicito.

439 2014 578 2073 item
615 2013 805 2075 fidelis
842 2014 935 2097 fit,
979 2024 1048 2077 ut
1084 2015 1323 2077 domino
1362 2033 1572 2077 servus
1582 2064 1601 2098 ,
1648 2015 1802 2077 fidus
1852 2022 2088 2076 natura:
2132 2016 2215 2076 ita
2253 2013 2402 2076 alter
2439 2022 2708 2095 tempore
2745 2016 3048 2094 cognosci·
3132 2016 3145 2028 ’

365 2132 414 2172 1⁵
439 2128 555 2201 tur,
599 2119 748 2182 alter
794 2139 1030 2203 semper
1075 2124 1391 2186 invenitur.

613 2227 817 2290 Fimus
863 2237 925 2291 et
969 2230 1171 2291 fumus
1226 2228 1515 2309 pluralem
1562 2247 1880 2291 numerum
1926 2247 2046 2290 non
2087 2223 2097 2308 Ι
2139 2227 2383 2309 habent,
2439 2228 2625 2288 fames
2672 2226 2944 2289 similiter
2989 2235 3048 2288 et
3164 2251 3189 2270 ·

441 2333 675 2395 faenum
719 2343 782 2395 et
835 2334 929 2396 sel.
1003 2335 1269 2397 furfures
1314 2343 1375 2396 et
1431 2336 1590 2412 freni,
1630 2336 1957 2397 masculina
2003 2353 2241 2416 semper
2291 2334 2565 2416 pluralia,
2623 2334 2727 2396 sed
2774 2341 2837 2395 et
2881 2334 3047 2395 frena

441 2448 501 2500 et
553 2439 812 2501 frenum‘
843 2442 1195 2503 invenimus
1245 2435 1370 2502 'far
1425 2441 1791 2504 frumentum
1851 2448 1911 2502 et
1965 2450 2163 2503 cetera
2223 2442 2461 2521 frugum
2517 2443 2755 2524 nomina
2814 2458 3051 2520 semper

442 2546 785 2629 singularia,
841 2550 1109 2628 quamvis
1163 2548 1460 2611 frumenta
1505 2558 1566 2611 et
1622 2548 1848 2610 hordea
1903 2548 2183 2629 legamus.
2258 2549 2460 2610 fauces
2515 2547 2873 2628 singularem
2931 2565 3091 2637 nonv

368 2664 420 2703 ²⁰
445 2652 688 2736 habent,
736 2657 1002 2736 quamvis
1048 2664 1110 2717 et
1155 2657 1292 2717 faux
1337 2657 1723 2718 inveniamus,

617 2761 797 2825 Fidus
843 2761 1165 2825 fidissimus
1203 2764 1669 2843 comparativum
1708 2781 1826 2825 non
1870 2761 2072 2847 habet,
2104 2762 2209 2827 sed
2255 2781 2365 2844 pro
2402 2780 2474 2823 eo
2512 2761 2829 2824 dicendum
2868 2762 3052 2841 magis

443 2866 593 2929 fidus
638 2870 901 2948 itemque
948 2888 981 2930 e
1030 2871 1331 2931 contrario
1377 2871 1574 2931 minus
1620 2868 1790 2930 fidus.

616 2974 830 3037 Facilis
876 2975 1217 3058 facillimus,
1260 2994 1382 3038 non
1431 2974 1838 3057 facilissimus,
1885 2978 1972 3037 sic
2011 2984 2072 3037 et
2116 2974 2498 3037 difficillimus
2544 2984 2605 3036 et
2649 2978 2711 3052 in
2758 2973 3052 3036 adverbiis

442 3080 611 3142 facile
647 3081 950 3164 facillime,
994 3081 1233 3143 difficile
1271 3081 1572 3144 difficilius
1608 3082 1971 3144 difficillime.
2034 3100 2148 3143 nec
2186 3081 2437 3143 dicimus
2473 3081 2727 3144 faciliter
2764 3090 2866 3143 aut
2902 3081 3052 3142 diffi-

370 3200 420 3241 25
448 3187 656 3270 ciliter,
701 3190 938 3251 tametsi
985 3196 1216 3250 veteres
1263 3187 1558 3249 dixerunt.
2028 3187 2032 3191 ⁴

615 3294 840 3376 Fulgeo
887 3303 949 3356 et
995 3293 1175 3356 fulcio
1222 3292 1478 3355 eundem
1524 3291 1747 3354 habent
1800 3293 2135 3373 perfectum
2190 3293 2345 3356 fulsi.
2420 3295 2568 3357 frico
2623 3296 2803 3356 fricas
2859 3296 3052 3375 fricui,

447 3400 596 3480 frigo
642 3401 810 3482 frigis
856 3403 1010 3464 frixi.
2736 3384 2741 3389 ’

617 3507 871 3570 Facinus
925 3517 987 3570 et
1041 3510 1303 3570 facinora
1362 3527 1480 3569 non
1536 3506 1727 3569 solum
1783 3517 2052 3590 peccata,
2117 3508 2223 3570 sed
2285 3509 2598 3589 aliquando
2656 3510 2833 3571 etiam
2897 3507 3052 3575 bona

446 3632 622 3694 opera
667 3616 1004 3697 designant:
1051 3635 1268 3678 nomen
1314 3636 1346 3677 a
1395 3615 1664 3677 faciendo
1711 3617 2045 3696 figuratum.

368 3732 422 3773 ⁸⁰
617 3721 859 3786 Fratres
888 3723 1170 3786 dicuntur
1199 3740 1319 3784 non
1357 3721 1550 3783 solum
1587 3740 1783 3783 mares
1823 3741 1893 3782 ex
1931 3721 2119 3783 isdem
2158 3721 2505 3803 parentibus
2543 3724 2693 3798 nati,
2732 3720 2836 3783 sed
2875 3722 3051 3781 etiam

443 3828 738 3891 masculus
793 3837 854 3891 et
909 3832 1125 3892 semina
1180 3832 1302 3890 sive
1358 3828 1562 3909 plures
1619 3829 1933 3907 utriusque
1990 3847 2170 3891 sexus
2224 3828 2433 3891 eodem
2493 3837 2661 3910 patre
2717 3827 2808 3889 vel
2865 3834 3051 3888 matre

443 3934 642 3997 eadem
690 3939 956 4017 generati
1002 3936 1218 3998 fratres
1264 3936 1601 4016 promiscue
1648 3940 1950 3995 vocantur.

615 4042 761 4103 Gula
807 4042 1151 4124 dicendum,
1198 4061 1318 4104 non
1364 4041 1518 4124 gyla,
1567 4042 1703 4120 quia
1748 4060 1784 4120 y
1830 4039 2087 4102 litteram
2147 4041 2305 4103 nulla
2346 4061 2456 4104 vox
2504 4049 2707 4103 nostra
2753 4039 3046 4101 adsciscit.

617 4194 644 4242 1
687 4188 847 4260 qnia]
887 4203 1001 4257 qua
1039 4187 1116 4242 M
1148 4186 1247 4257 qui
1282 4186 1341 4240 P
1475 4193 1507 4242 8
1545 4183 1757 4239 falsianx
1796 4199 1936 4238 com
1972 4184 2162 4241 falanx
2202 4188 2277 4242 M
2308 4188 2461 4244 salax
2497 4188 2553 4241 P
2669 4185 2964 4255 delegatm
2999 4183 3052 4237 L

547 4271 583 4320 4
617 4267 792 4339 quod]
832 4266 930 4337 qui
963 4272 1193 4338 utroque
1228 4268 1344 4322 loco
1382 4266 1440 4320 P
1614 4281 1714 4336 per
1750 4280 1781 4318 e
1820 4264 1999 4319 solam
2036 4267 2112 4321 M
2138 4284 2240 4337 per
2275 4269 2454 4325 solam
2491 4285 2522 4323 e
2559 4268 2610 4322 L
2645 4283 2748 4337 pet
2783 4283 2815 4321 e
2855 4264 2913 4318 P

447 4349 478 4396 5
505 4361 629 4400 cum
658 4362 726 4401 oe
747 4346 1107 4418 diphthongo
1134 4346 1511 4417 (scribendum
1540 4345 1670 4401 add.
1703 4346 1804 4414 M)
1844 4344 1974 4399 ML
2083 4352 2148 4401 12
2185 4347 2358 4418 flag-ro
2386 4348 2440 4402 L
2466 4348 2671 4417 flagi-or
2701 4346 2776 4401 M
2798 4344 2975 4414 flagor
3001 4342 3060 4396 P

514 4419 778 4483 ΚὸΟΛὸΥ
818 4426 893 4480 Μ
928 4422 1126 4486 Kamul
1167 4427 1224 4481 Ρ
1254 4421 1508 4487 movim
1545 4424 1599 4478 L
1745 4430 1812 4479 16
1851 4426 1910 4479 eb
1946 4430 2073 4481 ante
2107 4426 2334 4482 faenum
2369 4444 2471 4482 om.
2513 4427 2586 4479 M
2595 4425 2706 4480 PL
2836 4429 2901 4478 17
2938 4422 3050 4476 fur-

449 4499 617 4574 fures]
654 4503 807 4560 fures
845 4505 921 4559 M
1066 4513 1131 4561 19
1167 4505 1408 4576 legimus
1448 4505 1504 4559 P
1645 4512 1714 4560 20
1751 4505 2068 4561 inuenimus
2107 4505 2217 4559 PL
2254 4559 2260 4565 ,
2359 4512 2424 4561 21
2463 4522 2576 4560 non
2614 4504 2827 4559 habent
2865 4503 2940 4556 Μ

446 4585 511 4635 22
546 4599 578 4637 e
613 4599 713 4639 om.
741 4583 799 4638 P
919 4591 988 4641 23
1024 4602 1138 4642 non
1173 4586 1556 4642 facillissimus
1595 4584 1731 4639 ML
1841 4590 1908 4639 25
1947 4585 2204 4642 dixerunt
2234 4587 2291 4641 P
2321 4592 2373 4641 et
2400 4585 2687 4641 Charisius
2717 4601 2780 4653 p.
2808 4586 2930 4649 114,
2958 4586 3051 4647 18,

449 4658 683 4718 dixerint
730 4663 868 4717 ML
1045 4672 1114 4720 27
1163 4664 1312 4736 frigo
1355 4663 1514 4735 frigia
1558 4663 1690 4718 frixi
1735 4663 1834 4721 Ls
1878 4664 2024 4734 frigo
2068 4666 2243 4737 frigas
2286 4665 2460 4735 frigui
2510 4664 2665 4719 MP:
2715 4663 2785 4731 cf.
2835 4663 3048 4718 Charis.

440 4755 499 4808 p.
526 4745 657 4808 247,
683 4747 761 4799 23
797 4743 978 4814 frigeo
1015 4742 1186 4816 friges
1223 4745 1354 4800 frixi
1390 4746 1450 4800 et
1483 4742 1628 4813 frigo
1665 4742 1825 4814 frigis
1859 4745 1991 4799 frixi
2115 4752 2184 4800 30
2223 4762 2292 4801 ex
2318 4743 2540 4799 hisdem
2576 4743 2903 4815 parentibus
2928 4744 3052 4799 nati

449 4836 514 4875 ex
547 4823 763 4881 hisdem
804 4824 860 4879 P
990 4831 1056 4880 31
1095 4824 1332 4881 masculi
1368 4827 1427 4881 et
1461 4822 1706 4880 feminae
1742 4824 1862 4880 siue
1898 4826 2088 4895 plures
2125 4828 2415 4895 utriusque
2443 4842 2607 4881 sexus
2645 4825 2741 4882 Ls
2810 4852 2817 4857 ·
2885 4823 3050 4879 utris·

451 4917 555 4968 que
588 4919 748 4959 nexus
786 4904 844 4958 P
875 4903 1175 4973 utrumque
1214 4920 1348 4959 sexu
1389 4903 1460 4959 M
1601 4904 1661 4958 et
1697 4904 1894 4959 eadem
1930 4908 2111 4960 matre
2149 4905 2244 4963 Le

554 5009 861 5042 omnum
887 5010 1061 5042 nri-1¹1
1097 5011 1188 5042 vn.
2558 4996 2623 5046 18
