3613 5528
1237 435 1585 490 EXEMPLA
1622 434 2147 491 ELOCVTIONVM
2865 435 2996 500 4ὁό

399 549 440 586 p.
469 538 563 577 214.
593 537 671 578 215
701 536 751 578 L.
2494 541 2497 542 ’

400 620 534 683 Ter.
581 619 742 681 Adel.
791 622 868 694 (J.
899 621 1077 696 2,73)
1127 639 1293 682 ecce
1342 628 1572 683 autem
1621 620 1701 682 de
1767 623 2082 702 integro,
2146 622 2264 681 Cic.
2307 637 2424 697 pro
2480 622 2749 681 Cluentio
2796 619 2998 694 (928)

403 730 486 789 de
533 731 823 804 inteqro
872 729 1089 790 funus
1137 731 1271 789 iam
1318 729 1604 809 sepulto
1655 728 1821 790 filio
1870 730 2048 789 facit
2094 776 2106 788 .

579 836 856 915 Adprima
904 836 995 897 vel
1049 835 1339 919 adprime,
1396 834 1564 915 Ver-g.
1617 856 1785 912 qeor.
1849 834 1899 895 II
1956 828 2140 918 (134)
2198 833 2337 895 flos
2391 835 2706 915 adprima
2762 845 3000 916 tenax,

403 941 537 1001 Ter.
586 941 731 1002 And.
781 944 853 1016 (I
889 943 1061 1018 1,34)
1108 943 1424 1024 adprime
1484 947 1554 1004 in
1611 947 1761 1004 vita
1810 961 1964 1004 esse
2018 946 2222 1018 utile,
2288 945 2444 1003 idem
2492 944 2677 1020 Hecy.
2724 944 2832 1017 (II
2869 943 3000 1018 2,5)

325 1063 351 1101 5
408 1051 583 1109 meis
629 1068 734 1110 me
781 1049 1115 1111 omnibus
1162 1052 1311 1111 scio
1359 1068 1516 1110 esse
1564 1049 1879 1130 adprime
1929 1048 2446 1128 obsequentem
2495 1097 2507 1109 .

582 1157 669 1217 Ad
715 1175 825 1237 pro
873 1175 1093 1237 usque,
1142 1155 1308 1237 Verg.
1357 1176 1517 1237 geor.
1565 1156 1673 1217 lIII
1721 1157 1906 1230 (428)
1955 1155 2034 1216 ad
2084 1155 2322 1217 limum
2372 1156 2594 1217 radiis
2644 1157 3004 1236 tepefacta

407 1264 837 1344 coquebant,
883 1263 1038 1326 idem
1087 1265 1230 1325 Aen.
1277 1263 1323 1324 V
1370 1264 1563 1338 (687)
1612 1266 1671 1324 si
1718 1264 2024 1324 nondum
2075 1282 2335 1324 exosus
2382 1265 2459 1325 ad
2510 1282 2738 1325 unum.

587 1371 856 1432 adfectat
915 1370 1072 1432 illam
1140 1390 1295 1450 rem,
1379 1370 1544 1451 Verg.
1610 1389 1770 1451 geor.
1837 1369 1944 1429 IIII
2027 1371 2216 1443 (562)
2294 1373 2611 1451 viamque
2686 1371 3008 1434 adfectat

410 1476 731 1558 Olympo,
778 1477 913 1539 Ter.
959 1476 1166 1539 Heaut.
1215 1480 1322 1553 (II
1358 1479 1546 1552 3260)
1593 1479 1670 1539 ad
1721 1477 2037 1538 dominas
2085 1481 2203 1558 qui
2252 1478 2569 1540 adfectat
2614 1471 2806 1541 viam'.

335 1601 385 1638 ιο
588 1583 890 1646 Ambobus
936 1604 1044 1665 pro
1093 1587 1392 1667 utrisque,
1452 1588 1625 1662 Vero.
1674 1587 1817 1645 Aen.
1864 1583 1889 1643 Ι
1936 1584 2123 1656 (458)

721 1691 1011 1753 Atridas
1058 1692 1556 1772 Priamumque
1605 1700 1675 1752 et
1721 1709 2001 1752 saevum
2050 1689 2387 1753 ambobus
2433 1693 2723 1758 Vlixem.

590 1799 806 1860 Amens
852 1802 1056 1881 animi,
1102 1799 1271 1880 Verg.
1319 1802 1460 1861 Aen.
1509 1798 1614 1859 IIII
1662 1799 1853 1873 (203)
1900 1800 2111 1877 isque
2159 1801 2371 1860 animi
2419 1818 2672 1864 amens,
2715 1806 2724 1879 Ι

592 1906 928 1968 Adserimur
973 1906 1131 1968 hunc
1179 1907 1402 1987 locum,
1448 1905 1616 1985 Verg.
1666 1906 1808 1965 Aen.
1856 1903 1956 1964 Vll
2004 1905 2189 1979 (216)

732 2013 1038 2073 consilio
1086 2013 1262 2074 hanc
1308 2031 1547 2074 omnes
1594 2013 1996 2092 animisque
2046 2012 2455 2075 volentibus
2502 2014 2747 2076 urbem

337 2137 388 2177 ιε
734 2120 1142 2181 adferimur.

596 2226 995 2288 Adsimulatus
1049 2227 1132 2289 illi
1181 2226 1372 2309 vultu,
1427 2226 1597 2306 Verg.
1647 2228 1788 2288 Aen.
1838 2225 1942 2285 XII
2000 2227 2186 2301 (224)
2245 2229 2534 2289 sormam
2591 2230 3014 2293 adsimulata

422 2333 732 2395 Camerti
777 2381 792 2395 .

598 2443 898 2502 Attonitus
945 2441 1053 2503 hac
1102 2460 1193 2522 re,
1238 2440 1407 2520 Verg.
1447 2441 1587 2501 Aen.
1629 2439 1732 2500 XII
1763 2441 1955 2515 (610)
2003 2444 2338 2521 coniugis
2385 2445 2741 2504 attonitus
2790 2445 3017 2506 sactis».

602 2548 861 2610 Adnixus
907 2548 1017 2609 hac
1064 2567 1157 2629 re,
1203 2546 1371 2627 Verg.
1421 2546 1561 2607 Aen.
1611 2546 1716 2606 XII
1764 2548 1908 2623 (92)
1955 2550 2235 2628 ingenti
2281 2548 2537 2610 adnixa
2585 2550 2930 2613 columna.

340 2675 395 2714 ρο
601 2655 892 2716 Admonet
937 2654 1096 2717 illius
1142 2656 1258 2735 rei,
1306 2652 1418 2713 Sal.
1459 2653 1622 2714 Catil.
1662 2653 1862 2729 (21,4)
1911 2652 2331 2717 admonebat
2376 2656 2591 2718 alium
2639 2661 3022 2741 egestatis,

424 2763 638 2825 alium
684 2762 1115 2843 cupiditatis
1161 2781 1328 2825 suae
1375 2809 1388 2822 .
1438 2761 1713 2822 admonet
1759 2760 1871 2822 hoc
1919 2761 2079 2843 fieri,
2122 2759 2292 2842 Verg.
2340 2762 2482 2825 Aen.
2532 2766 2640 2825 XI
2678 2766 2861 2840 (252)

912 2870 1196 2931 fatalem
1245 2871 1545 2930 Aeneam
1594 2869 1973 2929 manifesto
2024 2870 2306 2929 numine
2356 2871 2537 2932 ferri

911 2977 1242 3038 admonet
1286 2978 1392 3036 ira
1439 2975 1661 3036 deum.

603 3086 786 3146 Atrox
835 3084 1010 3145 buius
1056 3085 1171 3166 rei,
1219 3083 1333 3144 Sal.
1380 3082 1516 3143 hist.
1563 3081 1617 3142 11
1663 3084 1822 3162 ipse
1867 3084 2084 3143 animi
2130 3087 2350 3144 attox.

349 3211 402 3251 25
600 3191 788 3273 ‚Abest
832 3199 920 3252 tot
958 3191 1141 3273 milia,
1189 3190 1303 3253 Sal.
1343 3189 1462 3269 Iug.
1502 3189 1707 3263 (48,3)
1755 3206 1786 3249 a
1837 3207 1971 3267 quo
2017 3188 2266 3251 aberat
2313 3209 2511 3252 mons
2561 3193 2780 3254 ferme
2830 3194 3025 3256 milia

429 3299 561 3381 XX,
624 3300 742 3361 Cic.
798 3318 907 3379 pro
964 3298 1210 3360 C01·n.I
1265 3298 1384 3359 sed
1451 3296 1532 3357 ab
1601 3296 1773 3357 urbe
1838 3296 2117 3357 dierum
2183 3296 2574 3359 abfuerunt
2635 3301 2778 3360 iter
2843 3319 3026 3361 com-

429 3407 767 3489 plurium,
812 3406 967 3469 idem
1005 3425 1114 3487 pro
1145 3405 1415 3467 Cluentio
1445 3403 1653 3479 (9,27)
1690 3403 1952 3485 Teano,
1999 3403 2184 3483 quod
2231 3402 2436 3466 abest
2482 3424 2513 3465 a
2560 3404 2818 3467 Larino
2850 3406 3028 3466 XVIII

435 3514 622 3574 milia
669 3531 1023 3594 passuum.
1924 3540 1929 3545 ·

614 3705 792 3760 Codex
834 3704 1131 3759 Parrhasii
1224 3710 1249 3758 1
1292 3702 1401 3759 Cic.
1441 3719 1541 3773 pro
1580 3701 1838 3756 Cluentio
1877 3700 1945 3756 de
1982 3700 2202 3772 integro
2240 3719 2338 3759 om.
2512 3710 2545 3757 3
2583 3721 2731 3773 geor.
2769 3720 2870 3761 om.

435 3791 469 3839 4
505 3786 630 3841 Ter.
668 3784 794 3840 and.
834 3783 1085 3853 adprime
1122 3784 1261 3838 meis
1310 3801 1397 3838 me
1448 3781 1702 3838 omnibus
1886 3787 1950 3836 10
2000 3782 2163 3852 Verg.
2211 3800 2309 3841 om.
2495 3790 2558 3837 12
2607 3785 2815 3839 Amene
2861 3784 3035 3840 animi

439 3866 589 3936 Virg.
629 3867 764 3921 Aen.
802 3863 908 3918 IIII
956 3863 1187 3919 consilio
1233 3864 1382 3918 hunc
1429 3878 1619 3918 omnes
1669 3860 1979 3930 animisque
2028 3861 2342 3919 volentibus
2385 3864 2544 3934 isque
2600 3864 2771 3918 animi
2828 3881 3036 3920 amens.

437 3947 752 4001 Adferimur
814 3945 962 4000 hunc
1016 3946 1200 4000 locum
1256 3944 1409 4013 Virg.
1451 3944 1588 3996 Aen.
1628 3940 1730 3995 VII
1768 3941 1963 3996 urbem
2018 3941 2323 3997 adferimur
2482 3950 2544 3997 21
2597 3944 2674 3998 XI
2713 3962 2811 4000 om.
2968 3953 3036 4002 25

437 4036 609 4090 ferme
645 4034 740 4091 ml.
780 4034 899 4112 XX·
1051 4040 1118 4089 26
1156 4033 1251 4088 sed
1301 4032 1374 4088 ad
1420 4032 1613 4087 urbem
1667 4030 1886 4085 dierum
1941 4029 2111 4084 fuerit
2152 4016 2266 4086 tres
2312 4032 2679 4101 complurium
2732 4035 2882 4089 idem
2938 4051 3037 4105 pro

439 4114 696 4170 Cluentio
732 4118 790 4169 in
831 4131 895 4170 eo
933 4114 1082 4184 quod
1119 4115 1207 4169 est
1242 4114 1313 4169 ab
1350 4130 1385 4167 a
1422 4112 1610 4183 (deleto
1645 4112 1700 4179 a)
1738 4109 1917 4165 larino

618 4283 650 4331 3
687 4276 787 4331 flos
824 4275 896 4330 ad
933 4274 1115 4346 prima
1150 4277 1319 4330 tenax
1358 4316 1370 4328 .
1410 4274 1531 4328 Ter.
1571 4270 1706 4326 Hec.
1741 4269 2021 4341 Phidippo
2059 4270 2259 4338 βαθεῖά.
2298 4271 2549 4341 adprime
2593 4274 2682 4328 hic
2718 4278 2768 4329 et
2798 4275 3040 4343 postea')

441 4355 580 4413 meis
615 4373 705 4412 me
744 4355 998 4412 omnibus
1028 4355 1229 4409 Maius
1353 4358 1385 4407 5
1424 4350 1676 4421 adprime
1715 4349 1829 4405 scio
1870 4367 1988 4406 esse
2028 4350 2080 4404 G
2206 4358 2238 4405 6
2276 4349 2422 4406 radii
2461 4351 2733 4421 Ver-pilius
2875 4360 2907 4407 9
2945 4354 3039 4409 ad-

442 4440 656 4494 fectant
702 4437 850 4492 viam
895 4434 1179 4489 Terentius
1339 4436 1406 4486 11
1445 4430 1691 4500 Vlixem]
1749 4429 2027 4485 Achillem
2086 4430 2359 4500 Veryiliue
2518 4437 2584 4486 12
2638 4433 2794 4503 isque
2849 4450 3041 4488 amens

444 4518 614 4573 animi
663 4517 935 4587 Veryilius
1100 4518 1163 4568 18
1200 4511 1391 4583 factis]
1446 4509 1580 4564 fatis
1647 4509 1921 4579 Veryiliue
2081 4515 2150 4564 25
2186 4511 2359 4566 ferme
2414 4509 2574 4566 milia
2621 4531 2886 4583 passuum
2940 4514 3042 4569 XX

444 4598 746 4655 Sallustius
887 4602 955 4651 26
995 4595 1095 4650 sed
1132 4594 1204 4649 ad
1241 4593 1436 4648 urbem
1466 4590 1681 4645 dierum
1717 4590 1832 4643 tres
1873 4588 2097 4645 fuerunt
2125 4591 2490 4661 complurium
2523 4592 2599 4645 M
2623 4594 2719 4648 sed
2750 4595 2821 4648 ad
2849 4596 3044 4651 urbem

445 4679 660 4735 dierum
707 4677 877 4733 fuerit
908 4676 1018 4732 iter
1054 4674 1422 4744 complurium
1459 4671 1536 4739 G,
1583 4671 1679 4725 sed
1718 4670 1790 4726 ab
1828 4671 1963 4725 urbe
2000 4671 2213 4726 dierum
2252 4673 2495 4728 abfuerit
2530 4673 2638 4728 iter
2674 4673 3044 4743 complurium

450 4760 683 4816 Orellius
703 4759 812 4819 Cio.
840 4757 1038 4828 fraym.
1065 4773 1122 4825 p.
1151 4759 1261 4811 937
1295 4755 1376 4809 ed.
1412 4768 1530 4817 sec„
1568 4751 1665 4806 sed
1703 4751 1775 4805 ab
1811 4751 1948 4807 urbe
1984 4749 2197 4806 dierum
2235 4751 2344 4808 iter
2378 4752 2639 4807 afuerunt
2673 4754 3046 4823 complurium

445 4841 817 4911 ,Nipperdeius
854 4836 1055 4893 Phizoz.
1093 4851 1141 4890 v.
1182 4834 1307 4887 III
1332 4849 1377 4901 p
1431 4834 1538 4885 147
1681 4836 1746 4884 2⁷
1786 4830 1974 4886 Teano
2021 4833 2136 4900 (vel.
2190 4831 2367 4887 Teani
2412 4832 2645 4902 Appuli)
2697 4835 2847 4904 quod
2887 4839 3049 4894 abent

448 4938 484 4977 a
518 4923 719 4977 Larino
757 4920 960 4973 codices
997 4916 1274 4971 Ciceronis
