3613 5528
599 411 734 476 290
1793 415 2040 472 BEDAE

603 523 646 560 p.
676 513 798 554 m.
830 517 850 554 1
880 514 931 553 P.

601 599 920 679 significat3
977 608 1037 660 at
1080 597 1237 659 soles
1296 599 1459 678 ipsos
1504 598 1632 661 dies
1680 604 2082 683 nominamuS,
2136 604 2197 663 in
2248 600 2464 682 quibus
2510 599 2599 661 sol
2652 609 2844 661 totum
2903 598 3217 659 inluminat

600 703 819 784 polum.
903 723 1021 766 non
1081 704 1226 765 nulli
1283 713 1482 765 tamen
1537 716 1806 768 veterum
1874 711 2003 789 ipsa
2057 711 2318 769 carmina
2375 707 2533 768 soles
2589 708 2993 786 nominavere,
3060 707 3217 765 sicut

600 809 878 872 Horatius
933 814 995 872 in
1051 814 1347 892 principio
1404 813 1712 874 cuiusdam
1771 814 2084 876 voluminis
2138 818 2219 876 ita
2281 832 2531 875 exorsus
2577 822 2693 892 est,
2750 808 2974 873 ‘soles
3023 827 3216 870 meos

599 920 789 978 omni
836 917 1195 980 ecclesiae
1242 930 1525 981 vestrae
1573 918 2038 1003 commendo',
2084 930 2146 982 et
2190 920 2351 981 Maro
2400 913 2622 1002 (bucol.
2670 917 2729 990 9,
2776 911 2889 999 51)

2007 1046 2222 1106 saepe
2270 1045 2398 1105 ego
2447 1024 2698 1104 longos
3273 1045 3301 1083 ε

918 1132 1277 1193 cantando
1325 1150 1624 1212 puerum
1672 1134 1959 1194 memini
2011 1151 2111 1193 me
2160 1131 2473 1192 condere
2521 1128 2730 1190 soles.

779 1237 1122 1300 Secundum
1168 1240 1529 1319 praepositio
1576 1246 1670 1299 est
1714 1241 2089 1320 imitationis,
2134 1247 2272 1318 post
2319 1238 2604 1316 temporis
2651 1238 2774 1295 sive
2822 1235 3065 1296 ordinis,

780 1345 1077 1424 Segnities
1123 1347 1250 1406 vitii
1297 1355 1415 1425 est,
1463 1346 1712 1423 segnitia
1760 1345 2017 1423 frigoris.

779 1449 1105 1512 Subscribo
1152 1451 1444 1531 epistolis,
1492 1449 1761 1530 supplico
1810 1451 2104 1529 similiter,
2149 1459 2216 1510 ut
2263 1449 2531 1530 supplico
2578 1448 2809 1509 divinae
2856 1449 3078 1528 pietati.

780 1555 1041 1636 Simplex
1089 1556 1404 1618 ablativum
1454 1566 1513 1616 et
1558 1558 1620 1617 in
1667 1559 1687 1617 i
1735 1567 1795 1617 et
1841 1559 1901 1617 in
1949 1576 1980 1616 e
2028 1557 2235 1637 mittit,
2281 1557 2619 1635 genetivum
2666 1554 2955 1636 pluralem
3000 1557 3062 1614 in
3112 1572 3211 1614 um
3244 1579 3297 1617 ιο

601 1669 663 1722 ει
699 1664 759 1721 in
797 1664 948 1743 ium,
997 1670 1062 1724 ut
1113 1662 1186 1723 ab
1233 1663 1345 1723 hoc
1384 1662 1652 1741 simplice
1691 1673 1752 1723 et
1789 1662 2069 1743 simplici,
2114 1662 2328 1723 horum
2369 1662 2702 1743 simplicum
2741 1670 2803 1723 ει
2838 1661 3215 1741 simplicium.

603 1770 800 1828 suavis
846 1767 1165 1831 ablativum
1211 1787 1414 1830 casum
1461 1772 1522 1830 in
1571 1788 1603 1829 e
1652 1777 1714 1829 et
1758 1771 1822 1830 in
1867 1772 1887 1830 i
1932 1771 2133 1830 mittit.

778 1874 1025 1955 Stachys
1052 1893 1284 1956 graece,
1312 1876 1491 1935 latine
1522 1877 1699 1954 spica.
1756 1873 2022 1935 sandalin
2052 1892 2262 1953 graece
2291 1884 2506 1936 neutro
2535 1894 2774 1956 genere,
2802 1875 2986 1955 caliga
3015 1874 3212 1934 latine.

778 1980 1019 2044 Sertum
1067 1992 1128 2043 et
1174 1999 1393 2042 corona
1442 2000 1513 2040 ex
1561 1999 1682 2041 uno
1727 1998 1941 2059 graeco
1993 1981 2453 2063 transferuntur,
2498 1982 2558 2043 id
2606 1993 2699 2043 est
2744 1981 3082 2062 stephanos.

779 2087 1007 2149 Solium
1043 2089 1286 2167 proprIe
1316 2086 1489 2147 sedes
1525 2086 1737 2165 regalis
1777 2096 1888 2167 est,
1918 2087 2073 2147 unde
2112 2106 2323 2166 graece
2359 2087 2635 2149 basilicos
2674 2088 2923 2150 thronos
2953 2096 3210 2149 vocatur.
3242 2111 3293 2150 ιε

779 2194 973 2255 Senex
1021 2201 1081 2254 et
1128 2196 1329 2254 senior
1376 2192 1802 2273 superlativum
1849 2191 2098 2273 gradum
2137 2213 2254 2254 non
2301 2193 2536 2255 habent.
2612 2195 2850 2257 sobrius
2898 2212 3008 2254 nec
3054 2211 3211 2254 com-

598 2303 929 2381 parativum
975 2303 1190 2381 recipit
1235 2319 1346 2361 nec
1395 2300 1850 2381 superlativum,
1903 2299 2006 2360 sed
2054 2318 2163 2380 pro
2210 2300 2303 2361 his
2349 2300 2602 2363 dicimus
2648 2305 2834 2380 magis
2870 2300 3107 2362 sobrius
3153 2309 3215 2360 et

603 2407 854 2466 maxime
901 2404 1157 2466 sobrius.

778 2512 1028 2573 Senecta
1057 2519 1120 2572 et
1149 2514 1381 2573 senium
1410 2510 1527 2571 duo
1558 2514 1794 2573 nomina
1825 2516 2151 2575 senectutis
2181 2524 2323 2575 sunt
2351 2524 2412 2575 et
2438 2514 2863 2577 discernuntur
2892 2534 2925 2575 a
2952 2514 3210 2595 Graecis,

599 2617 755 2698 apud
803 2636 954 2698 quos
1002 2619 1158 2679 aliud
1206 2636 1424 2678 nomen
1470 2616 1647 2679 habet
1692 2622 1949 2697 gravitas
1994 2629 2131 2699 post
2175 2623 2572 2702 iuventutem,
2626 2621 2782 2682 aliud
2829 2629 2966 2702 post
3023 2617 3212 2701 Ipsam
3239 2643 3291 2682 20

599 2726 946 2803 gravitatem
1003 2727 1247 2786 veniens
1304 2723 1507 2786 ultima
1565 2733 1743 2787 aetas.
1828 2745 1963 2788 nam
2017 2727 2333 2809 presbyter
2387 2727 2606 2789 dicitur
2662 2731 2856 2808 gravis
2914 2738 2975 2790 et
3026 2745 3211 2808 geron

599 2849 798 2891 senex.
846 2835 986 2910 quia
1015 2834 1244 2892 veroin
1283 2831 1460 2892 latina
1497 2831 1695 2911 lingua
1724 2831 1982 2894 duorum
2020 2837 2274 2895 istorum
2305 2836 2608 2896 nominum
2647 2833 2950 2896 distinctio
2978 2833 3214 2915 defecit,

598 2935 670 2996 de
719 2944 1028 2999 senectute
1075 2937 1246 2998 ambo
1294 2948 1436 2998 sunt
1487 2942 1708 3021 posita,
1765 2948 2007 3001 senecta
2065 2950 2126 3000 et
2183 2943 2434 3001 senium.
2506 2941 2653 3001 haec
2698 2942 3082 3021 Augustinus.
3155 2950 3214 3000 at

598 3041 922 3122 Gregorius
970 3040 1311 3105 ‘undecima
1360 3039 1538 3106 vero'
1586 3048 1781 3126 inquit
1830 3042 1956 3106 ‘est
2011 3054 2173 3107 aetas
2228 3065 2379 3127 quae
2435 3046 2736 3127 decrepita
2794 3048 2882 3109 vel
2938 3056 3211 3109 veterana

596 3149 834 3231 dicitur,
886 3151 1043 3212 unde
1074 3150 1282 3212 Graeci
1321 3150 1485 3210 valde
1517 3154 1784 3212 seniores
1816 3170 1934 3212 non
1972 3164 2271 3235 gerontas,
2309 3151 2410 3213 sed
2450 3153 2833 3234 presbyteros
2871 3147 3209 3235 appellang'
3240 3174 3290 3213 25

599 3265 667 3315 ut
711 3255 846 3335 plus
895 3275 1071 3337 quam
1117 3276 1293 3319 senes
1339 3276 1469 3318 esse
1518 3259 1849 3339 insinuent,
1899 3277 2048 3338 quos
2093 3260 2498 3339 provectiores
2545 3257 2840 3323 vocant’.·

779 3362 1028 3444 Suspiro
1077 3362 1323 3425 verbum
1374 3364 1553 3426 trahit
1599 3383 1814 3426 nomen
1864 3365 2041 3426 dativi
2089 3386 2262 3427 casus
2309 3373 2369 3425 et
2415 3371 2759 3443 accusativi,
2806 3378 2875 3429 ut
2920 3364 3212 3447 ‘suspira-

602 3486 733 3528 mus
778 3473 1005 3549 patriae
1053 3467 1326 3533 c-aelesti’
1376 3482 1437 3533 et
1484 3467 1885 3551 ‘suspiramus
1934 3491 2183 3552 regnum
2232 3468 2380 3555 dei',
2427 3482 2490 3534 ει
2531 3478 2973 3556 praepositione
3019 3475 3214 3537 addita

597 3570 992 3655 ‘suspiramus
1038 3578 1112 3638 ad
1158 3581 1334 3639 vitam
1381 3573 1824 3640 immortalem'.

776 3680 1177 3747 Subducimus
1216 3693 1276 3747 ει
1323 3704 1472 3765 quae
1513 3693 1675 3746 retro
1713 3684 2121 3748 subtrahimus
2160 3697 2221 3748 et
2262 3704 2411 3767 quae
2460 3689 2519 3747 in
2566 3699 2848 3768 promptu
2890 3691 3210 3750 offerimus
3241 3708 3291 3747 so

775 3787 1106 3869 Supremas
1154 3811 1423 3854 summus
1470 3801 1530 3853 ει
1577 3792 1821 3853 ultimus
1868 3800 1929 3851 et
1976 3796 2350 3873 superiorem
2395 3803 2455 3853 et
2515 3797 2860 3855 inferiorem
2908 3797 3211 3874 significat.

773 3894 969 3977 Super
998 3906 1090 3959 est
1118 3900 1279 3979 quod
1307 3900 1555 3982 eminet,
1593 3916 1774 3977 supra
1803 3897 1960 3977 quod
2002 3898 2366 3961 substratum
2394 3899 2615 3980 aliquid
2653 3901 2858 3985 habet,
2888 3902 3095 3964 subter
3123 3912 3214 3962 est

596 4003 754 4083 quod
784 4021 851 4065 re
879 4004 1075 4084 aliqua
1102 4008 1415 4087 superiore
1442 4006 1755 4086 premitur,
1784 4003 1998 4066 subtus
2027 4009 2185 4086 quod
2216 4008 2538 4070 demissum
2569 4009 2746 4071 altius
2774 4028 2895 4071 non
2934 4011 3211 4087 tangitur.

777 4158 803 4204 1
846 4151 1128 4221 significat
1163 4168 1264 4206 om.
1303 4150 1360 4203 P
1495 4155 1527 4204 2
1567 4151 1757 4203 tamen
1793 4165 1896 4204 om.
1937 4149 2011 4204 M
2140 4158 2174 4205 3
2212 4151 2421 4208 oratius
2459 4150 2595 4221 PL,
2633 4151 2951 4209 Honoratus
2988 4155 3213 4208 coniecit

599 4230 749 4286 Gilea
784 4230 974 4287 Bedae
1008 4248 1096 4302 op.
1132 4247 1185 4285 v.
1229 4230 1320 4284 VI
1343 4247 1408 4299 p.
1445 4233 1552 4285 454
1687 4229 1773 4283 ita
1810 4232 2034 4284 exortus
2071 4236 2159 4287 est
2199 4232 2255 4286 P
2286 4232 2369 4286 ita
2405 4247 2465 4285 se
2501 4248 2659 4288 orsus
2695 4235 2785 4287 eet
2821 4234 2899 4287 M
2931 4252 3097 4303 quem
3132 4233 3215 4287 ite,

599 4327 824 4366 exorsus
861 4314 948 4367 est
981 4311 1034 4365 L
1160 4318 1193 4365 4
1232 4309 1422 4366 omnia
1458 4310 1600 4365 ecl'a,
1636 4325 1765 4378 eyre
1806 4310 1863 4363 P
1988 4316 2017 4365 7
2055 4314 2187 4380 post
2221 4329 2321 4368 om.
2364 4312 2418 4363 P
2544 4318 2609 4365 12
2647 4310 2708 4366 in
2742 4312 2764 4366 i
2801 4316 2861 4367 et
2895 4313 2954 4366 in
2991 4330 3022 4365 e
3062 4313 3138 4367 M

603 4397 667 4445 13
707 4392 927 4447 sandali
963 4392 1058 4451 eL
1211 4390 1455 4459 calaliga
1491 4388 1548 4442 P
1697 4394 1761 4441 15
1801 4389 1949 4445 sedis
1984 4391 2259 4461 regularis
2298 4391 2354 4445 P
2501 4390 2744 4446 basileos
2784 4392 2860 4445 M
3004 4398 3068 4447 19
3106 4392 3213 4447 dia·

599 4474 833 4526 cernunt.
871 4472 927 4525 P
1086 4478 1153 4527 20
1191 4470 1345 4541 post]
1383 4485 1483 4539 per
1517 4474 1744 4540 utroque
1780 4471 1896 4525 loeo
1936 4471 1995 4525 P
2151 4478 2218 4526 21
2259 4469 2463 4526 dicitur
2499 4471 2713 4543 gravis]
2760 4471 3013 4545 grauitas
3053 4472 3128 4525 M

597 4557 664 4605 23
704 4555 766 4606 at
804 4551 1129 4624 Gregorius]
1174 4553 1237 4606 ut
1273 4555 1336 4606 at
1370 4566 1540 4620 greca
1579 4548 1638 4603 P
1790 4556 1860 4606 24
1900 4552 1987 4605 εει,
2020 4550 2203 4621 inquit
2237 4554 2394 4606 aetas
2434 4552 2508 4606 M
2541 4552 2730 4621 inquit
2765 4570 2834 4608 ea
2870 4556 3031 4608 aetas
3070 4551 3129 4606 P

596 4636 667 4685 26
705 4634 769 4687 ut
804 4663 871 4673 —
909 4637 1117 4687 vocant
1150 4648 1252 4687 om.
1296 4631 1368 4684 M
1473 4630 1665 4702 quam]
1706 4631 1802 4700 qui
1841 4631 1898 4685 P
1997 4638 2165 4689 uocat
2205 4632 2261 4686 P
2365 4639 2435 4688 30
2473 4634 2531 4687 in
2566 4636 2789 4703 promto
2819 4634 3102 4691 efferimus
3143 4636 3214 4689 M

706 4716 774 4765 32
813 4713 963 4781 qnod
1000 4712 1349 4767 subtractum
1385 4708 1604 4779 aliquid
1643 4710 1699 4763 P
1742 4711 1894 4780 quod
1931 4713 2146 4783 aliquid
2183 4713 2530 4769 subtractum
2566 4714 2620 4767 L
2656 4731 2800 4783 quae
2838 4716 3211 4771 substractum

596 4786 814 4858 aliquid
852 4791 928 4845 M
1066 4798 1134 4846 33
1173 4792 1322 4861 quod
1359 4790 1443 4861 re]
1493 4806 1639 4859 quae
1676 4808 1736 4846 re
1778 4792 1852 4846 M
2004 4796 2280 4864 promitur
2316 4796 2369 4849 L
2525 4795 2819 4850 dimissum
2865 4794 3036 4850 altius
3076 4793 3216 4848 PM

598 4868 900 4924 demissum
937 4871 1010 4924 ab
1047 4869 1248 4924 altiore
1287 4870 1383 4926 §L
