3613 5528
1385 416 1967 476 ORTHOGRAPHIA
2852 421 2982 487 301

372 536 415 572 p.
444 525 563 565 2⁸³4.
591 522 643 564 ³5
670 521 721 563 Ρ.

372 610 485 671 hoc
536 617 632 670 est
676 611 900 670 vitium.
975 606 1370 686 Exspectatur
1415 615 1732 686 venturus,
1779 614 2087 686 spectatur
2133 608 2234 686 qui
2281 606 2514 667 videtur
2543 601 2653 667 'vel
2698 607 2987 687 probatur

371 735 481 796 per
527 734 572 775 S.
662 713 977 774 Exercitus
1034 711 1362 793 laboribus,
1420 716 1779 774 exercitatus
1826 712 2059 773 studiis,
2149 711 2474 774 Exstruere
2533 720 2625 772 est
2680 716 2740 774 in
2796 714 2981 774 altum

371 831 637 899 struere,
684 823 987 880 instruere
1035 820 1222 878 aciem
1268 818 1358 878 vel
1407 821 1726 899 actionem,
1752 818 2084 903 ⁸adstruere
2134 818 2468 894 adfirmare,
2526 827 2876 881 construere
2922 822 2985 880 in

368 926 654 988 struendo
709 928 1102 1005 coniungere,
1166 926 1515 987 substruere
1573 945 1644 987 re
1699 924 1895 1004 aliqua
1959 943 2138 1003 supra
2208 928 2397 1005 posita
2457 924 2666 986 subter
2729 936 2983 987 struere.

316 1047 342 1086 ⁵
370 1033 711 1095 Eorundem
768 1042 828 1093 et
883 1030 1208 1093 earundem
1263 1051 1372 1112 per
1418 1051 1482 1112 n,
1539 1050 1657 1093 non
1713 1051 1822 1112 per
1868 1049 1944 1093 m.
2036 1030 2124 1091 Ex
2181 1034 2541 1112 praepositio
2597 1032 2987 1111 sequentibus

370 1140 408 1201 b
456 1141 492 1200 d
539 1159 576 1219 g
623 1140 643 1200 l
689 1158 745 1200 m
794 1157 833 1198 n
891 1137 1107 1198 litteris
1162 1147 1224 1197 et
1268 1157 1302 1197 v
1349 1146 1410 1198 et
1455 1141 1475 1198 i
1529 1138 1658 1199 loco
1724 1140 2178 1200 consonantium
2227 1157 2262 1198 x
2314 1138 2570 1200 litteram
2625 1141 2866 1220 amittit,
2920 1148 2989 1200 ut

371 1245 559 1306 ebibit
604 1245 789 1305 edidit
833 1246 1053 1323 egessit
1100 1243 1277 1304 elusit
1344 1246 1587 1306 emicuit
1642 1247 1968 1324 enervavit3
2024 1253 2310 1323 sequente
2369 1263 2507 1305 vero
2555 1247 2582 1305 l*
2631 1248 2692 1306 in
2739 1246 2986 1307 eandem

371 1371 406 1412 x
466 1360 680 1431 mutat,
738 1360 807 1412 ut
859 1351 1117 1411 effundo.
1219 1349 1305 1411 Ex
1361 1353 1722 1431 praepositio
1778 1350 1851 1410 ad
1908 1350 1937 1410 s
1997 1349 2257 1411 litteram
2317 1351 2629 1428 formatur,
2683 1362 2751 1412 ut
2807 1353 2986 1414 effluo

371 1458 586 1519 effodio
642 1459 824 1518 ell'ero
871 1458 1066 1517 efficio
1112 1466 1173 1517 et
1222 1455 1478 1536 reliqua,
1535 1468 1597 1517 et
1642 1456 1785 1516 baec
1833 1457 1968 1517 ideo
2015 1474 2125 1536 per
2171 1455 2289 1517 duo
2336 1458 2363 1516 f
2404 1456 2731 1524 scribenda.
2823 1458 2987 1540 Esto,

298 1582 346 1621 10
373 1582 514 1625 ecce
551 1566 880 1625 consentio.
952 1561 1217 1642 Expecto
1256 1561 1327 1621 ab
1367 1580 1439 1622 eo
1481 1562 1639 1640 quod
1687 1572 1780 1623 est
1825 1564 2063 1641 pectino
2102 1564 2230 1623 sine
2270 1581 2299 1623 s
2337 1561 2735 1625 scribendum.
2809 1564 2986 1625 Exire

373 1673 502 1731 sine
550 1688 579 1730 s
626 1663 745 1754 (ire
784 1672 941 1731 enim
982 1679 1075 1730 est
1121 1662 1401 1752 simplex)
1448 1679 1509 1731 et
1559 1687 1970 1749 quaecumque
2008 1687 2082 1729 ex
2126 1667 2241 1729 hoc
2288 1670 2636 1745 formantur,
2683 1678 2750 1731 ut
2795 1673 2989 1733 exitus

373 1778 619 1837 exitium
660 1776 910 1837 exitiale.
981 1775 1208 1853 Ecquid
1249 1794 1357 1855 per
1396 1795 1428 1836 c
1465 1778 1528 1836 in
1565 1778 1754 1857 prima
1792 1774 2040 1856 syllaba,
2075 1770 2353 1852 quoniam
2391 1777 2684 1856 significat
2711 1795 2787 1837 en
2825 1778 2989 1859 quid,

375 1902 413 1944 n
450 1886 511 1944 in
551 1902 584 1943 c
622 1902 926 1944 converso.
1000 1882 1301 1943 Exscindo
1347 1883 1629 1962 exsculpo
1669 1890 1913 1943 exstruo
1951 1883 2173 1942 exsisto
2221 1901 2328 1961 per
2367 1901 2395 1942 s
2442 1883 2720 1944 dicimus:
2768 1886 2980 1946 sistere

374 1993 533 2051 enim
581 1999 674 2051 est
718 1988 984 2069 simplex.
1067 1988 1195 2049 Edo
1243 1989 1315 2050 ab
1362 1989 1591 2050 edendo
1638 1991 1777 2050 facit
1824 2007 1890 2048 es
1936 1998 2042 2049 est.
2128 1988 2388 2068 Exiguae
2437 1992 2565 2050 sine
2612 2008 2659 2050 s,
2742 1989 2831 2051 Ex
2878 2010 2986 2070 pro

301 2112 348 2152 16
376 2105 538 2157 extra
595 2098 895 2156 invenitur
949 2098 1116 2176 poni,
1173 2104 1240 2157 ut
1295 2096 1542 2157 excludo
1601 2094 1972 2177 extracludo,
2031 2095 2200 2156 exsul
2257 2106 2423 2157 extra
2478 2095 2696 2157 solum:
2746 2092 2755 2176 Ι
2815 2097 2988 2158 modo

372 2221 481 2282 pro
525 2202 719 2284 valde,
776 2212 846 2264 ut
899 2202 1171 2264 excelsus
1225 2221 1334 2282 pro
1382 2202 1546 2263 valde
1594 2201 1823 2262 celsus:
1879 2200 2053 2261 modo
2108 2203 2461 2281 privativum
2507 2211 2600 2263 est
2645 2202 2736 2263 vel
2796 2205 2985 2264 inten-

375 2311 557 2370 tivum
595 2309 687 2370 vel
724 2310 1133 2390 perfectivum,
1163 2287 1527 2388 ut‘exstirpo
1557 2308 1813 2369 extendo
1844 2308 2069 2387 expleo.
2125 2326 2158 2367 e
2197 2309 2260 2367 in
2299 2310 2708 2387 conpositione
2748 2312 2987 2389 privati-

375 2433 511 2475 vum
548 2424 642 2476 est
680 2414 771 2475 vel
807 2417 1192 2496 intentivum,
1232 2424 1299 2476 ut
1326 2409 1573 2476 ‘enodes
1602 2416 1800 2475 trunci
1814 2408 1853 2494 ⁹,
1890 2431 2122 2475 enarro.
2187 2413 2586 2493 Expergiscor
2615 2423 2677 2476 et
2713 2418 2991 2494 experior

378 2521 601 2582 faciunt
637 2524 1027 2601 praeteritum
1074 2529 1356 2600 expertus
1403 2540 1554 2581 sum.

300 2644 352 2682 so
554 2627 877 2688 Formosus
933 2630 1060 2688 sine
1116 2645 1155 2686 n
1213 2630 1273 2687 in
1331 2628 1591 2689 secunda
1646 2627 1865 2708 syllaba
1924 2627 2304 2689 scribendum
2362 2637 2481 2708 est,
2540 2637 2605 2689 ut
2661 2629 2990 2690 harenosus

378 2733 697 2796 frondosus
743 2752 1004 2815 aquosus
1058 2732 1371 2796 herbosus.
1443 2737 1753 2816 participia
1800 2753 1942 2796 vero
1998 2734 2217 2797 habeut
2264 2754 2334 2817 n,
2393 2745 2458 2796 ut
2513 2744 2722 2798 tonsus
2778 2745 2991 2798 tunsus

376 2859 632 2921 pransus
677 2861 918 2922 pensus.
994 2841 1200 2902 Feriae
1240 2859 1508 2921 quoque,
1556 2860 1674 2902 non
1711 2842 1910 2903 fereae
1948 2841 2332 2903 scribendum
2367 2850 2477 2903 est.
2553 2841 2780 2922 FlavuS,
2826 2844 2990 2922 prior

378 2948 594 3027 syllaba
641 2948 713 3009 ab
752 2950 801 3030 f,
848 2967 1106 3028 sequens
1144 2947 1217 3008 ab
1256 2967 1290 3006 v
1337 2950 1595 3027 incipiat.
1668 2948 1844 3010 Fides
1892 2950 2029 3010 fidei
2074 2951 2262 3029 prima
2311 2948 2528 3027 syllaba
2575 2947 2799 3021 brevis,
2847 2948 2991 3009 fides

378 3054 509 3115 fidis
563 3055 637 3116 de
684 3055 906 3115 chorda
951 3062 1204 3134 utraque
1260 3054 1448 3134 longa.
1537 3055 1716 3116 Fidus
1762 3055 1837 3116 de
1884 3058 2103 3136 amico,
2150 3054 2338 3115 tidelis
2385 3053 2458 3114 de
2506 3072 2693 3114 servo.
2779 3053 2990 3114 Fastus

304 3175 353 3215 25
379 3159 451 3219 de
498 3161 777 3239 supfflia
826 3163 966 3222 facit
1012 3163 1272 3222 fastuum
1308 3163 1648 3240 genetivum
1694 3160 2009 3243 pluralem,
2057 3162 2243 3221 fastus
2289 3159 2362 3220 (le
2415 3158 2580 3220 libris
2627 3160 2767 3220 facit
2811 3161 2989 3221 fasto-

380 3284 529 3326 rum.
603 3265 795 3347 Fungi
838 3286 1013 3347 agere
1061 3275 1180 3347 est,
1236 3266 1481 3345 defungi
1524 3285 1832 3346 peragere.
1917 3267 2165 3327 Fremor
2213 3274 2306 3327 est
2351 3284 2621 3326 murmur
2667 3253 2992 3346 bominum,

379 3372 652 3433 fremitus
700 3373 978 3434 ferarum.
1052 3372 1316 3435 Furvnm
1356 3377 1590 3454 nigrum
1638 3373 1921 3455 dicimus,
1966 3374 2181 3434 ssavum
2229 3372 2511 3453 rubeum,
2556 3371 2779 3433 fulvum
2826 3382 2989 3433 certe

379 3496 589 3538 aurum
627 3480 728 3539 cui
773 3479 845 3540 ad
890 3480 1171 3542 decorem
1218 3479 1553 3560 splendoris
1590 3482 1684 3540 sui
1729 3479 1929 3559 nigelli
1975 3479 2196 3558 aliquid
2243 3479 2507 3540 addatur.
2583 3477 2722 3538 Fori
2760 3497 2988 3541 mascu-

379 3584 565 3646 linum
613 3584 808 3647 tabula
859 3595 952 3647 est
999 3588 1264 3667 navium,
1302 3583 1405 3646 ubi
1442 3586 1696 3663 remiges
1735 3585 1974 3667 sedent,
2010 3594 2072 3679 ει
2108 3604 2344 3666 semper
2381 3583 2704 3665 pluraliter.
2777 3574 3002 3667 Fedus,

561 3762 588 3809 1
629 3755 998 3826 Exspectatur
1035 3759 1306 3811 uenturus
1336 3774 1379 3825 Ρ
1420 3756 1780 3825 exspectatur
1814 3754 1907 3810 ide
1943 3758 2211 3812 uenturus
2247 3757 2291 3811 S
2326 3755 2630 3825 Exspectat
2665 3771 2765 3824 per
2801 3774 2828 3810 s
2865 3758 2994 3811 scri-

380 3834 546 3889 batur
590 3837 947 3905 exspectatur
993 3836 1085 3890 ide
1132 3837 1402 3890 uenturus
1443 3836 1516 3889 M
1654 3840 1687 3889 2
1733 3851 1836 3903 per
1872 3853 1897 3888 s
1944 3853 2044 3891 om.
2086 3838 2162 3891 M
2301 3834 2575 3891 exercitus
2625 3834 2909 3890 laboribus
2947 3853 2992 3904 Ρ

379 3918 666 3971 exercetur
700 3917 984 3972 laboribus
1022 3916 1067 3970 S
1079 3916 1152 3969 M
1276 3916 1610 3971 exercitatus
1646 3916 1847 3971 studiis
1885 3917 1961 3970 M
1994 3917 2330 3973 exercitatus
2365 3914 2662 3983 (exercitus
2691 3918 2756 3984 Ρ)
2794 3915 2992 3970 studiis

378 3996 497 4051 sine
533 4014 561 4051 s
588 3997 689 4065 ps
794 4005 827 4052 4
864 4014 925 4052 re
962 4012 1062 4051 om.
1101 3994 1147 4051 S
1157 3995 1233 4049 M
1235 4011 1279 4064 Ρ
1405 4001 1438 4048 5
1477 3995 1794 4051 Eorundem
1833 3996 1891 4049 et
1924 3996 2229 4051 earundem
2267 3993 2576 4064 euphoniae
2612 4010 2782 4049 causa
2817 4011 2918 4064 per
2955 4014 2992 4050 n

379 4094 492 4131 non
528 4095 632 4147 per
665 4096 722 4132 m
771 4077 1067 4134 scribenda
1107 4077 1239 4130 sunt
1277 4075 1353 4129 M
1528 4083 1561 4131 9
1609 4074 1814 4132 effodio
1855 4072 2038 4130 efficio
2075 4077 2136 4131 et
2177 4075 2398 4144 reliqua
2433 4077 2494 4130 et
2535 4075 2674 4129 haec
2718 4073 2845 4129 ideo
2890 4090 2992 4144 per

381 4156 492 4212 dno
529 4157 558 4210 f
587 4157 884 4213 scribenda
924 4157 997 4211 M
1040 4154 1247 4211 effodio
1287 4154 1456 4210 effero
1493 4156 1674 4211 efficio
1718 4155 1848 4209 ideo
1886 4156 2096 4221 (autem
2135 4155 2263 4209 add.
2296 4156 2359 4223 Ρ)
2404 4170 2507 4223 per
2542 4154 2653 4209 duo
2688 4153 2718 4206 f
2756 4152 2991 4208 scriben-

381 4235 515 4291 dum
552 4240 661 4305 (est
696 4239 822 4293 add.
856 4240 924 4306 Ρ)
953 4237 1055 4306 pS
1200 4241 1268 4291 10
1305 4253 1433 4293 ecce
1471 4253 1572 4292 om.
1614 4236 1688 4290 M
1824 4239 1888 4286 12
1927 4232 2145 4303 Ecquid
2180 4252 2282 4304 per
2317 4251 2348 4288 c
2385 4235 2444 4288 in
2479 4232 2663 4304 prima
2698 4232 2918 4302 syllaba
2946 4251 2990 4302 Ρ

383 4331 509 4371 ecce
545 4333 647 4385 per
683 4334 746 4372 ce
782 4318 841 4373 in
880 4317 1064 4387 prima
1100 4316 1321 4386 syllaba
1357 4315 1401 4370 S
1449 4317 1743 4386 ecquidem
1778 4317 1837 4369 in
1885 4314 2071 4384 prima
2106 4315 2323 4383 syllaba
2369 4330 2470 4384 per
2506 4329 2571 4368 ce
2607 4312 2881 4367 scribatur
2920 4314 2992 4365 M

465 4412 537 4450 en
572 4396 709 4466 quid
748 4399 837 4453 M·
858 4415 927 4453 en
964 4399 1030 4452 fit
1067 4397 1110 4453 S
1255 4404 1320 4452 13
1359 4396 1638 4452 Exscindo
1676 4395 1913 4464 exculpe
1950 4394 2172 4448 exstruo
2209 4410 2310 4463 per
2345 4412 2372 4447 s
2408 4391 2666 4448 similiter
2702 4390 2993 4445 scribenda

386 4480 535 4533 sunt.
598 4477 822 4533 Exsisto
870 4477 1131 4533 similiter
1191 4477 1424 4533 dicimus
1470 4474 1675 4531 Sistere
1722 4475 1871 4530 enim
1925 4473 2015 4527 est
2067 4471 2306 4540 simplex
2362 4472 2433 4525 M
2629 4479 2695 4525 14
2752 4470 2990 4539 simplex

384 4572 481 4612 om.
517 4557 618 4627 ΡΒ
776 4558 1028 4612 Examen
1074 4557 1191 4612 sine
1238 4575 1264 4611 s
1309 4555 1562 4627 Exiguae
1607 4553 1867 4609 similiter
1913 4551 2208 4606 scribenda
2252 4552 2383 4605 sunt
2430 4551 2503 4604 M
2670 4556 2735 4603 22
2785 4550 2991 4604 Flauus

385 4637 587 4701 (saluus
620 4638 719 4706 M)
747 4638 930 4707 prima
956 4636 1175 4706 syllaba
1201 4635 1275 4690 ab
1302 4636 1329 4690 f
1363 4634 1609 4692 secunda
1634 4634 1709 4689 ab
1736 4651 1774 4687 u
1805 4629 2044 4700 incipiat
2070 4630 2202 4699 ΡΜ
2342 4635 2412 4683 24
2448 4633 2686 4698 utraque
2727 4646 2785 4684 es
2821 4629 2994 4699 longa

386 4715 539 4772 Beda
572 4734 636 4787 Ρ.
673 4721 813 4781 272,
864 4721 954 4784 17,
998 4716 1098 4769 ubi
1143 4718 1378 4785 utraque
1423 4718 1511 4773 est
1552 4713 1725 4783 longa
1766 4713 1926 4767 habet
1969 4712 2136 4767 codex
2184 4710 2483 4765 Parisinus
2634 4716 2700 4764 27
2746 4709 2991 4764 Furuum

386 4794 600 4864 nigrum
631 4797 720 4850 est
752 4795 1006 4849 faluuum
1034 4793 1271 4848 rubeum
1299 4793 1505 4849 dicitur
1535 4794 1608 4847 M
1731 4798 1801 4847 28
1844 4790 2157 4861 splendoris
2191 4789 2278 4846 sui
2306 4790 2382 4844 M
2414 4788 2801 4859 splendoribus
2836 4790 2924 4845 sui
2950 4789 2995 4844 S

507 4875 748 4932 addatur
787 4875 859 4927 M
870 4873 915 4928 S
949 4873 1176 4928 additur
1202 4890 1249 4943 Ρ
1383 4875 1534 4930 foros
1570 4874 1645 4927 M
1794 4878 1863 4927 29
1899 4871 2158 4925 tabulata
2193 4870 2422 4925 navium
2458 4870 2616 4925 Beda
2643 4886 2704 4938 p.
2741 4875 2883 4939 272,
2919 4876 2993 4926 30
