3613 5528
1380 479 1477 533 DE
1515 479 1709 534 ARTE
1747 478 2079 534 METRICA
2901 475 3031 539 243

424 589 468 626 p.
495 575 709 620 ssefr-s‘z
740 579 788 618 Ρ.

426 662 545 744 luS,
577 663 780 746 ‘liquae
828 660 1157 743 spondeus,
1216 664 1393 723 ritere
1442 673 1821 745 anapaestus,
1876 661 2110 743 gnapoli
2166 670 2533 741 anapaestus,
2609 661 2766 741 quod
2816 661 3030 722 rationi

425 769 688 830 eiusdem
746 771 948 851 metri,
1017 771 1075 830 ni
1135 767 1323 849 fallor,
1378 771 1573 830 minus
1629 770 1864 832 vIdetur
1919 787 2051 830 esse
2113 770 2502 848 convenienS,
2570 787 2706 830 cum
2768 769 3029 829 universi

427 878 528 956 qui
584 874 696 936 hoc
750 884 943 937 metro
1003 877 1098 936 usi
1154 884 1292 936 sunt
1348 893 1586 936 versum
1641 893 1879 936 omnem
1936 877 1996 935 in
2053 874 2247 935 medio
2295 873 2605 935 diviserint
2645 876 2656 952 Ι
2694 884 2756 935 et
2800 873 3031 935 duabus

425 982 924 1062 penthememeris
970 989 1243 1043 constare
1294 979 1612 1063 voluerint,
1660 995 1914 1061 quarum
1959 983 2126 1061 prior
2172 979 2467 1062 dactylum
2523 982 2644 1042 sive
2701 980 3029 1061 spondeum

374 1108 400 1147 5
427 1087 672 1150 licenter
719 1099 970 1170 utraque
1017 1092 1080 1150 in
1126 1091 1368 1168 regione
1416 1089 1737 1169 reciperet,
1783 1090 2081 1168 posterior
2128 1089 2285 1149 solos
2331 1086 2591 1168 dactylos
2651 1089 2712 1149 in
2762 1097 3030 1168 utraque.

427 1195 538 1256 hoc
566 1206 762 1258 autem
794 1206 855 1258 et
891 1198 1168 1277 superius
1206 1205 1462 1257 metrum
1491 1193 1596 1256 ubi
1619 1197 1834 1255 iuncta
1873 1193 2113 1276 fuerint,
2141 1194 2464 1274 elegiacum
2504 1213 2742 1256 carmen
2771 1177 3030 1257 vocatur.

426 1303 645 1383 elegios
702 1321 956 1383 namque
1005 1306 1255 1365 miseros
1301 1302 1596 1384 appellant
1645 1302 2007 1384 philosophi,
2053 1311 2115 1364 et
2159 1302 2336 1364 huius
2385 1302 2703 1363 modulatio
2752 1303 3031 1363 carminis

427 1413 779 1473 miserorum
817 1412 1222 1491 querImoniae
1252 1412 1544 1493 congruit,
1583 1409 1682 1471 ubi
1720 1413 1888 1490 prior
1916 1429 2125 1472 versus
2152 1403 2513 1491 hexameter,
2542 1428 2799 1489 sequens
2827 1419 3030 1490 penta-

427 1525 630 1579 meter.
707 1536 824 1597 quo
882 1537 1102 1602 genere
1169 1519 1346 1585 metri
1402 1507 1605 1578 lerunt
1660 1518 1956 1578 canticum
2017 1511 2463 1579 Deuteronomii
2510 1517 2665 1598 apud
2712 1516 3031 1599 HebraeoS,

351 1643 398 1682 ιο
426 1623 529 1686 sed
576 1631 636 1684 et
682 1624 937 1704 psalmos
985 1624 1217 1716 CXVle
1264 1633 1324 1687 et
1369 1623 1631 1686 CXLIIII
1690 1643 1822 1686 esse
1869 1624 2218 1705 descriptos
2292 1643 2545 1705 namque
2601 1624 2819 1687 librum
2876 1625 3033 1686 beati

423 1729 526 1791 Iob
572 1731 826 1811 simplici
871 1731 1214 1794 hexametro
1262 1734 1552 1813 scriptum
1599 1749 1731 1793 esse
1779 1731 2143 1793 adseverant.
2217 1731 2651 1793 observandum
2696 1740 2788 1792 est
2833 1742 3031 1793 antem

423 1840 483 1898 in
530 1840 791 1900 carmine
839 1823 1099 1919 elegiaco
1148 1838 1367 1920 nequid
1416 1857 1697 1919 umquam
1743 1838 1818 1899 de
1856 1858 2037 1902 sensu
2076 1856 2283 1901 versus
2328 1841 2685 1919 pentametri
2731 1849 3033 1900 remaneat

423 1944 869 2027 inexplicatum,
917 1945 1074 2025 quod
1130 1948 1483 2025 insequente
1534 1964 1707 2007 versu
1755 1945 2098 2007 hexametro
2147 1945 2447 2029 reddatur,
2497 1944 2600 2007 sed
2638 1944 2730 2006 vel
2776 1955 3030 2025 uterque

425 2049 701 2112 sensibus
746 2054 873 2113 suis
924 2055 1278 2114 terminetur
1324 2071 1560 2128 versuS,
1607 2062 1677 2116 ut
1722 2052 2001 2115 Sedulius

346 2175 397 2215 15
741 2167 1110 2221 cantemus
1158 2163 1340 2221 socii
1386 2159 1696 2236 domino,
1744 2168 2113 2221 cantemus
2159 2158 2525 2240 honorem,

848 2265 1084 2327 dulcis
1130 2284 1322 2327 amor
1369 2265 1642 2328 Christi
1691 2273 2037 2347 personet
2082 2263 2201 2326 ore
2249 2267 2393 2347 pio,

425 2371 515 2432 vel
561 2371 673 2433 sibi
726 2380 934 2434 mutuo
989 2375 1155 2453 prior
1209 2374 1551 2435 hexameter
1597 2393 1664 2435 ac
1718 2381 2092 2454 pentameter
2138 2372 2537 2453 subsequens»,
2589 2381 2766 2451 prout
2820 2379 3028 2452 poetae

423 2477 738 2562 placuerit,
783 2487 1178 2541 conserantur
1223 2482 1386 2542 iuxta
1432 2479 1576 2542 illud
1626 2479 1932 2563 Prosperi,

741 2588 939 2648 solus
986 2595 1328 2668 peccator
1375 2589 1604 2649 servit
1652 2587 1861 2671 male,
1908 2590 2027 2668 qui
2072 2588 2250 2650 licet
2294 2587 2523 2667 amplo

343 2706 397 2747 2⁰
848 2701 1095 2755 utatur
1141 2713 1390 2777 regno,
1435 2703 1542 2756 sat
1587 2696 1808 2756 miser
1854 2703 1969 2757 est
2016 2695 2346 2756 famulus.

426 2817 560 2860 nam
616 2809 940 2880 sequentes
988 2800 1292 2882 versiculi,
1346 2804 1460 2863 etsi
1514 2801 1607 2862 his
1663 2809 1806 2863 sunt
1852 2801 2180 2885 subiuncti,
2227 2801 2464 2862 sibimet
2509 2807 2651 2861 sunt
2698 2807 2893 2861 tamen
2941 2800 3027 2859 in-

425 2907 613 2966 vicem
659 2908 962 2968 coniuncti
1009 2916 1070 2968 et
1114 2906 1415 2970 secundus
1461 2910 1654 2989 primo
1701 2907 1802 2970 dat
1848 2908 2350 2988 supplementum:
2400 2909 2671 2988 sequitur
2719 2909 2877 2967 enim

742 3032 898 3075 cum
944 3033 1141 3076 mens
1187 3015 1462 3078 carnali
1506 3018 1800 3078 nimium
1848 3016 2255 3078 dominante
2303 3023 2606 3095 tyranno

848 3128 970 3182 tot
1002 3125 1234 3184 servit
1280 3124 1624 3203 sceptris,
1672 3121 1916 3184 dedita
1964 3131 2137 3203 quot
2180 3124 2397 3185 vitiis.

339 3279 394 3317 25
1053 3266 1251 3333 QVAE
1290 3266 1404 3321 SIT
1445 3266 1725 3322 OPTIMA
1765 3266 2119 3324 CARMINIS
2154 3267 2409 3323 FORMA

599 3369 674 3429 At
711 3388 851 3431 vero
888 3371 950 3431 in
997 3369 1341 3432 hexametro
1373 3350 1642 3433 ’carmine
1680 3374 2089 3435 concatenatio
2128 3388 2409 3433 versuum
2446 3370 2838 3451 plurimorum
2876 3369 3029 3430 solet

421 3493 556 3536 esse
601 3478 959 3559 grafissima,
1005 3477 1161 3556 quod
1211 3480 1272 3538 in
1311 3479 1558 3541 Aratore
1608 3488 1667 3540 et
1715 3478 1956 3540 Sedulio
2002 3478 2284 3558 frequens
2328 3479 2624 3560 invenieS,
2673 3476 2845 3537 modo
2883 3476 3027 3537 duo-

421 3581 562 3663 bus,
617 3582 790 3645 modo
844 3582 1066 3667 tribuS,
1122 3584 1296 3645 modo
1353 3593 1634 3665 quattuor
1689 3593 1789 3647 aut
1852 3587 2114 3665 quinque
2169 3583 2468 3666 versibus,
2528 3602 2647 3645 non
2707 3601 3027 3663 numquam

420 3708 526 3749 sex
573 3688 662 3750 vel
711 3698 939 3770 septem
986 3691 1077 3751 vel
1123 3694 1300 3753 etiam
1347 3691 1618 3773 pluribus
1665 3691 1736 3752 ad
1783 3694 2036 3752 invicem
2085 3694 2352 3773 conexiS,
2397 3690 2569 3770 quale
2616 3698 2710 3751 est
2754 3689 2927 3772 illud,

335 3811 390 3850 ³⁰
739 3796 918 3859 Loth
965 3797 1312 3860 Sodomae
1358 3799 1686 3878 fugiente
1734 3797 1978 3879 chaos,
2023 3797 2185 3859 dum
2232 3799 2540 3878 respicit
2586 3815 2790 3879 uxor,

739 3906 808 3964 in
855 3912 1160 3966 statuam
1209 3911 1475 3965 mutata
1523 3903 1697 3964 salis
1744 3904 2162 3983 stupefacta
2210 3905 2581 3985 remansit,

737 4010 816 4071 ad
863 4028 1160 4091 poenam
1206 4024 1555 4071 conversa
1604 4026 1826 4091 suam,
1874 4011 2037 4088 quia
2083 4027 2284 4070 nemo
2332 4018 2733 4071 retrorsum

739 4119 945 4177 noxia
992 4106 1386 4196 conte'mpti
1436 4119 1673 4176 vitans
1719 4115 2137 4177 discrimina
2186 4117 2424 4179 mundi
2465 4113 2475 4197 Ι

738 4226 1104 4303 aspiciens
1151 4222 1535 4285 salvandus
1582 4223 1747 4304 erit,
1793 4240 1923 4284 nec
1970 4222 2184 4285 debet
2228 4232 2471 4286 arator

333 4345 388 4386 ³5
737 4329 1023 4410 dignum
1070 4349 1248 4411 opus
1296 4349 1642 4393 exercens
1690 4328 1967 4390 vultum
2013 4332 2084 4390 in
2132 4349 2258 4393 sua
2304 4339 2506 4411 terga
2552 4332 2862 4392 referre:

596 4471 630 4520 3
668 4482 900 4521 omnem.
928 4466 1047 4534 sz
1079 4473 1204 4522 δῇ
1243 4466 1321 4534 L,
1359 4482 1460 4521 om.
1502 4464 1564 4519 F
1736 4463 1946 4519 diuiser-
1989 4466 2045 4520 P
2219 4458 2707 4544 4lpentimemeris
2743 4466 2807 4521 F
2835 4468 3026 4537 pente-

415 4544 678 4601 memeris
712 4546 766 4600 L
801 4545 1208 4617 pentimemiris
1248 4545 1305 4600 P
1423 4551 1456 4599 6
1496 4544 1576 4616 et]
1615 4547 1681 4601 ut
1717 4545 1775 4600 P
1894 4546 2133 4602 eliseum
2173 4546 2230 4600 P
2359 4552 2389 4601 7
2428 4546 2639 4617 elegios
2677 4545 2800 4599 FL
2836 4546 3024 4603 ele..os

413 4638 556 4679 corr.
595 4623 784 4695 elegos
821 4624 878 4679 P
907 4625 1076 4680 eleios
1111 4640 1145 4684 ς
1298 4623 1644 4695 philosophi]
1682 4624 1874 4705 graeci
1910 4640 1944 4684 ς
2095 4629 2128 4680 8
2168 4624 2555 4694 quaerimonia.
2592 4625 2653 4679 F
2789 4640 3025 4695 sequens

414 4707 505 4762 est
527 4706 880 4776 pentameter
906 4705 1009 4763 51³
1112 4711 1178 4760 10
1206 4722 1338 4759 nam
1366 4704 1420 4757 L
1533 4710 1597 4760 16
1626 4718 1782 4777 aanor
1810 4704 1931 4758 LP
1950 4704 2127 4760 honor
2156 4703 2219 4758 F
2323 4712 2387 4762 18
2408 4707 2771 4763 conserantur
2794 4706 2952 4761 iuxta.
2970 4706 3022 4759 L

411 4787 781 4842 conserantur
808 4788 871 4840 ut
895 4786 1050 4842 iuxta.
1081 4785 1142 4840 F
1166 4786 1531 4841 conseruntur
1556 4784 1716 4839 iuxta
1743 4785 1845 4844 ςΡ
1961 4791 2031 4841 20
2057 4786 2247 4840 ntator
2277 4784 2337 4839 F
2467 4792 2531 4839 21
2567 4786 2805 4841 subiecti
2833 4802 2868 4845 ς
2877 4786 2934 4841 Ρ

411 4873 484 4922 26
523 4865 847 4922 cont-‚enutio
888 4883 1113 4921 uersum
1153 4864 1215 4918 F
1351 4869 1420 4919 27
1457 4863 1716 4935 frequens
1747 4865 1867 4920 FL
1903 4867 2222 4935 frequenter
2250 4865 2351 4924 ςΡ
2486 4872 2555 4920 30
2592 4865 2836 4921 sodomis
2872 4866 2926 4920 L

410 4954 483 5003 32
515 4958 953 5015 conuersamque
981 4960 1118 5001 corr.
1150 4962 1422 5002 conuersa.
1449 4962 1607 5000 suam
1636 4945 1771 5015 quia
1799 4945 1863 5000 F
1954 4952 2022 5000 33
2052 4944 2301 5001 contenti
2330 4942 2392 4999 F
2485 4950 2551 4999 35
2572 4945 2757 5016 terga]
2786 4947 2939 5000 terra
2968 4945 3031 5001 F

2484 5038 2593 5089 16*
