3613 5528
684 450 814 523 506
1661 457 2012 521 ARvsmm
2049 453 2290 521 Mmssn

681 560 1031 608 p.253.2591,.

682 647 767 706 sic
823 645 940 706 Cic.
988 665 1096 727 pro
1145 646 1417 709 Cluentio
1473 650 1712 726 (13,38)
1768 653 1889 730 qui
1945 670 2099 714 cum
2160 670 2368 714 unum
2425 654 2557 713 iam
2613 661 2682 715 et
2738 649 3039 715 alterum
3095 649 3284 714 diem

681 751 1226 816 desideraretur
1272 803 1285 816 .
1334 759 1646 836 requiesco
1693 777 1937 819 cursum
1986 777 2210 842 meum,
2256 758 2425 838 Verg.
2473 758 2606 821 buc.
2654 761 2815 838 (ΒΑ)

1104 871 1172 924 et
1217 872 1488 926 mutata
1534 883 1703 926 suos
1749 867 2177 945 requierunt
2223 865 2519 942 flumina
2565 884 2841 928 cursus.

855 968 1086 1049 Recipit
1151 988 1214 1030 se
1280 969 1353 1030 ab
1409 970 1523 1032 illis
1586 971 1760 1053 Iocis,
1826 970 1995 1052 Verg.
2052 990 2212 1051 geor.
2269 971 2377 1050 1111
2434 973 2628 1046 (403)
2693 966 2844 1052 quo'
2894 974 3130 1036 fessus
3196 975 3283 1036 ab

680 1073 889 1135 undis
935 1095 1007 1136 se
1056 1080 1321 1158 recipit
1367 1126 1380 1138 .
1429 1081 1643 1158 recipit
1688 1098 1758 1139 ex
1808 1078 1906 1139 illo
1953 1078 2146 1160 iilum,
2192 1077 2349 1139 idem
2395 1079 2537 1140 Aen.
2584 1078 2657 1139 vl
2704 1081 2886 1155 (110)
3310 1097 3339 1135 ε

1038 1185 1237 1245 illum
1284 1204 1411 1265 ego
1459 1204 1581 1264 per
1629 1185 1945 1245 flammas
1992 1195 2062 1246 et
2108 1185 2297 1246 mille
2346 1188 2727 1265 sequentia
2772 1186 2912 1248 tela

1038 1295 1273 1373 eripui
1320 1293 1429 1353 his
1476 1291 1792 1354 humeris
1840 1292 2215 1372 medioque
2262 1311 2342 1353 ex
2392 1291 2594 1354 hoste
2642 1298 2886 1375 recepi
2934 1343 2947 1356 .

850 1399 1142 1461 Residunt
1177 1401 1240 1460 in
1276 1399 1433 1460 iilam
1471 1407 1726 1482 partem,
1765 1398 1935 1478 Verg.
1973 1401 2114 1460 Aen.
2152 1397 2307 1459 VIIII
2345 1398 2532 1472 (539)
2570 1399 2727 1462 dum
2768 1420 2840 1462 se
2877 1376 3282 1481 gldmerant

675 1512 1014 1585 retroque
1081 1506 1411 1567 residunt
1472 1508 1543 1567 in
1606 1515 1878 1587 partem
1944 1524 2119 1586 quae
2182 1515 2386 1587 peste
2452 1519 2648 1569 caret
2703 1555 2717 1568 .
2775 1508 2983 1570 residit
3036 1509 3130 1570 illa
3188 1528 3278 1592 re,

671 1611 825 1673 idem
873 1611 1015 1674 Aen.
1063 1613 1087 1673 Ι
1134 1614 1330 1688 (506)
1378 1613 1706 1693 solioque
1753 1613 1894 1675 alte
1944 1613 2242 1675 subnixa
2302 1615 2563 1676 residit
2609 1662 2622 1676 .
2671 1616 2894 1677 resedit
2937 1619 2998 1676 in
3046 1616 3141 1677 illa
3187 1635 3275 1698 re,
3310 1633 3365 1671 ιο

670 1719 825 1780 idem
872 1722 1015 1782 Aen.
1061 1720 1108 1779 V
1156 1721 1337 1795 (180)
1385 1722 1718 1800 siccaque
1764 1722 1836 1781 in
1884 1739 2057 1801 rupe
2105 1721 2379 1783 resedit
2424 1770 2437 1782 .

845 1827 1216 1889 Reminiscor
1278 1827 1434 1889 iliam
1499 1846 1654 1910 rem,
1718 1826 1887 1907 Verg.
1956 1828 2093 1889 Aen.
2160 1826 2213 1887 X
2268 1828 2457 1903 (782)
2515 1838 2583 1890 et
2644 1829 2892 1891 dulces
2956 1833 3274 1892 moriens

667 1936 1170 1996 reminiscitur
1214 1936 1454 2015 Argos.
1496 1930 1505 2014 Ι

842 2041 981 2103 Ritu
1028 2041 1188 2104 illius
1234 2045 1347 2125 rei,
1395 2041 1562 2122 Verg.
1611 2043 1752 2103 Aen.
1798 2042 1878 2103 XI
1928 2044 2107 2118 (611)
2154 2043 2410 2105 crebra
2457 2046 2644 2105 nivis
2692 2046 2841 2106 ritu
2890 2093 2904 2105 .

840 2148 1047 2211 Refert
1081 2150 1247 2211 Illum
1286 2151 1460 2232 facie,
1497 2149 1666 2229 Verg.
1697 2151 1838 2211 Aen.
1867 2148 1975 2210 IIII
2003 2151 2188 2225 (329)
2228 2153 2349 2231 qui
2388 2160 2455 2212 te
2494 2160 2724 2212 tamen
2762 2170 2884 2212 ore
2921 2152 3270 2233 referret,
3302 2165 3352 2205 1⁵

664 2255 820 2317 idem
867 2258 1009 2318 Aen.
1058 2255 1165 2317 XII
1213 2258 1397 2331 (348)

875 2368 1159 2426 nomine
1207 2383 1408 2425 avum
1455 2365 1813 2443 reserens,
1860 2367 2091 2425 animo
2138 2363 2610 2444 manibusque
2656 2375 3022 2445 parentem
3073 2415 3086 2425 .

839 2471 1099 2552 Regnata
1163 2471 1246 2533 illi
1309 2471 1462 2554 loca,
1534 2473 1597 2532 in
1661 2470 1880 2551 quibus
1950 2471 2048 2533 iile
2122 2475 2413 2552 regnavit,
2487 2471 2657 2551 Verg.
2722 2473 2863 2533 Aen.
2934 2471 3002 2531 VI
3070 2473 3265 2547 (794)

663 2589 957 2659 regnata
1005 2598 1128 2660 per
1175 2597 1336 2639 arva
1385 2579 1693 2641 Saturno
1741 2579 2122 2659 quondam,
2167 2579 2322 2640 idem
2370 2580 2510 2640 Aen.
2558 2578 2639 2638 111
2685 2581 2820 2653 (13)

983 2697 1178 2747 terra
1224 2685 1475 2768 procul
1521 2689 1748 2747 vastis
1794 2686 2063 2747 colitur
2108 2686 2454 2749 Mavortia
2500 2689 2793 2768 campis,
3291 2701 3349 2741 2⁰

978 2792 1295 2854 Thraces
1340 2802 1572 2875 arant,
1617 2795 1766 2854 acri
1815 2793 2163 2873 quondam
2210 2804 2505 2873 regnata
2550 2793 2881 2873 Lycurgo
2928 2841 2942 2854 .

837 2879 1064 2981 Rcapse
1124 2919 1232 2981 pro
1297 2902 1424 2981 ipsa
1491 2919 1583 2975 re,
1647 2899 1766 2960 Cic.
1823 2899 1896 2960 de
1953 2918 2077 2980 rep.
2144 2901 2215 2972 (Ι
2260 2900 2390 2975 2,2)
2456 2919 2708 2980 reapse
2774 2920 2912 2961 non
2978 2903 3260 2961 ratione

661 3010 1076 3090 praeceptio
1126 3056 1138 3069 .

835 3115 1126 3177 Recursat
1171 3117 1390 3195 animo,
1451 3115 1624 3191 Verq.
1671 3117 1818 3176 Aen.
1870 3115 2017 3174 IIII
2056 3115 2155 3187 (3)

1051 3226 1272 3283 multa
1317 3225 1468 3283 viri
1509 3227 1746 3283 virtus
1794 3224 2032 3283 animo
2077 3221 2487 3300 multusque
2535 3230 2869 3283 recursat
3288 3238 3347 3277 25

1047 3331 1285 3410 gentis
1332 3328 1559 3390 honos
1607 3377 1618 3390 .

832 3437 1091 3517 Reponis
1155 3440 1216 3497 in
1280 3435 1437 3497 illam
1501 3456 1655 3512 rem,
1719 3435 1889 3515 Verg.
1945 3437 2088 3496 Aen.
2144 3433 2169 3494 I
2225 3436 2408 3509 (253)
2475 3437 2578 3497 sic
2642 3454 2768 3503 nos
2832 3438 2903 3496 in
2965 3447 3257 3517 sceptra

657 3546 950 3625 reponis
1000 3592 1011 3603 .
1061 3547 1387 3624 repositum
1443 3546 1506 3604 in
1562 3542 1657 3605 ilia
1713 3562 1808 3624 re,
1864 3542 1981 3603 Cic.
2030 3542 2103 3603 de
2152 3544 2336 3622 signis
2393 3545 2483 3616 (in
2545 3543 2676 3604 Ver.
2726 3543 2827 3603 IV
2863 3543 2996 3618 3,5)
3056 3561 3255 3604 sacra

655 3651 992 3729 quaedam
1049 3670 1240 3712 more
1296 3650 1841 3712 Atheniensium
1898 3652 2216 3730 reposita
2273 3653 2344 3710 in
2410 3648 2771 3730 capitibus
2835 3651 3193 3729 virginum
3241 3696 3254 3709 .

654 3776 876 3838 repone
923 3757 1007 3818 illi
1054 3761 1170 3840 rei,
1214 3756 1384 3837 Verg.
1431 3758 1572 3818 Aen.
1619 3755 1721 3816 VII
1769 3757 1953 3831 (134)
2001 3766 2069 3817 et
2115 3758 2272 3817 vina
2320 3759 2649 3836 reponite
2696 3757 2962 3816 mensis
3010 3803 3024 3815 .
3280 3770 3343 3812 so

831 3865 1168 3945 Repetitum
1216 3863 1466 3945 praedae
1513 3883 1621 3944 pro
1669 3862 1740 3924 ad
1795 3862 2101 3945 praedam,
2167 3862 2281 3923 Sal.
2337 3862 2471 3925 hist.
2528 3862 2552 3922 Ι
2618 3882 2752 3942 quo
2814 3862 3253 3943 patefactum

654 3980 764 4033 est
809 3989 1022 4051 remp.
1069 3971 1405 4054 praedae,
1453 3989 1588 4032 non
1635 3970 1962 4031 libertati
2008 3972 2393 4049 repetitam
2442 4017 2454 4030 .

833 4143 1014 4200 Oodeoe
1052 4144 1351 4199 Parrhasii
1423 4151 1452 4198 1
1499 4161 1667 4198 unam
1712 4160 1851 4199 corr.
1897 4160 2069 4198 unum
2240 4148 2271 4197 3
2321 4142 2560 4213 mutata]
2609 4142 2765 4197 mota
2933 4146 2964 4195 7
3010 4157 3081 4195 ex
3129 4146 3256 4196 ante

653 4224 813 4279 hoste
842 4230 1036 4294 postea
1072 4227 1322 4281 additum
1358 4241 1465 4280 esse
1500 4225 1716 4279 videtur
1872 4230 1936 4279 13
1975 4222 2177 4294 Argos]
2218 4240 2380 4294 agros
2534 4228 2598 4278 16
2635 4221 2764 4293 XII]
2803 4220 2855 4275 X
3000 4225 3066 4274 18
3102 4221 3250 4290 loca]

652 4305 836 4360 locum
978 4312 1044 4360 22
1082 4305 1326 4377 Reapse]
1374 4322 1538 4376 repsa
1587 4321 1723 4361 corr.
1771 4322 1931 4375 repse
1959 4304 2152 4373 priore
2188 4306 2301 4360 loco
2445 4309 2511 4359 23
2548 4302 2833 4373 preceptio
2977 4306 3048 4354 24
3083 4299 3248 4369 Verg.

650 4386 785 4440 Aen.
826 4385 931 4440 1111
977 4385 1156 4441 multa
1198 4386 1306 4441 viri
1349 4386 1526 4441 virtus
1563 4385 1748 4441 animo
1786 4402 1887 4441 om.
2058 4391 2127 4440 25
2173 4385 2489 4455 multasque
2534 4400 2669 4439 corr.
2717 4381 3037 4449 multusque

650 4469 718 4519 80
757 4465 883 4536 VII]
920 4464 1051 4520 VIII
1192 4471 1261 4521 32
1297 4465 1596 4536 repetitum

831 4633 857 4680 1
897 4644 1071 4680 unum
1107 4628 1219 4681 iam
1258 4629 1317 4681 et
1352 4627 1618 4698 alterum]
1656 4645 1769 4682 una
1801 4645 1863 4682 re
1901 4630 1960 4683 et
1995 4629 2230 4684 alteram
2267 4645 2334 4682 ex
2375 4625 2426 4680 G
2464 4626 2634 4694 edidit
2670 4622 3090 4679 Lindemannus

648 4709 681 4758 3
721 4707 777 4759 et
813 4708 1032 4760 mutata.
1067 4724 1194 4761 suos
1243 4707 1518 4777 Vergilius
1661 4714 1727 4763 22
1764 4724 1960 4777 reapse
1998 4725 2109 4763 non
2145 4708 2395 4764 oratione
2443 4703 2711 4776 perfectio
2750 4705 2915 4759 codex
2954 4704 3247 4774 Ciceroni-s,

649 4801 872 4855 reapse,
910 4802 1022 4840 non
1060 4786 1312 4841 oratione
1349 4787 1673 4858 praeceptio
1708 4788 1932 4855 defendi
1966 4789 2080 4844 ind.
2121 4790 2234 4855 lect.
2273 4788 2407 4842 Hal.
2448 4792 2573 4841 aest.
2614 4804 2665 4841 α.
2704 4789 2849 4840 1879
2879 4802 2939 4854 p.
2983 4785 3090 4839 XI

649 4870 716 4918 29
754 4881 905 4920 more
934 4867 1358 4923 Atheniensium
1385 4867 1662 4938 virginum
1689 4870 1940 4939 reposita
1967 4869 2026 4924 in
2054 4869 2330 4940 capitibus
2360 4866 2710 4922 sustinebant
2735 4864 2941 4922 codices
2970 4864 3248 4921 Ciceronis

717 4952 785 5000 32
823 4946 1072 5002 libeitati
1108 4947 1403 5017 repetitam
1440 4965 1508 5003 ex
1545 4950 1594 5002 G
1632 4951 1804 5004 edidit
1839 4950 2257 5005 Lindemannus
