3613 5528
574 415 605 476 1
615 413 701 478 64
1692 414 2154 473 CASSIODORII

566 526 611 563 p.
639 517 760 557 2294.
788 516 842 559 95
868 515 918 556 P.

742 600 861 662 Pro
929 599 1289 681 praepositio
1344 600 1644 662 interdum
1700 603 1762 662 in
1819 603 2244 682 compositione
2310 601 2715 680 corrumpitur
2778 601 2994 679 partim
3050 618 3181 660 cor-

568 710 866 787 reptione,
911 724 1047 768 cum
1087 708 1164 766 sit
1201 704 1548 767 naturaliter
1584 706 1783 789 longa,
1821 716 1890 768 ut
1927 726 2208 787 proavuS,
2245 709 2461 788 partim
2499 707 2909 788 adsumptione
2947 707 3180 769 litterae

564 814 629 895 d,
685 823 753 876 ut
804 814 1051 893 prodest
1104 813 1304 894 prodit
1357 812 1669 893 prodigus:
1723 813 2025 876 interdum
2081 812 2311 894 integra
2357 823 2450 875 est
2497 823 2555 876 et
2618 815 2743 894 ipsa
2792 821 2852 874 et
2895 832 3035 893 pars
3082 815 3179 874 cui

565 921 973 1002 coniungitur,
1019 928 1087 981 ut
1130 938 1419 1000 procuro:
1475 919 1864 999 sequentibus
1911 922 1930 981 i
1977 930 2036 982 et
2082 941 2142 1003 v,
2189 940 2325 983 cum
2370 939 2481 1001 pro
2519 919 2982 982 consonantibus
3019 928 3176 999 sunt,

564 1045 685 1087 non
719 1045 1039 1106 numquam
1079 1045 1113 1087 o
1163 1026 1419 1088 litteram
1465 1026 1663 1106 perdit
1708 1035 1811 1087 aut
1857 1036 2071 1110 mutat,
2119 1039 2186 1089 ut
2232 1027 2550 1107 providens
2596 1027 2888 1109 prudens,
2935 1034 3036 1088 aut
3082 1026 3175 1088 ad·
3207 1040 3235 1079 5

567 1136 749 1194 sumit
793 1136 813 1194 i
861 1142 921 1194 et
967 1136 1400 1214 corrumpitur,
1445 1141 1512 1193 ut
1557 1135 1899 1212 proiiectus.
1983 1110 1994 1123 ’

741 1243 979 1303 Circum
1035 1243 1395 1321 praepositio
1443 1238 1831 1320 sequentibus
1878 1240 2177 1303 vocalibus
2225 1259 2284 1301 m
2337 1241 2595 1304 litteram
2651 1243 2713 1303 in
2770 1243 3176 1303 enuntiatione

563 1351 807 1431 amittit,
861 1351 922 1409 in
977 1351 1272 1428 scriptura
1329 1357 1549 1429 servat3
1615 1349 1718 1409 sed
1778 1367 1912 1410 cum
2046 1357 2107 1409 et
2161 1368 2201 1410 u
2258 1349 2487 1411 vocales
2542 1349 2672 1410 loco
2724 1350 3178 1410 consonantium

563 1459 788 1537 positae
829 1465 1144 1536 secuntur,
1192 1463 1253 1515 et
1299 1452 1582 1515 scribitur
1618 1463 1680 1516 et
1717 1456 2091 1536 enuntiatur,
2136 1463 2205 1516 ut
2249 1458 2640 1517 circumvenit
2685 1457 3084 1517 circumiacet.

741 1564 893 1624 Ante
929 1564 1289 1643 praepositio
1327 1562 1627 1624 interdum
1665 1563 1895 1641 integra
1934 1568 2151 1642 manet,
2187 1570 2254 1623 ut
2295 1569 2630 1624 anteactum
2679 1564 2979 1624 antevenit
3014 1569 3174 1622 ante·
3207 1577 3262 1616 ιο

565 1670 752 1752 cedit,
797 1669 1097 1731 interdum
1143 1672 1469 1731 mutatione
1515 1671 1577 1729 in
1623 1670 1642 1729 i
1689 1668 1946 1730 litteram
1996 1670 2428 1749 corrumpitur,
2478 1677 2545 1729 ut
2589 1651 2830 1730 an⁹tistat
2876 1669 3174 1749 anticipat.

739 1777 905 1838 {nter
959 1778 1320 1857 praepositio
1374 1779 1438 1836 in
1483 1795 1601 1837 una
1646 1794 1789 1836 voce
1839 1783 2127 1854 sequente
2173 1775 2193 1835 l
2239 1774 2433 1836 littera
2481 1794 2512 1835 r
2557 1777 2619 1836 in
2667 1773 2914 1835 eandem
2968 1782 3178 1856 mutat,

562 1892 629 1945 ut
684 1884 991 1964 intellego:
1046 1887 1262 1946 ceteris
1317 1884 1534 1945 litteris
1593 1880 1983 1962 sequentibus
2039 1884 2510 1943 consonantibus
2564 1886 2660 1943 vel
2712 1879 3012 1942 vocalibus
3065 1898 3176 1959 per

564 2008 765 2052 omnes
810 2009 985 2052 voces
1031 1993 1261 2071 integra
1310 1997 1531 2071 manet,
1578 1997 1645 2050 ut
1690 1991 1985 2050 interitus.
2026 1987 2037 2064 Ι

739 2097 924 2159 Cuius
971 2107 1030 2159 et
1078 2100 1175 2159 cui
1220 2100 1569 2178 pronomina
1615 2116 1723 2176 per
1771 2115 1810 2175 q
1857 2094 2297 2158 scribebantur:
2354 2114 2464 2156 nos
2510 2103 2709 2157 autem
2756 2103 2816 2157 et
2861 2095 2933 2156 ad
2979 2093 3171 2155 brevi·
3202 2111 3255 2150 15

561 2212 741 2265 tatem
789 2206 1196 2266 festinavimus
1242 2204 1543 2266 scribendi
1589 2213 1650 2266 et
1694 2203 1854 2264 illam
1897 2201 2321 2283 pinguedinem
2366 2201 2571 2263 limare
2619 2201 2948 2263 maluimus.

736 2312 993 2373 Accerso
1038 2331 1147 2392 per
1184 2331 1217 2373 c
1255 2320 1318 2372 et
1353 2330 1591 2373 arcesso
1633 2329 1741 2391 per
1778 2329 1836 2391 r3
1882 2308 1988 2370 sed
2034 2327 2275 2370 accerso
2314 2310 2604 2388 significat
2640 2308 2888 2385 advoco,
2933 2326 3172 2370 arcesso

562 2417 783 2497 repello
829 2418 1134 2498 prohibeo.

736 2524 926 2604 Coqui
970 2524 1015 2607 †
1053 2526 1269 2588 Gratus
1315 2525 1690 2605 artigraphus
1734 2542 1846 2604 per
1883 2542 1915 2583 c
1961 2525 2212 2604 primam
2258 2522 2564 2604 syllabam,
2612 2524 2932 2585 secundam
2976 2543 3086 2605 per
3131 2543 3171 2603 q

559 2629 932 2691 scribendam
977 2635 1219 2712 putavit.
1294 2650 1411 2693 nou
1459 2634 1615 2692 enim
1663 2630 1917 2691 dicimus
1964 2649 2202 2713 cocere,
2259 2630 2365 2692 sed
2423 2648 2709 2711 coquere,
2767 2638 2831 2691 ut
2876 2629 3171 2709 Vergilius
3200 2644 3255 2683 20

560 2731 862 2817 ‘apricis
909 2742 1248 2820 coquitur
1298 2738 1649 2801 vindemia
1695 2731 1942 2800 saxis’.

735 2843 782 2903 V
834 2845 1030 2908 littera
1087 2848 1146 2907 in
1204 2846 1552 2926 quibusdam
1610 2843 1881 2925 partibus
1926 2846 2212 2906 orationis
2257 2847 2465 2906 vitiose
2512 2845 2830 2925 inseritur,
2874 2853 2942 2906 ut
2987 2847 3048 2906 in
3096 2864 3170 2906 eo

672 2976 917 2984 ...ὴ-..φ-

703 3031 767 3080 15
807 3025 976 3082 Cuius
1024 3027 1133 3082 Vel.
1172 3027 1347 3096 Lonq.
1388 3031 1478 3092 70,
1515 3032 1589 3080 18
1764 3030 1828 3078 17
1868 3025 2105 3080 Accerso
2155 3024 2264 3081 Vel.
2303 3026 2476 3095 Lony.
2517 3028 2607 3091 71,
2644 3030 2717 3078 16
2890 3029 2954 3078 19
2996 3023 3171 3095 Coqui

568 3105 679 3161 Vel.
718 3107 892 3177 Lonq.
934 3113 1023 3174 79,
1061 3113 1096 3164 7
1240 3114 1308 3162 22
1348 3107 1397 3160 V
1434 3106 1628 3161 littera
1676 3104 1784 3160 Vel.
1825 3095 1997 3175 Ltnq.
2039 3111 2128 3172 59,
2166 3112 2203 3161 s

702 3274 727 3319 1
761 3268 868 3322 Pro
898 3268 1239 3338 praepositio
1259 3266 1484 3337 (positio
1503 3265 1579 3333 B)
1605 3282 1730 3318 cum
1752 3264 1827 3318 sit
1846 3265 2178 3319 naturaliter
2193 3266 2368 3337 longa
2385 3266 2667 3321 interdum
2687 3264 2744 3320 in
2765 3265 3170 3334 compositione

557 3346 928 3416 corrumpitur
970 3346 1177 3417 partim
1216 3344 1563 3415 correptione
1600 3347 1666 3397 ut
1700 3362 1944 3413 proauus
1980 3344 2160 3399 ABG
2167 3361 2200 3403 ς
2345 3355 2376 3402 3
2424 3345 2635 3417 prodit]
2674 3344 2927 3415 proditus
2962 3345 3063 3403 Be

558 3431 591 3478 ὅ
628 3442 1045 3495 nonnumquam
1083 3426 1331 3480 litteram
1361 3425 1546 3494 perdit
1572 3426 1672 3477 aut
1697 3427 1881 3479 mutat
1907 3428 1970 3479 ut
2006 3424 2304 3496 prouidens
2332 3429 2433 3482 aut
2457 3426 2703 3481 adsumit
2738 3427 2837 3480 aut
2874 3425 3171 3495 corripitur

559 3525 625 3576 ut
668 3523 953 3592 profectus
1001 3523 1301 3593 (proiectus
1350 3536 1409 3589 ς,
1455 3515 1735 3591 profertur
1772 3520 1991 3593 Carrio)
2037 3523 2137 3580 Βς
2181 3511 2503 3594 ffumquam
2556 3523 2803 3578 litteram
2850 3522 3036 3593 perdit
3070 3525 3172 3577 aut

558 3604 745 3656 mutat
777 3605 843 3656 ut
877 3603 1178 3672 prouidens
1207 3605 1307 3658 aut
1340 3599 1578 3655 assumit
1604 3601 1704 3653 aut
1731 3602 2048 3671 corrupitur
2075 3604 2141 3657 ut
2175 3605 2450 3673 profertus
2481 3602 2528 3657 G
2559 3621 2973 3676 nonnumquam
3013 3604 3167 3659 litte·

554 3699 675 3736 ram
712 3681 899 3750 perdit
922 3685 1023 3736 aut
1047 3683 1232 3736 mutat
1266 3684 1367 3736 aut
1400 3677 1700 3750 prouidens
1736 3681 1980 3749 prudens
2018 3684 2152 3750 (rell.
2183 3685 2307 3753 om.)
2344 3683 2416 3739 A.
2473 3700 2888 3756 nonnumquam
2918 3686 3168 3739 litteram

555 3761 744 3832 perdit
771 3764 832 3816 et
857 3762 1065 3829 mutat,
1102 3765 1167 3816 ut
1190 3761 1490 3831 providens
1528 3758 1797 3829 prudens,
1835 3763 1936 3815 aut
1961 3760 2196 3816 assumit
2232 3765 2290 3817 et
2327 3765 2727 3834 corrumpitur,
2765 3767 2830 3820 ut
2864 3763 3168 3835 proiit-ctus

553 3842 781 3897 coniecit
808 3840 1171 3896 Schneider-us
1203 3859 1427 3912 mamm.
1460 3843 1554 3897 lat.
1587 3842 1628 3894 I
1643 3858 1706 3910 p.
1737 3844 1847 3894 647
1884 3841 2002 3894 coll.
2032 3841 2098 3895 de
2124 3842 2357 3911 orthoyr.
2396 3860 2450 3911 p.
2479 3847 2656 3899 2242.
2714 3844 2972 3915 proiiecit
3007 3844 3168 3913 yemi-

553 3926 693 3976 nata
728 3920 750 3976 i
787 3922 970 3975 littera
1007 3921 1205 3990 legitur
1241 3924 1395 3991 apud
1433 3923 1689 3977 Marium
1728 3921 2072 3976 Victorinum
2091 3939 2151 3990 p.
2183 3925 2274 3987 35,
2302 3928 2380 3978 25
2525 3930 2556 3976 9
2595 3926 2654 3979 et
2688 3924 3090 3995 pronunciatur
3126 3921 3174 3975 (J

664 4008 730 4057 13
769 4001 968 4057 ceteris
1004 4002 1222 4070 (ceteris
1258 4018 1358 4057 om.
1387 4002 1464 4073 A)
1501 4002 1705 4058 litteris
1742 4000 2102 4071 sequentibus
2138 4001 2430 4057 uocalibus
2467 4019 2567 4071 per
2593 4021 2761 4060 uoces
2798 4006 2920 4073 (pro
2947 4018 3083 4057 uoce
3112 4004 3168 4068 ς)

554 4082 777 4153 integra
812 4084 1003 4137 manet
1037 4081 1157 4134 AB
1171 4080 1281 4151 Ος,
1310 4083 1368 4137 in
1405 4082 1529 4138 aliis
1566 4081 1790 4152 integra
1828 4083 2019 4136 manet
2056 4083 2121 4136 de
2156 4083 2392 4153 orthoyr.
2426 4100 2482 4150 p.
2521 4088 2691 4139 2337.
2750 4100 2827 4137 an
2869 4081 2927 4135 in
2965 4080 3166 4135 ceteris

554 4161 759 4217 litteris
796 4160 1157 4231 sequentibus
1195 4161 1482 4218 vocalibus
1517 4162 1609 4216 vel
1647 4160 2080 4216 consonantibus
2117 4160 2338 4232 integra
2375 4164 2600 4215 manet?
2782 4168 2851 4217 14
2886 4160 3164 4230 interitus]

553 4241 749 4297 interit
774 4259 912 4298 corr.
943 4248 1006 4296 ut
1032 4241 1248 4296 videtur
1274 4241 1463 4297 interii
1492 4240 1551 4308 C,
1578 4240 1774 4294 interit
1803 4238 2002 4294 Carrio
2158 4247 2222 4295 15
2259 4241 2580 4295 scribebant
2608 4240 2675 4296 O:
2704 4242 2936 4308 fortasse
2961 4240 3167 4296 scribe-

557 4322 691 4376 bant
726 4322 942 4393 antiqui
1054 4327 1120 4377 16
1157 4322 1543 4393 pinguidinem
1581 4318 1714 4389 AG,
1752 4318 2202 4389 pinguitudinem
2241 4321 2427 4377 Velius
2453 4320 2683 4390 Lonqus
2792 4327 2857 4375 17
2897 4323 2956 4375 et
2991 4336 3092 4374 om.
3124 4319 3173 4373 0

658 4419 878 4458 arcerso
924 4420 1027 4473 per
1071 4423 1100 4459 r
1145 4404 1199 4457 A
1344 4417 1563 4457 arcerso
1609 4398 1823 4469 repello
1872 4397 1920 4452 0
2064 4405 2126 4454 18
2171 4401 2443 4471 prohibeo
2479 4416 2580 4457 om.
2621 4399 2677 4452 A
2824 4407 2889 4455 19
2936 4399 3164 4468 Gratus]

555 4482 795 4538 ‘Gnatus
838 4488 991 4538 vetus
1040 4485 1192 4552 liber,
1236 4483 1469 4551 fortasse
1512 4479 1785 4535 Donatus'
1831 4477 2041 4535 Carrio.
2097 4480 2267 4536 scribi
2302 4481 2525 4550 Poterat
2568 4482 2784 4538 Probus
2829 4480 2947 4535 coll.
2998 4478 3164 4534 Prob.

552 4566 678 4619 inst.
716 4569 822 4618 art.
862 4581 926 4633 p.
963 4568 1097 4629 126,
1134 4568 1229 4618 29.
1276 4567 1410 4630 182,
1447 4566 1554 4627 21,
1601 4562 1714 4616 nisi
1749 4561 1943 4630 potius
1977 4558 2230 4628 Lonqum
2275 4566 2466 4615 contra
2501 4561 2708 4617 Nisum
2751 4559 3166 4631 yrammaticum

550 4644 921 4712 disputantem
941 4661 1000 4713 p.
1028 4648 1118 4709 79,
1140 4649 1174 4698 ‘7‘
1200 4644 1300 4698 hoc
1325 4657 1533 4711 quoque
1559 4643 1673 4697 loco
1700 4642 2048 4710 Papirianae
2072 4644 2286 4694 secutus
2313 4645 2433 4695 erat
2537 4658 2640 4711 per
2669 4659 2699 4696 c
2729 4640 2967 4711 primam
2996 4638 3165 4708 sylla·

552 4724 682 4775 bam
711 4723 1013 4777 secundum
1033 4726 1193 4793 (corr.
1212 4723 1370 4777 -dam
1399 4723 1452 4792 b)
1481 4738 1582 4791 per
1600 4740 1637 4791 q
1664 4720 2013 4776 scribendam
2031 4722 2087 4775 B
2114 4739 2215 4792 per
2235 4740 2264 4777 c
2292 4722 2534 4792 primam
2554 4722 2832 4791 syllabam
2861 4719 3163 4774 secundam
3259 4749 3268 4756 ·

552 4818 652 4871 per
688 4822 727 4871 q
763 4802 1118 4859 scribendum
1156 4804 1203 4858 Ο
1234 4819 1335 4873 per
1371 4820 1402 4857 c
1437 4801 1623 4871 prima
1658 4801 1880 4872 syllaba
1914 4802 2158 4857 secunda
2190 4819 2292 4871 per
2328 4821 2366 4872 q
2405 4799 2758 4856 scribendam
2787 4800 2842 4853 A
2962 4805 3029 4853 20
3067 4798 3165 4853 sed

553 4899 790 4952 coquere
820 4881 918 4939 ςΑ
956 4882 1050 4938 sed
1090 4898 1374 4952 quoquere
1402 4880 1517 4937 BG
1618 4887 1683 4936 21
1723 4882 1953 4954 apricis]
1996 4882 2150 4952 Very.
2178 4898 2355 4952 qeorq.
2386 4881 2468 4934 II
2506 4885 2624 4935 522
2735 4886 2803 4934 22
2841 4879 3082 4934 insertur
3108 4878 3166 4932 A
