3613 5528
1342 423 1440 479 DE
1479 422 2060 481 ORTHOGRAPHIA
2884 420 3011 485 175

402 533 444 569 p.
473 523 579 561 2299
608 522 655 560 P.

572 605 687 666 Bar
725 623 860 667 cum
908 607 1118 686 incipit
1163 605 1398 689 syllaba,
1444 608 1482 670 b
1520 617 1743 671 mutam
1781 608 2023 671 habebit
2067 611 2339 691 positam,
2386 617 2452 670 ut
2497 607 2710 669 barrus
2750 600 3009 687 ἐλέφας,

401 711 616 773 bardus
677 704 1121 793 ἀναίσθητος,
1187 713 1404 793 bargus
1460 707 1712 796 ἀφυής,
1778 715 1981 777 barba.
2075 718 2369 796 excipitur
2424 733 2637 776 nomen
2701 716 3008 793 proprium

399 817 580 878 Varro
626 819 1047 881 tantummodO.
1121 838 1225 881 ver
1270 830 1331 882 et
1372 825 1466 883 vir
1512 822 1764 903 syllabae
1822 822 2027 902 longae
2082 822 2172 883 vel
2229 821 2439 883 breves
2486 841 2519 881 v
2567 819 2826 880 vocalem
2877 818 3038 879 loco-

400 926 643 1003 positam
692 929 1073 988 consonantis
1119 927 1447 1010 habebunt,
1493 938 1560 990 ut
1604 938 1836 1011 vertex,
1892 929 2171 1009 vergiliae
2216 920 2549 1008 πλειάδες,
2594 923 2873 1006 verbum,
2923 926 3006 985 vir

320 1048 344 1087 ε»
397 1033 552 1110 virga
609 1034 772 1112 virgo
831 1035 1021 1094 virtus
1076 1032 1330 1096 Virbius.
1424 1039 1720 1116 excipitur
1775 1035 1847 1097 ab
1905 1036 2015 1096 hac
2075 1035 2277 1115 regula
2336 1031 2741 1095 tantummodo
2808 1031 3011 1113 berna,

397 1138 549 1216 quod
604 1157 820 1200 nomen
875 1139 1015 1201 licet
1069 1159 1178 1221 ego
1231 1144 1560 1204 invenerim
1617 1163 1724 1224 per
1780 1163 1814 1203 v
1870 1146 2185 1224 scriptum,
2251 1148 2482 1223 tainen,
2538 1142 2676 1220 quia
2740 1138 3009 1199 inlustris

401 1247 711 1307 memoriae
751 1245 946 1307 audivi
981 1246 1416 1331 Memnonium,
1462 1248 1760 1311 hominem
1797 1252 1991 1310 omnis
2030 1249 2338 1310 facundiae
2376 1249 2661 1327 iudicem,
2706 1265 2770 1307 se
2801 1233 3007 1307 'dicen-

402 1358 516 1411 tem
561 1351 633 1412 de
680 1353 793 1413 hoc
841 1353 1270 1433 reprehensum
1318 1372 1349 1414 a
1396 1353 1659 1414 Romano
1708 1353 1960 1432 quodam
2009 1354 2430 1436 disertissimo,
2487 1353 2647 1433 quod
2703 1372 2810 1433 per
2855 1353 3006 1414 hanc

399 1460 788 1520 enuntiaverit
833 1458 1119 1542 litteram,
1164 1479 1274 1521 nos
1313 1479 1551 1541 quoque
1590 1470 1864 1522 notamus
1914 1480 1981 1522 ac
2030 1469 2386 1541 temptamus
2425 1462 2713 1522 rationem
2753 1459 3002 1521 reddere

569 1654 600 1702 2
651 1649 862 1719 excipit
905 1649 959 1703 B
1138 1656 1173 1703 4
1216 1648 1515 1711 ΠΛΙὸΔΕ(
1560 1651 1614 1704 Α
1670 1646 2041 1709 ΤΤΛΟΙὸΛΕ(
2085 1650 2168 1718 Β,
2214 1668 2314 1706 om.
2366 1650 2414 1704 0
2586 1648 2697 1721 vir]
2755 1647 2909 1703 uirus
2953 1650 3007 1702 A

398 1724 575 1781 uirum
608 1726 727 1781 BC
864 1735 897 1783 6
933 1731 1155 1784 tantum
1193 1733 1351 1799 (corr.
1381 1732 1522 1799 taffi)
1562 1731 1698 1800 quia
1733 1733 1790 1801 (a
1815 1732 1949 1799 ras.)
1984 1729 2236 1784 inlustris
2268 1729 2571 1785 memoriae
2607 1728 2801 1783 audiui
2838 1744 3007 1782 mem·

398 1805 615 1860 nonium
663 1806 720 1860 Β
767 1810 998 1879 tantf1q3
1046 1809 1143 1865 uia
1185 1810 1438 1866 inlustris
1483 1810 1786 1865 memoriae
1831 1809 2020 1865 audiui
2069 1808 2411 1863 meinonium
2447 1809 2502 1863 A
2548 1812 2735 1864 tamen
2773 1806 3010 1862 illustris

397 1886 693 1941 memoriae
729 1886 912 1942 uirum
950 1889 1327 1943 memnonium
1368 1889 1417 1943 0
1462 1892 1650 1944 tamen
1689 1891 1949 1944 Mennam
1999 1888 2248 1943 inlustris
2285 1889 2589 1944 memoriae
2626 1886 2820 1942 audiui
2856 1888 3008 1942 Men-

398 1965 619 2019 nonium
657 1982 690 2024 ς
818 1974 850 2021 9
886 1969 1149 2023 notamus
1185 1985 1252 2024 ao
1287 1971 1626 2038 temptamus
1654 1971 1708 2023 A
1744 1974 1795 2023 et
1831 1969 1998 2024 codex
2024 1970 2325 2024 Reman-sis
2352 1974 2484 2037 243,
2521 1971 2781 2025 notamus
2809 1985 3003 2039 accep-

396 2046 577 2098 tamus
615 2047 773 2114 (corr.
811 2049 1123 2116 acceptam)
1158 2048 1243 2117 B,
1280 2050 1598 2105 notauimus
1633 2067 1700 2106 ao
1736 2050 2139 2119 temptauimus
2179 2048 2227 2102 G

1293 2351 1662 2406 MARTYRII
1698 2352 1795 2406 DE
1833 2349 1879 2404 B
1918 2351 2012 2405 ET
2051 2351 2100 2404 V

394 2503 648 2597 ὑδαρὴς
693 2506 896 2590 οἶνος.
969 2516 1121 2598 alias,
1149 2517 1381 2578 vocales
1426 2520 1583 2580 inter
1629 2538 1664 2578 v
1701 2527 1760 2579 et
1805 2537 1843 2598 p
1891 2517 2225 2578 conlocatas
2270 2519 2468 2578 inveni
2514 2516 2784 2578 delicere.
2857 2520 2918 2577 in
2965 2535 3004 2595 q

398 2620 669 2698 syllabam
715 2622 1015 2683 definitam
1065 2624 1337 2685 similiter
1386 2628 1652 2687 invenire
1700 2645 1818 2687 non
1866 2628 2050 2705 potui.

508 2781 517 2790 .
566 2728 680 2791 Bar
727 2748 863 2792 cum
910 2731 1117 2811 incipit
1161 2731 1408 2814 syllaba,
1464 2714 1773 2795 b·mutam
1831 2731 2107 2794 habuerit
2160 2735 2440 2816 positam,
2497 2741 2566 2796 ut
2610 2732 2823 2794 barrus
2870 2723 2997 2793 ἐλέ-

396 2854 553 2914 φας,
599 2835 821 2898 bardus
859 2828 1300 2918 ἀναίσθητος,
1346 2838 1567 2920 bargus
1614 2831 1840 2921 ἀφυής
1851 2886 1869 2918 ,
1917 2838 2098 2900 barba
2138 2849 2198 2901 et
2244 2841 2401 2920 quod
2449 2843 2509 2901 in
2549 2838 3002 2920 glossematibus

344 2952 370 2992 ⁸
395 2942 587 3004 inveni
641 2943 885 3024 bargina
940 2935 981 3025 ἡ
1036 2938 1514 3026 προσφώνησις
1575 2938 1970 3028 βαρβαρική.
2063 2948 2358 3025 excipitur
2414 2964 2628 3006 nomen
2694 2946 3003 3025 proprium

396 3045 573 3110 Varro
622 3051 1027 3112 tantummodo
1072 3070 1105 3111 a
1144 3052 1363 3132 regula.
1437 3071 1540 3113 ver
1580 3056 1669 3114 vir
1715 3051 1970 3132 syllabae
2018 3050 2224 3130 longae
2265 3052 2356 3112 vel
2401 3051 2614 3113 breves
2661 3072 2694 3112 v
2741 3049 3001 3112 vocalem
3072 3098 3083 3108 .

393 3152 520 3215 loco
557 3160 809 3236 positam
846 3161 1226 3220 consonantis
1271 3159 1600 3242 habebunt,
1647 3168 1714 3220 ut
1765 3167 1993 3238 vertex,
2040 3158 2315 3238 vergiliae
2352 3151 2689 3236 πλειάδες,
2735 3155 3003 3237 verbum,

393 3263 478 3322 vir
517 3264 677 3342 virga
714 3266 879 3343 virgo
917 3266 1105 3326 virtus
1143 3263 1397 3330 Virbius,
1474 3268 1767 3345 excipitur
1803 3284 1837 3325 a
1874 3264 2077 3344 regula
2127 3265 2537 3326 tantummodo
2583 3264 2795 3345 berna,
2841 3263 2999 3342 quod

393 3384 605 3429 nomen
660 3368 799 3430 licet
854 3388 964 3451 ego
1019 3373 1217 3433 inveni
1270 3391 1379 3452 per
1424 3393 1457 3432 v
1514 3372 1850 3453 digammon
1906 3373 2224 3452 scriptum,
2280 3379 2505 3453 tamen,
2561 3373 2697 3451 quia
2753 3369 3001 3430 illustris

318 3487 366 3526 ιο
391 3477 708 3537 memoriae
745 3476 940 3540 audivi
976 3477 1403 3553 Memnonium,
1451 3481 1645 3539 omnis
1689 3477 1990 3537 hominem
2029 3477 2337 3538 facundiae
2375 3477 2661 3558 iudicem,
2699 3495 2762 3538 se
2802 3475 2999 3536 dicen·

389 3588 510 3640 tem
565 3580 640 3641 de
694 3582 808 3644 boc
862 3585 1295 3664 reprehensum
1349 3602 1382 3644 a
1437 3583 1703 3645 Romano
1757 3583 2011 3662 quodam
2073 3582 2492 3664 disertissimo,
2563 3591 2631 3643 ut
2684 3600 2794 3661 per
2850 3582 3002 3642 banc

389 3688 789 3748 enuntiaverit
834 3690 1116 3774 litteram,
1163 3709 1272 3752 nos
1314 3709 1553 3770 quoque
1601 3698 1875 3751 notamus
1911 3708 1980 3751 ac
2029 3697 2386 3769 temptamus
2422 3691 2714 3751 rationem
2751 3689 3002 3750 reddere

390 3794 557 3870 quasi
614 3793 972 3858 diversitatis
1026 3815 1220 3860 causa.
1304 3800 1354 3858 si
1410 3799 1568 3859 enim
1624 3796 1811 3857 berna
1866 3795 2026 3856 domi
2089 3798 2354 3883 genitum
2410 3798 2727 3876 significat,
2797 3795 2854 3857 id
2912 3805 3005 3857 est

391 3887 427 3957 ὅ
476 3894 849 3982 οἰκογενής,
897 3922 1210 3965 commune
1256 3913 1349 3965 est
1395 3903 1577 3964 duum
1624 3920 1914 3982 generum
1960 3904 2288 3964 secundum
2326 3909 2585 3983 vetereS,
2635 3904 2813 3963 trium
2860 3921 3000 3962 vero

392 4018 499 4027 *Ἦ

534 4088 557 4134 1
600 4081 748 4137 inter
783 4082 821 4136 b
858 4084 917 4136 et
954 4100 989 4151 p
1027 4083 1093 4136 N
1230 4090 1263 4137 2
1292 4081 1534 4139 inveniri
1570 4100 1679 4138 non
1723 4083 1912 4153 potuit
1947 4083 2013 4136 N
2149 4089 2181 4136 3
2221 4099 2347 4136 cum
2383 4079 2584 4151 incipit
2621 4080 2677 4133 P
2705 4096 2831 4134 cum
2868 4079 3004 4134 inci-

388 4158 510 4227 piat
544 4159 615 4213 N
738 4168 774 4216 4
809 4161 1016 4231 bargus
1053 4182 1286 4231 αφαυης
1320 4163 1377 4216 Ρ
1403 4162 1611 4234 bargus
1645 4183 1799 4231 αφης
1834 4163 1902 4216 Ν
2030 4162 2205 4217 barba
2242 4164 2302 4215 et
2335 4159 2611 4230 barginna
2647 4159 2795 4230 quod
2833 4159 3001 4228 signi-

390 4241 521 4295 ficat
568 4259 971 4311 προσφωνησιν
1024 4244 1375 4313 βαρβαρικην
1424 4246 1489 4298 ut
1536 4242 1595 4297 in
1646 4241 2080 4313 glossematibus
2127 4242 2325 4310 reperi.
2381 4240 2733 4309 excipiuntur
2774 4238 3006 4293 nomina

390 4321 618 4390 propria
654 4324 717 4376 ut
751 4323 930 4379 Varro
970 4325 1027 4378 et
1062 4324 1443 4395 Vargunteius
1479 4322 1872 4379 tantummodo
1907 4323 2104 4393 regula
2144 4323 2200 4376 P
2339 4318 2801 4390 glosemmatibus
2836 4318 2904 4371 N

393 4404 423 4452 ⁷
470 4401 535 4454 ut
584 4403 801 4474 vertex]
852 4419 952 4458 ver
987 4419 1192 4459 vervex
1233 4404 1289 4457 P
1463 4411 1495 4458 9
1535 4403 1803 4472 scriptum
1845 4403 1902 4457 in
1940 4401 2293 4473 exemplariis
2331 4398 2587 4470 plurimis
2622 4401 2812 4453 tamen
2848 4397 2905 4450 P

396 4484 457 4532 19„
494 4496 561 4535 ac
598 4484 903 4537 temtamus
941 4483 998 4536 P
1026 4485 1085 4539 et
1115 4486 1458 4553 temptamus
1495 4483 1560 4536 N
1684 4490 1751 4536 14
1787 4502 1887 4537 τον
1916 4501 2177 4552 οικογενη
2207 4496 2499 4537 commune
2527 4479 2614 4532 est
2640 4478 2812 4531 duum
2837 4493 3002 4547 gene-

392 4575 508 4612 rum
548 4560 851 4616 seeundum
890 4563 1160 4630 quosdam
1200 4579 1326 4617 cum
1361 4563 1419 4616 in
1458 4562 1640 4632 prima
1675 4562 2053 4619 declinatione
2088 4563 2348 4617 neutrum
2393 4573 2570 4629 genus
2615 4554 2856 4611 inveniri
2891 4572 3003 4611 non

394 4638 587 4694 volunt
619 4640 791 4695 trium
828 4658 962 4697 vero
1000 4642 1305 4697 secundum
1332 4641 1477 4697 alios
1513 4659 1580 4696 ac
1615 4660 1799 4697 meam
1828 4642 2147 4712 opinionem
2174 4641 2309 4709 quia
2345 4640 2448 4693 hoc
2478 4636 2693 4705 expetit
2718 4639 2778 4690 et
2801 4638 3003 4691 natura

397 4721 454 4772 et
485 4720 635 4789 apud
674 4720 1006 4776 Sallustium
1042 4739 1246 4777 nomen
1282 4721 1526 4776 fluminis
1562 4724 1762 4777 neutro
1797 4738 2001 4793 genere
2038 4722 2246 4776 lectum
2283 4721 2368 4774 est
2393 4714 2608 4771 Thuria
2644 4718 2702 4770 et
2736 4714 3004 4770 Mulucha

396 4815 563 4869 usque
598 4799 673 4854 ad
709 4800 917 4855 flumen
954 4800 1220 4856 Mulucha
1255 4801 1358 4855 sub
1393 4801 1626 4871 Iugurta
1660 4806 1823 4857 erant
1860 4801 2016 4869 (San.
2051 4803 2178 4871 luy.
2217 4817 2261 4856 c.
2301 4800 2409 4866 19).
2465 4792 2639 4862 igitur
2675 4796 2792 4851 eive
2829 4796 3002 4851 duum

396 4880 507 4934 sive
541 4880 711 4936 trium
748 4897 1014 4952 generum
1053 4886 1140 4938 est
1178 4899 1467 4938 commune
1506 4884 1591 4938 est
1626 4886 1686 4938 et
1721 4901 1821 4954 per
1855 4884 1891 4939 b
1931 4887 2144 4938 mulam
2182 4880 2442 4937 scribitur
2480 4883 2537 4936 P
