3613 5528
445 922 559 973 188,6

420 1836 563 1885 issue

446 3076 560 3131 189,1

596 400 729 465 322
1739 398 2055 455 AVDACIS

600 514 645 551 p.
674 504 699 543 3
726 502 787 544 Η.

598 587 868 668 partibus
949 588 1134 649 divisa
1217 590 1277 648 in
1353 588 1604 647 virtutes
1676 586 1936 665 vitiaque
2011 584 2321 646 descendit
2383 631 2398 647 .
2464 586 2604 645 vitia
2685 581 3208 662 reprehenduntur

600 695 977 776 soloecismo,
1018 693 1381 756 barbarismo
1419 692 1481 755 et
1518 693 1611 754 his
1648 712 1797 773 quas
1827 693 2037 755 Graeci
2072 691 2306 767 κακίας
2341 686 2552 773 λόγου
2587 690 2886 772 appellant
2914 738 2927 750 .
2957 691 3208 750 virtutes

601 821 740 862 vero
787 802 1140 881 digeruntur
1188 804 1249 863 in
1299 810 1530 884 tropoS,
1576 802 1903 882 schemata,
1951 801 2366 882 metaplasmos
2413 808 2475 861 et
2518 799 2612 859 his
2659 796 2887 859 similia.
2929 796 2938 873 Ι

780 908 1204 970 Grammaticae
1251 909 1445 969 officia
1494 917 1638 988 quot
1693 905 1879 969 sunt?
1952 908 2280 987 Quattuor,
2343 906 2402 967 id
2470 914 2564 968 est
2625 906 2825 986 lectio,
2895 906 3210 984 enarratio,

600 1016 960 1097 emendatio,
1015 1017 1301 1077 iudicium
1350 1062 1362 1076 .
1412 1015 1614 1076 Lectio
1664 1014 1804 1094 quid
1865 999 1999 1075 est'?
2074 1012 2415 1075 Secundum
2472 1020 2752 1074 accentus
2809 1019 2870 1072 et
2924 1030 3208 1072 sensuum
3236 1019 3264 1061 ⁵

601 1124 1015 1184 necessitatem
1073 1124 1310 1202 propria
1369 1124 1696 1182 enuntiatio
1745 1170 1758 1182 .
1817 1119 2127 1181 Enarratio
2184 1120 2324 1200 quid
2384 1099 2517 1181 est?
2601 1119 2944 1181 Secundum
3000 1128 3208 1198 poetae

604 1229 965 1290 voluntatem
1016 1232 1193 1290 unius
1241 1232 1532 1309 cuiusque
1580 1228 2002 1308 descriptionis
2049 1227 2380 1308 explanatio
2429 1273 2442 1287 .
2489 1226 2838 1287 Emendatio
2886 1226 3026 1305 quid
3076 1222 3210 1286 est?

600 1335 889 1395 Errorum
956 1336 1107 1415 apud
1177 1345 1382 1416 poetas
1439 1345 1499 1397 et
1560 1337 1977 1417 figmentorum
2037 1334 2441 1415 reprehensio,
2531 1334 2819 1396 Iudicium
2876 1333 3018 1413 quid
3073 1331 3208 1398 est?

599 1443 759 1504 Bene
807 1442 1102 1504 dictorum
1150 1441 1569 1522 comprobatio.
2031 1441 2035 1446 ’

1600 1659 1720 1728 DE
1766 1660 2205 1729 LEO-'morin
3035 1744 3042 1756 ,
3240 1692 3295 1732 10

785 1809 989 1871 Partes
1050 1810 1325 1871 lectionis
1391 1819 1535 1889 quot
1599 1806 1783 1871 sunt?
1877 1810 2197 1891 Quattuor,
2261 1810 2317 1870 id
2381 1818 2474 1870 est
2537 1818 2846 1889 accentuS,
2910 1808 3210 1888 discretio,

602 1920 1038 1999 pronuntiatio,
1095 1916 1433 1978 modulatio.
1507 1917 1803 1978 Accentus
1859 1918 1999 1997 quid
2049 1913 2183 1978 est?
2247 1915 2431 1977 Vnius
2488 1918 2782 1995 cuiusque
2839 1915 3092 1996 syllabae
3150 1917 3209 1975 in

603 2025 1213 2105 sono'pronuntiandi
1250 2023 1517 2104 qualitas
1584 2023 1879 2085 Discretio
1918 2024 2057 2104 quid
2098 2019 2234 2084 est?
2288 2023 2683 2084 Confusarum
2714 2023 3208 2102 significationum

601 2131 881 2213 perplana
930 2133 1280 2212 significatio
1328 2178 1341 2192 .
1389 2131 1802 2191 Pronuntiatio
1853 2130 1991 2209 quid
2051 2126 2184 2191 est?
2259 2130 2633 2210 Scriptorum
2690 2129 3020 2192 secundum
3077 2146 3209 2207 per·
3245 2119 3262 2127 ⁸

602 2256 778 2299 sonas
824 2239 1263 2299 accommodata
1301 2238 1683 2299 distinctione
1722 2236 2077 2318 similitudo,
2124 2246 2191 2298 ut
2226 2245 2370 2316 puta
2408 2255 2545 2298 cum
2583 2246 2685 2298 aut
2722 2238 2882 2298 senis
2919 2245 3211 2315 tempera·
3241 2255 3296 2294 ιε

601 2354 866 2406 mentum
906 2353 1009 2406 aut
1047 2347 1277 2406 iuvenis
1302 2345 1671 2425 ‚protervitas
1708 2352 1812 2405 aut
1850 2344 2101 2405 feminae
2140 2345 2453 2406 infirmitas
2490 2353 2595 2406 aut
2629 2342 2881 2424 qualitas
2919 2345 3210 2422 cuiusque

599 2471 889 2532 personae
930 2452 1344 2532 distinguenda
1383 2459 1473 2513 est
1512 2461 1572 2513 et
1610 2470 1806 2513 mores
1845 2454 2137 2532 cuiusque
2165 2452 2403 2515 habitus
2433 2452 2801 2534 exprimendi
2840 2501 2853 2514 .
2893 2451 3210 2512 Modulatio

602 2559 742 2639 quid
793 2556 927 2621 est?
1000 2560 1339 2621 Continuati
1388 2562 1681 2620 sermonis
1713 2562 1787 2620 .in
1835 2559 2249 2622 iucundiorem
2288 2560 2525 2622 dicendi
2562 2562 2854 2621 rationem
2890 2557 3211 2620 artificialis

601 2667 792 2729 flexus
839 2670 899 2727 in
947 2666 1353 2728 delectabilem
1401 2666 1638 2729 auditus
1677 2667 1927 2727 sormam
1967 2686 2290 2729 conversus
2329 2670 2664 2748 asperitatis
2702 2667 2971 2728 vitandae
3008 2667 3210 2746 gratia.

1554 2888 1672 2953 DE
1720 2887 2255 2954 LATINITATE
2743 2898 2748 2903 ’
3241 2896 3296 2936 ²0

782 3035 1068 3098 Latinitas
1108 3037 1247 3116 quid
1288 3033 1421 3098 est?
1468 3035 1817 3097 Observatio
1847 3038 2191 3117 incorrupte
2222 3035 2502 3117 loquendi
2532 3037 2859 3129 secundum
2889 3035 3211 3097 Romanam

604 3144 863 3224 lingnam
933 3192 946 3205 .
1012 3145 1171 3216 Quot
1242 3143 1435 3205 modis
1510 3152 1742 3205 constat
1814 3141 2116 3206 latinitas?
2206 3144 2426 3205 Tribus
2492 3191 2505 3206 .
2571 3140 2846 3217 Quibus?
2949 3143 3215 3222 Ratione,

750 3368 780 3414 2
819 3359 1169 3415 barbarismo
1207 3376 1309 3416 om.
1352 3360 1440 3427 M,
1479 3362 1606 3415 add.
1643 3360 1699 3414 Β
1845 3362 1998 3431 greci
2045 3359 2228 3415 cacias
2272 3361 2401 3417 locu
2437 3363 2729 3433 appellant
2767 3362 2842 3416 M
2877 3360 3036 3431 greci
3080 3360 3216 3429 logu

602 3440 895 3510 appellant
951 3441 1002 3493 Β
1146 3446 1179 3493 3
1218 3437 1427 3493 similia.
1476 3440 1573 3494 DE
1621 3439 1986 3495 LECTIONE
2032 3440 2190 3494 INT.·
2235 3440 2646 3497 Grammaticae
2693 3440 3080 3511 (Grammatici
3128 3438 3219 3510 M)

604 3521 791 3576 officia
816 3520 974 3575 ΒΜ.
1047 3519 1456 3588 inscriptionem
1484 3521 1554 3575 de
1581 3521 1824 3577 lectione
1861 3522 1931 3576 ab
1965 3523 2064 3576 hoc
2100 3522 2215 3575 loco
2249 3522 2489 3576 alienam
2522 3523 2587 3577 in
2611 3538 2773 3577 emam
2798 3523 2980 3577 locum
3004 3519 3219 3575 restitui

673 3607 708 3654 4
746 3601 1156 3656 Grammaticae
1194 3598 1402 3670 officia]
1443 3600 1628 3657 Diem.
1658 3619 1718 3670 p.
1749 3606 1978 3667 426,12
2016 3601 2416 3672 grammaticae
2445 3601 2652 3669 officia,
2692 3603 2759 3657 ut
2783 3602 3000 3657 adserit
3022 3600 3218 3667 Varro,

602 3683 863 3737 constant
897 3681 956 3746 in
993 3680 1248 3750 partibus
1286 3682 1577 3748 quattuor,
1615 3679 1885 3749 lectione,
1940 3679 2314 3749 enarratione,
2365 3681 2779 3750 emendatione,
2825 3682 3040 3739 indicio
3183 3685 3216 3734 5

602 3780 824 3818 sensum
873 3763 949 3816 M
1091 3766 1123 3815 6
1160 3759 1389 3829 propria
1435 3760 1749 3815 enuntiatio
1799 3762 1874 3815 M
1915 3760 2224 3832 propriatio
2268 3761 2325 3815 Β
2379 3762 2605 3832 propria
2660 3763 3048 3833 pronuntiatio
3102 3760 3157 3813 V

600 3843 824 3913 poetae]
862 3842 1124 3912 poemate
1164 3842 1239 3895 Μ
1382 3848 1410 3896 7
1443 3840 1820 3910 discriptionis
1860 3842 1935 3894 M
1967 3839 2375 3911 disseriptionis
2405 3842 2460 3895 Β
2605 3847 2672 3896 10
2711 3843 2807 3897 DE
2843 3840 3216 3899 LECTIONE

601 3924 700 3978 hoc
724 3920 850 3978 ‘loco
886 3938 986 3976 om.
1026 3921 1169 3975 ΒΜ
1313 3927 1373 3975 11
1415 3921 1606 3990 partes
1641 3920 1901 3976 lectionis
1952 3920 2002 3974 V
2035 3922 2226 3990 partes
2271 3920 2579 3977 lectionum
2619 3924 2694 3976 M
2736 3924 2923 3993 partes
2975 3921 3217 3977 declina·

602 4004 819 4060 tionum
856 4003 911 4056 Β
1059 4008 1125 4057 12
1163 4002 1223 4057 in
1258 4018 1395 4056 sono
1433 3999 1833 4070 pronuntiandi
1872 4000 1924 4054 V
1955 3998 2354 4070 pronuntiandi
2390 4002 2449 4055 in
2477 4020 2614 4058 sono
2644 4004 2720 4057 M
2726 4024 2743 4056 .-
2778 4002 2836 4055 in
2862 4018 3005 4057 sono
3033 4018 3132 4058 om.
3160 4002 3217 4056 Β

607 4088 673 4138 15
712 4082 1109 4139 acommodata
1143 4082 1199 4135 Β
1236 4080 1612 4135 adcomodata
1649 4081 1723 4134 M
1750 4121 1763 4133 .
1794 4081 2218 4136 accommodata
2255 4080 2544 4137 distinctio
2582 4080 2952 4137 similitudine
2993 4081 3221 4136 coniecit

611 4167 824 4221 Thur-ot
858 4181 1018 4219 revue
1054 4164 1284 4233 critique
1328 4180 1381 4217 α.
1418 4166 1567 4217 1877
1605 4179 1666 4230 p.
1705 4166 1817 4216 307
1864 4162 1981 4217 coll.
2018 4163 2180 4217 schol.
2217 4162 2390 4221 Dion.
2433 4163 2629 4218 Thrae.
2669 4180 2729 4233 p.
2769 4166 2875 4217 744
2922 4157 3218 4230 «ὑπόκρισίς

607 4243 759 4302 ἐστιν
802 4240 1126 4315 ἁρμόζουσα
1179 4245 1445 4313 (μίμησις)
1500 4248 1620 4305 τοῖς
1655 4237 2057 4312 ὑποκειμένοις
2093 4238 2413 4310 προσώποις
2450 4240 2512 4298 ἔν
2549 4263 2609 4298 τε
2647 4237 2792 4317 λόγῳ
2830 4242 2930 4297 καὶ
2957 4237 3213 4313 σχήματι.

605 4328 674 4393 cf.
713 4326 897 4380 Diem.
926 4342 988 4394 p.
1028 4329 1245 4391 436‚19
1392 4329 1459 4378 16
1498 4322 1762 4392 cuiusque
1799 4338 2072 4391 personae
2107 4323 2423 4392 Diomedes,
2472 4323 2738 4393 cuiusque
2776 4324 3046 4392 cuiusque
3091 4341 3214 4394 per·

606 4422 776 4461 sonae
812 4406 867 4460 Β
906 4405 1302 4474 cuiuscumque
1340 4419 1610 4473 personae
1651 4404 1725 4457 M
1757 4402 1921 4457 unius
1959 4403 2225 4473 cuiusque
2261 4422 2532 4475 personae
2579 4405 2632 4458 V
2739 4410 2803 4460 18
2840 4421 3123 4459 sermones
3158 4405 3214 4458 Β

612 4493 673 4541 19
713 4485 924 4556 gratias
962 4484 1044 4539 hl'
1086 4485 1166 4539 IN
1203 4483 1491 4539 distinctio
1528 4483 1663 4553 quid
1702 4487 1787 4538 est
1822 4489 2176 4550 324,13-1’1
2217 4485 2524 4554 suspendit.
2608 4484 2707 4538 DE
2761 4483 3216 4541 LATINITATE

608 4568 713 4623 Int.
735 4565 991 4620 latinitas
1021 4565 1155 4635 qnid
1183 4564 1269 4619 est
1299 4564 1373 4617 M
1394 4564 1731 4633 interpositis
1765 4564 1865 4618 hoc
1900 4554 2014 4618 loco
2051 4564 2123 4617 iis
2159 4581 2299 4633 quae
2332 4565 2489 4631 infra
2517 4565 2585 4619 de
2619 4564 2970 4619 distinctione
3004 4566 3215 4635 scripta

605 4651 735 4702 swnt
878 4652 944 4700 21
985 4643 1292 4715 Latinitas]
1331 4642 1517 4697 Diem.
1548 4661 1608 4712 p.
1648 4647 1867 4710 439,14
1913 4641 2168 4698 latinitas
2215 4646 2303 4699 est
2345 4643 2665 4713 incorrupte
2709 4643 2982 4714 loquendi
3030 4645 3217 4700 obser-

607 4724 760 4780 vatio
825 4725 1130 4780 seeundum
1186 4724 1495 4778 Romanam
1558 4723 1827 4793 linguam.
1904 4725 2125 4778 constat
2177 4724 2394 4791 antem,
2459 4725 2523 4778 ut
2583 4723 2794 4778 adserit
2856 4723 3059 4791 Varro,
3125 4724 3216 4779 his

606 4806 898 4874 quattuor,
936 4808 1158 4869 natura,
1202 4802 1489 4873 analogia,
1528 4804 1944 4872 consuetudine,
1980 4801 2321 4859 auctoritate
2465 4803 2600 4872 quid
2629 4805 2715 4858 est
2742 4820 2841 4857 om.
2871 4803 2945 4872 Β,
2983 4805 3111 4859 add.
3145 4805 3220 4858 Μ

679 4885 1003 4955 incorrupta
1038 4882 1338 4953 eloquendi
1377 4884 1678 4939 secundum
1714 4901 2010 4939 romanum
2045 4883 2300 4954 linguam
2334 4884 2391 4938 Β
2536 4890 2602 4938 22
2640 4883 2890 4955 linguam
2929 4901 3031 4939 om.
3072 4886 3146 4939 M
