3613 5528
1374 401 1473 456 DE
1512 402 2090 459 ORTHOGRAPHIA
2946 408 3038 473 65

430 514 474 550 p.
502 502 618 540 2226.
645 502 699 541 27
728 501 777 540 P.

433 580 569 646 ‘tua
625 588 851 646 terris
907 584 1136 645 didita
1196 582 1432 667 fama',
1488 590 1602 648 iam
1647 606 1766 649 non
1817 599 1908 658 est
1955 608 1985 648 a
2034 588 2105 649 de
2153 593 2619 673 praepositique,
2666 594 2768 654 sed
2818 597 2928 669 dis,
2976 602 3035 654 et

434 694 716 753 unitatem
774 691 1069 771 quandam
1126 692 1541 772 complectitur
1596 697 1774 755 vocis.
1857 696 1918 755 in
1949 695 2086 756 -hac
2144 704 2339 758 tamen
2391 694 2401 777 Ι
2451 698 2524 759 de
2581 703 3038 780 praepositione,

434 817 608 878 quam
666 799 788 860 dixi
832 799 1066 878 plenam
1112 803 1415 880 praeponi,
1463 800 2049 863 animadvertendum
2095 803 2270 885 illud,
2317 804 2475 883 quod
2533 808 2934 889 imminuitur,
2995 810 3045 867 si

432 906 666 985 quando
731 924 991 985 sequens
1052 925 1159 966 vox
1222 925 1254 966 a
1313 907 1508 968 littera
1568 927 1600 968 e
1663 911 1901 991 incipit,
1961 920 2028 970 ut
2085 919 2177 971 est
2242 911 2483 973 derrare
2544 913 2742 991 desse,
2806 920 2868 976 in
2930 934 3044 995 qua

378 1022 404 1061 ⁵
431 1016 835 1074 enuntiatione
894 1013 1116 1074 sufficit
1168 1015 1297 1092 ipsa
1354 1013 1686 1093 productio.
1760 1024 1822 1076 et
1869 1026 2163 1095 quatenus
2212 1019 2526 1080 incidimus
2571 1022 2633 1081 in
2680 1023 3044 1082 mentionem

429 1122 889 1199 praepositionis
936 1119 1045 1199 dis,
1091 1117 1502 1180 adnotabimus
1553 1128 1613 1180 et
1658 1119 1817 1180 illam
1860 1121 2094 1200 plenam
2139 1124 2468 1203 praescribi
2506 1128 2742 1208 ceteriS,
2788 1131 2905 1188 nisi
2952 1129 3044 1188 his

431 1224 699 1304 partibus
737 1228 1023 1287 orationis
1061 1244 1212 1305 quae
1248 1228 1544 1306 incipiunt
1581 1245 1613 1287 a
1650 1227 1848 1289 littera
1887 1248 1963 1310 m,
2003 1238 2068 1291 ut
2107 1230 2366 1312 dimovit,
2413 1241 2516 1293 aut
2561 1252 2618 1312 n,
2668 1242 2732 1294 ut
2769 1234 3046 1315 dinoscit,

432 1341 534 1393 aut
580 1333 624 1414 l,
672 1341 739 1394 ut
783 1332 981 1415 diluit,
1028 1341 1132 1394 aut
1177 1332 1244 1415 b,
1291 1342 1357 1394 ut
1405 1332 1734 1415 dibucinat,
1782 1345 1885 1396 aut
1929 1355 1992 1419 g,
2040 1345 2106 1398 ut
2153 1338 2387 1420 digerit,
2433 1347 2535 1400 aut
2580 1342 2631 1400 si
2678 1359 2717 1400 a
2764 1340 2800 1400 d
2850 1341 3045 1403 littera

429 1442 663 1520 incipit,
723 1448 790 1501 ut
847 1438 1096 1521 diditus,
1150 1458 1267 1519 quo
1324 1440 1499 1501 modo
1545 1439 1838 1520 vergilius
1886 1439 2036 1505 ‘tua
2093 1447 2315 1505 terris
2361 1446 2590 1508 didita
2645 1443 2887 1529 fama',
2945 1457 3046 1509 aut

356 1550 492 1607 10in
540 1548 569 1606 f
605 1547 863 1608 litteram
915 1548 1198 1627 transire,
1255 1550 1306 1607 si
1351 1547 1424 1607 ab
1471 1548 1580 1608 hac
1617 1547 1833 1637 veadem
1881 1568 2139 1628 sequens
2184 1570 2295 1612 vox
2339 1555 2609 1636 incipiat,
2667 1563 2734 1615 ut
2790 1555 3039 1616 diffudit.

607 1653 723 1714 Per
780 1672 920 1714 vero
976 1655 1336 1734 praepositio
1395 1653 1670 1715 omnibus
1725 1657 1955 1734 integra
2011 1660 2425 1739 praeponitur,
2477 1662 2595 1720 nisi
2651 1680 2788 1722 cum
2834 1662 3042 1723 incidit

430 1762 491 1819 in
538 1760 559 1819 1
602 1759 890 1841 litteram,
937 1760 1188 1821 adfinem
1236 1769 1680 1841 consonantem,
1727 1779 1902 1840 quam
1950 1762 2327 1842 elegantioris
2375 1768 2667 1827 sermonis
2708 1770 2815 1828 viri
2862 1771 3042 1847 gemi-

394 1872 572 1926 Qlare
632 1865 858 1927 malunt
902 1886 1091 1947 -quam
1147 1887 1177 1927 r
1233 1867 1493 1928 litteram
1538 1869 1902 1945 exprimere,
1951 1878 2018 1930 ut
2071 1887 2207 1930 cum
2252 1870 2517 1950 pellabor
2554 1872 2780 1935 malunt
2840 1874 3042 1935 dicere

431 1992 606 2053 quam
652 1973 944 2053 perlabor.
1017 1992 1130 2035 nec
1178 1973 1347 2036 aliter
1394 1975 1549 2053 apud
1594 1973 1889 2036 Lucilium
1934 1976 2182 2057 legitur,

353 2088 403 2128 1⁵
750 2078 796 2161 †
842 2083 913 2140 in
958 2082 1582 2161 praepositionem
1626 2092 1755 2160 per
1801 2081 1822 2141 l
1866 2081 2185 2144 liciendo
2233 2086 2418 2164 quod
2466 2096 2576 2148 est
2629 2088 3041 2151 inducendo

1540 2194 1552 2207 ·
2223 2195 2536 2271 geminat
2580 2195 2615 2255 l.

431 2294 710 2375 pellicere
757 2295 985 2356 malunt
1029 2313 1207 2373 quam
1251 2294 1560 2374 perlicere.
1635 2295 1792 2356 unde
1840 2305 1900 2357 et
1946 2298 2100 2377 apud
2148 2297 2470 2379 Vergilium
2516 2319 2637 2361 non
2683 2301 2853 2362 aliter
2899 2302 3040 2383 legi-

433 2419 582 2484 mus»,
633 2396 966 2481 ‘pellacis
1011 2396 1255 2482 Vlixi'3
1303 2408 1363 2461 et
1408 2419 1439 2460 a
1484 2400 1801 2480 pelluendo
1847 2401 2032 2481 pelvis
2080 2411 2140 2464 et
2184 2404 2339 2483 apud
2380 2407 2654 2485 antiquos
2691 2401 3038 2487 τρισυλλά-

432 2507 567 2586 βως
612 2508 845 2588 pelluiS,
890 2527 1041 2588 quae
1089 2526 1251 2568 nunc
1298 2509 1359 2567 in
1407 2509 1709 2587 synaeresi
1754 2507 1940 2588 pelvis
1986 2508 2221 2571 dicitur.

355 2620 406 2658 ²⁰
611 2615 918 2686 Quatenus
975 2615 1448 2694 praepositiones
1507 2614 1954 2694 persequimur,
2023 2633 2142 2676 non
2203 2616 2459 2678 alienum
2521 2629 2613 2681 est
2670 2639 2736 2682 re
2802 2640 3038 2702 quoque

611 2787 793 2843 Codex
830 2788 1122 2842 Parrhasii
1195 2796 1221 2842 1
1255 2804 1363 2841 non
1394 2787 1487 2846 est.
1506 2784 1577 2839 ad
1613 2786 2091 2855 praepositionem
2120 2789 2218 2843 sed
2254 2790 2527 2847 unitatem
2636 2800 2672 2848 4
2699 2810 2733 2848 a
2761 2792 2953 2849 littera
2982 2794 3036 2865 e]

433 2867 595 2922 aliter
630 2867 714 2922 De
840 2868 1095 2923 deerrare
1132 2868 1321 2922 deesse
1360 2884 1473 2935 qua
1499 2865 1887 2921 enunciatione
2031 2874 2064 2922 8
2102 2870 2201 2922 aut
2239 2869 2285 2924 si
2323 2871 2360 2923 d
2396 2871 2591 2927 littera
2731 2880 2764 2927 9
2804 2873 3037 2943 diditus]

434 2947 649 3001 dedidit
814 2947 1018 3018 didita]
1068 2946 1261 3002 dedita
1434 2952 1499 2999 13
1546 2946 1790 3017 malunt]
1840 2946 2043 3001 uolunt
2079 2950 2270 3017 priore
2306 2951 2420 3006 loco
2590 2968 2716 3006 cum
2762 2953 3039 3022 pellabor]

434 3027 810 3097 compellabor
992 3033 1057 3081 14
1095 3044 1259 3095 quam
1298 3026 1560 3095 perlabor
1597 3026 1647 3081 C'
1677 3042 1815 3080 corr.
1855 3041 2027 3093 quam
2064 3028 2453 3096 comperlabor
2480 3048 2509 3085 c
2690 3036 2755 3085 18
2806 3030 3041 3101 pellacis

432 3123 531 3162 om.
572 3106 641 3175 0,
676 3107 740 3161 in
773 3122 946 3176 mar-9.
985 3107 1112 3162 add.
1153 3123 1182 3160 c
1329 3123 1366 3161 a
1401 3105 1699 3176 polluendo
1735 3104 1943 3176 pelvis]
1983 3122 2018 3159 a
2053 3105 2357 3175 per-luendo
2395 3111 2602 3179 perluis
2760 3108 3043 3181 τρισυλλά-

434 3187 566 3258 βως]
602 3187 924 3256 trisyllabos
1072 3192 1135 3240 19
1173 3185 1379 3257 pelvis]
1417 3184 1621 3255 pelluis
1764 3190 1834 3238 20
1872 3185 2259 3254 prosequimur

613 3354 639 3402 1
678 3347 803 3419 tua]
853 3346 1008 3414 Ver-9.
1048 3347 1184 3400 Aen.
1226 3345 1404 3400 VIII
1436 3351 1548 3402 132
1692 3363 1803 3401 non
1842 3347 1927 3400 est
1963 3347 2036 3401 ad
2075 3349 2572 3419 praepositionem,
2612 3353 2711 3408 sed
2746 3353 3044 3409 veritatem

434 3426 713 3496 quandam
750 3425 1113 3497 amplectitur
1146 3425 1300 3482 vocis
1329 3426 1400 3481 R.
1447 3443 1556 3481 non
1587 3428 1675 3481 est
1710 3441 1746 3479 a
1781 3425 1853 3481 de
1887 3425 2327 3497 praepositione,
2365 3430 2460 3485 sed
2499 3431 2832 3488 varietatem
2868 3450 3042 3502 quan-

432 3505 562 3561 dam
599 3507 959 3577 amplectitur
993 3507 1148 3563 vocis
1187 3506 1272 3562 dis
1310 3507 1540 3562 coniecit
1575 3506 1860 3560 Semlerus.
1919 3523 2030 3561 non
2057 3510 2145 3561 est
2171 3525 2207 3562 a
2233 3511 2647 3579 praepositione
2675 3513 2771 3582 de,
2809 3515 2907 3569 sed
2937 3513 3041 3581 dis,

433 3589 496 3640 ut
532 3585 782 3642 distraho
820 3586 1073 3656 dispereo
1116 3586 1468 3656 Papirianae
1647 3592 1679 3640 3
1727 3586 1776 3641 si
1824 3586 2046 3653 quando
2084 3604 2322 3656 sequens
2359 3607 2468 3644 vox
2507 3592 2672 3647 aliter
2715 3592 2941 3663 incipit,
2979 3595 3044 3648 ut

433 3670 521 3720 est
557 3667 811 3721 deerrare
839 3666 1050 3733 deesse,
1081 3684 1194 3735 qua
1220 3665 1604 3721 enuntiatione
1640 3665 1696 3718 R
1824 3670 1855 3718 9
1894 3667 1960 3719 ut
1995 3665 2213 3721 dedidit
2248 3668 2320 3735 R,
2359 3673 2424 3723 ut
2460 3669 2667 3726 dididit
2693 3674 2858 3727 editio
2890 3671 3042 3727 Gom-

429 3747 759 3812 meliMana,
804 3749 871 3801 ut
915 3746 1061 3801 didit
1095 3752 1361 3801 corrector
1396 3746 1598 3802 codicis
1644 3745 1907 3800 Vaticani
2054 3752 2119 3801 10
2164 3746 2225 3801 in
2259 3748 2288 3802 f
2318 3748 2571 3805 litteram
2605 3752 2812 3807 transit
2845 3752 2901 3807 R

434 3834 498 3880 11
539 3826 772 3893 fortasse
799 3826 1057 3881 omnibus
1086 3825 1340 3895 partibus
1368 3825 1634 3882 orationis
1660 3825 1886 3894 integra
1911 3824 2278 3894 praeponitur
2404 3834 2470 3883 12
2509 3830 2797 3899 geminare
2825 3832 3045 3886 malunt

432 3912 698 3961 corrector
734 3907 937 3961 codicis
982 3904 1242 3960 Vaticani
1383 3905 1672 3975 geminare
1717 3904 1899 3974 magis
1949 3903 2249 3961 voluerunt
2294 3924 2465 3976 quam
2501 3928 2529 3963 r
2562 3910 2815 3966 litteram
2861 3912 3042 3981 expri-

431 4002 612 4052 mere,
647 3988 714 4041 ut
749 3985 1130 4055 compellabor
1164 3985 1366 4039 malint
1401 3985 1588 4040 dicere
1627 4002 1797 4053 quam
1835 3987 2193 4054 compelabor
2228 3987 2284 4042 R
2446 3995 2512 4044 13
2558 3994 2625 4045 ut
2660 4009 2831 4059 quum
2867 3990 3042 4061 pella-

431 4066 534 4120 bor
569 4066 789 4120 malunt
825 4065 1009 4121 dicere
1023 4108 1038 4133 ‚
1078 4083 1248 4135 quam
1283 4065 1568 4135 perlabor:
1610 4066 1716 4120 ‘ita
1752 4068 1898 4121 enim
1931 4068 1996 4121 in
2031 4069 2327 4123 mendatis
2353 4070 2470 4124 eius
2499 4071 2741 4124 auctoris
2768 4070 3044 4125 codicibus

431 4145 690 4200 'nabetur'
735 4147 961 4200 Pierius
1009 4145 1341 4200 Valerianus
1375 4147 1564 4215 castiy.
1604 4146 1668 4199 in
1716 4145 1871 4214 Very.
1909 4145 2049 4200 Aen.
2090 4147 2134 4199 I
2164 4151 2299 4214 151,
2343 4146 2476 4202 hinc
2521 4148 2776 4218 pellabor
2826 4150 3045 4204 malunt

435 4224 618 4280 dicere
655 4243 823 4294 qnam
861 4224 1121 4294 perlabor
1158 4226 1299 4281 idem
1334 4226 1400 4281 in
1446 4225 1601 4295 Vcry.
1639 4227 1777 4281 Aen.
1829 4226 1924 4280 VI
1954 4231 2028 4281 33
2213 4232 2276 4281 15
2329 4227 2564 4282 ‘Lucilii
2608 4245 2794 4284 versus
2827 4231 3044 4283 videtur

432 4307 498 4361 in
531 4307 678 4361 hunc
701 4308 920 4362 modum
946 4307 1224 4360 mandari
1244 4322 1427 4376 posse,
1455 4307 1515 4363 in
1544 4307 1868 4378 praeposito
1896 4322 1996 4375 per
2025 4306 2394 4374 Pelliciendo‚
2432 4308 2539 4363 hoc
2567 4311 2652 4363 est
2686 4308 2744 4362 in
2773 4308 3042 4375 ducend0‚

433 4386 720 4457 geminato
764 4385 812 4453 1,
861 4388 924 4440 id
967 4392 1044 4441 est
1088 4388 1152 4440 in
1196 4385 1558 4456 pelliciendo,
1606 4390 1751 4458 quod
1793 4390 1860 4456 tit
1905 4404 2003 4457 per
2041 4388 2384 4456 praeposito,
2442 4388 2464 4441 l
2500 4389 2736 4443 litteram
2769 4389 3044 4456 ,qeminare

432 4466 616 4522 dcbes'
667 4466 1057 4522 Lachmamms
1100 4469 1164 4521 in
1198 4467 1415 4522 Lucret.
1459 4484 1518 4536 ρ.
1555 4473 1680 4525 409.
1754 4469 1906 4539 apud
1950 4466 2229 4522 Lucilium
2275 4467 2482 4538 legitur
2526 4468 2585 4521 in
2629 4466 3043 4538 praepositione

432 4563 557 4616 per:
599 4545 667 4599 ‘L
707 4546 968 4601 liciendo'
1011 4548 1184 4616 (quod
1221 4549 1308 4603 est
1342 4548 1677 4618 inducendo)
1720 4546 2105 4620 ‘congeminat
2137 4546 2181 4600 l'
2225 4547 2448 4601 Iunius.
2496 4548 2615 4600 alia
2649 4552 3045 4616 temptaverant

435 4626 795 4682 Sclma'devw
836 4643 1059 4695 yramm.
1108 4628 1204 4682 lat.
1248 4645 1297 4684 υ.
1338 4629 1382 4682 Ι
1421 4645 1477 4697 p.
1516 4634 1635 4684 628
1679 4634 1731 4684 et
1765 4628 2103 4684 Schmidtius
2146 4629 2325 4683 Lucil.
2363 4632 2463 4683 sat.
2513 4628 2548 4681 l.
2588 4628 2696 4680 IX
2728 4644 2790 4696 p.
2828 4633 2900 4682 19

438 4712 503 4760 18
540 4706 799 4777 pellacis]
849 4706 1004 4774 Very.
1041 4707 1178 4762 Aen.
1219 4709 1305 4763 II
1335 4714 1411 4763 90
1599 4711 1656 4763 et
1704 4725 1740 4763 a
1774 4708 2083 4778 perluendo
2121 4706 2329 4778 perluis
2368 4709 2426 4761 et
2460 4708 2612 4776 apud
2648 4707 2909 4777 antiquos
2945 4708 3043 4763 tri-

436 4784 716 4854 syllabum
745 4784 948 4854 pelluis
975 4786 1031 4840 R
1156 4794 1225 4843 20
1254 4787 1635 4857 persequimur
1662 4788 1830 4843 codex
1859 4787 2178 4855 Vaticanus,
2205 4786 2594 4857 prosequimur
2619 4787 2676 4841 R
2817 4805 2878 4843 re
2907 4806 3044 4859 quo-

438 4880 545 4932 que
582 4864 1050 4933 praepositionem
1075 4898 1137 4905 —
1170 4873 1254 4933 66,
1288 4874 1353 4922 10
1391 4868 1642 4924 traduxit
1676 4868 2024 4936 Papirianae
2060 4869 2214 4938 apud
2252 4865 2658 4922 cassiodor-ium
2687 4885 2747 4936 p.
2786 4873 2944 4924 2294

544 4972 607 5002 oa
610 4973 783 5002 κκκκκ
788 4973 855 5002 101
878 4973 1047 5003 narmi
1074 4975 1158 5004 vn.
2582 4963 2614 5010 ὃ
