3613 5528
648 414 778 482 538
1491 417 1951 476 FRAGMENTA
2002 420 2394 477 BOBIENSIA

645 534 689 572 p.
718 519 810 561 19⁷.
839 519 916 560 198
943 520 998 563 v.
1537 533 1540 536 ‡

646 605 1066 669 historicorum
1114 615 1173 668 et
1217 616 1545 689 poetarum.
1637 609 1709 670 de
1756 609 1973 689 quibus
2022 609 2208 672 titulis
2245 609 2356 670 hac
2393 610 2795 673 moderatione
2833 608 3127 692 tractabo,
3172 617 3243 672 ut

645 714 945 794 superflua
991 715 1353 797 despicienS,
1400 718 1732 777 necessaria
1778 716 2041 779 breviter
2088 735 2417 798 exponens,
2475 735 2587 778 nec
2631 717 2903 779 fraudem
2957 717 3243 779 studiosis

643 820 853 882 faciam
898 839 1010 883 nec
1057 820 1359 884 fastidium
1406 821 1690 885 delicatis,

1655 1067 1773 1134 DE
1823 1068 2201 1135 LITTERA

815 1231 1038 1296 Littera
1084 1232 1241 1293 dicta
1289 1235 1459 1312 quasi
1503 1231 1776 1316 legitera,
1824 1253 1893 1295 eo
1940 1234 2099 1315 quod
2144 1232 2479 1314 legentibus
2524 1237 2640 1296 iter
2675 1243 2956 1316 praestet.
3039 1252 3106 1295 ea
3145 1242 3240 1295 est
3265 1254 3294 1293 5

638 1340 801 1401 vocis
847 1339 1189 1402 articulatae
1246 1357 1384 1420 pars
1437 1341 1693 1402 minima.
1785 1360 1897 1402 vox
1952 1350 2150 1403 autem
2205 1341 2424 1403 dicitur
2479 1340 2785 1404 articulata
2846 1360 2997 1422 quae
3054 1340 3238 1403 scribi

637 1455 860 1529 potest,
905 1449 1151 1509 confusa
1196 1466 1347 1527 quae
1394 1448 1575 1509 scribi
1611 1467 1730 1511 non
1767 1457 1981 1530 potest.
2061 1449 2293 1512 litterae
2330 1449 2607 1511 accidunt
2641 1449 2749 1531 ΠΙ,
2796 1468 3011 1513 nomen
3049 1450 3238 1530 figura

634 1562 916 1635 potestas.
998 1573 1213 1616 nomen
1252 1562 1345 1617 est
1389 1574 1507 1635 quo
1553 1564 1827 1634 vocatur,
1874 1558 2060 1638 figura
2106 1576 2222 1638 qua
2268 1557 2579 1641 scribitur,
2622 1565 2885 1639 potestas
2931 1575 3046 1637 qua
3092 1556 3236 1637 quid

635 1664 825 1743 possit
878 1671 1136 1743 apparet.
1227 1662 1560 1744 litterarum
1617 1667 1854 1726 nomina
1908 1665 2401 1727 declinationibus
2458 1674 2664 1727 carent
2718 1667 3038 1745 neutrique
3094 1672 3240 1725 sunt

635 1772 897 1851 generis,
943 1768 1101 1831 unde
1140 1768 1349 1831 Cicero
1384 1770 1446 1830 in
1484 1768 1749 1833 Verrinis
1797 1767 2057 1853 ‘usque
2105 1772 2188 1834 ad
2234 1772 2538 1834 alterum
2584 1767 2668 1834 r'.
2756 1772 2986 1834 litterae
3026 1788 3234 1832 omnes
3264 1788 3317 1826 10

634 1887 737 1938 aut
781 1875 1011 1938 vocales
1057 1877 1338 1939 dicuntur
1383 1885 1487 1938 aut
1531 1887 1943 1941 consonantes,
2035 1878 2266 1941 vocales
2323 1887 2464 1941 sunt
2510 1898 2658 1960 quae
2707 1888 2768 1942 et
2824 1882 2987 1941 sonis
3034 1881 3233 1960 singu-

634 1983 858 2046 laribus
906 1992 1180 2047 constant
1226 1992 1287 2046 et
1332 1983 1490 2045 solae
1537 1984 1786 2065 syllabas
1845 1988 2096 2069 faciunt,
2152 1987 2278 2047 sine
2335 1985 2553 2065 quibus
2609 1986 2765 2048 nulla
2822 1985 3039 2066 syllaba
3093 2003 3232 2065 pro·

631 2099 886 2154 creatur.
980 2099 1121 2154 sunt
1165 2098 1363 2153 autem
1409 2109 1660 2153 numero
1706 2091 1770 2175 V,
1817 2111 1850 2154 a
1897 2112 1930 2155 e
1975 2095 1998 2154 i
2042 2111 2078 2154 o
2122 2112 2180 2155 u.
2272 2111 2424 2172 quae
2470 2093 2610 2156 licet
2655 2112 2863 2156 omnes
2909 2093 3231 2155 dichronae

631 2202 779 2284 sint,
821 2200 883 2262 id
928 2208 1021 2262 est
1067 2207 1128 2260 et
1170 2198 1418 2280 produci
1459 2206 1520 2261 et
1557 2202 1778 2281 corripi
1815 2202 2073 2282 possint,
2118 2209 2316 2262 tamen
2355 2219 2387 2261 a
2425 2204 2446 2262 i
2484 2220 2524 2262 u
2562 2204 2622 2262 in
2661 2211 2919 2281 utroque
2957 2209 3229 2281 tempore

629 2306 884 2369 similem
927 2306 1236 2388 possident
1282 2324 1521 2389 sonum,
1576 2315 1644 2367 ut
1688 2324 1826 2368 acer
1863 2325 2028 2368 amor
2072 2309 2196 2368 itur
2240 2309 2357 2369 iter
2403 2326 2559 2369 unus
2614 2307 2733 2369 ubi.
2826 2325 2859 2368 e
2906 2325 3047 2369 vero
3093 2316 3156 2369 et
3191 2326 3230 2368 o
3259 2323 3311 2364 ιε

629 2413 949 2496 dupliciter
991 2414 1410 2495 proferuntur:
1454 2431 1588 2475 nam
1637 2433 1774 2475 cum
1821 2416 2143 2495 corripitur
2189 2433 2250 2497 e,
2304 2432 2414 2496 pro
2460 2435 2493 2475 ε
2537 2433 2751 2495 graeco
2805 2421 2925 2497 est,
2977 2425 3045 2476 ut
3090 2433 3230 2496 ego;

630 2540 768 2584 cum
813 2521 1198 2604 producitur,
1241 2539 1351 2602 pro
1388 2541 1458 2604 η,
1504 2531 1573 2583 ut
1617 2519 1800 2583 Leda:
1845 2523 2109 2601 itemque
2148 2539 2183 2581 ο
2222 2539 2359 2582 cum
2398 2523 2747 2603 corripitur,
2790 2539 2900 2601 pro
2940 2540 2975 2582 ο
3015 2540 3229 2601 graeco

631 2637 749 2713 est,
795 2638 863 2691 ut
906 2626 1105 2710 polus3
1163 2647 1296 2690 cum
1343 2628 1723 2711 producitur,
1768 2647 1877 2710 pro
1926 2649 2007 2711 m,
2054 2636 2121 2690 ut
2165 2628 2366 2690 Roma.
2457 2637 2765 2709 praeterea
2809 2631 2830 2688 i
2876 2637 2937 2690 et
2983 2648 3023 2690 u
3068 2638 3228 2691 tran-

629 2744 808 2799 seunt
842 2737 903 2798 in
943 2738 1395 2798 consonantium
1432 2742 1817 2820 potestatem,
1864 2755 2000 2799 cum
2037 2738 2262 2818 primae
2299 2737 2361 2797 in
2399 2733 2635 2817 syllabis
2671 2737 2898 2818 positae
2935 2735 3028 2798 vel
3065 2739 3229 2819 ipsae

629 2846 787 2907 inter
832 2863 896 2906 se
945 2845 1290 2927 cohaerent,
1336 2852 1404 2905 ut
1448 2843 1595 2905 Iuno
1642 2846 1787 2927 vita,
1841 2844 1935 2906 vel
1981 2844 2110 2907 aliis
2156 2845 2458 2907 vocalibus
2504 2843 2884 2926 copulantur,
2939 2853 3008 2907 ut
3052 2844 3228 2906 Ianus
3256 2860 3312 2901 so

627 2951 843 3013 Venus,
935 2951 1039 3014 sed
1084 2971 1126 3013 ιι
1173 2970 1308 3013 cum
1363 2959 1456 3013 est
1510 2970 1870 3035 consonanS,
1924 2952 2277 3035 digammae,
2332 2953 2587 3014 aeolicae
2641 2951 2902 3035 litterae,
2958 2955 3229 3033 fungitur

628 3078 804 3144 sono,
866 3066 936 3121 ut
1001 3058 1217 3121 Venus.
1259 3060 1269 3135 Ι
1310 3058 1415 3120 sed
1480 3078 1520 3120 u
1585 3077 1722 3120 cum
1784 3061 1944 3121 inter
2008 3078 2045 3139 q
2109 3069 2169 3121 et
2234 3078 2666 3140 quamcumque
2732 3059 2902 3121 aliam
2966 3059 3229 3121 vocalem

626 3168 897 3248 ponitur,
940 3185 1050 3247 pro
1096 3165 1282 3227 nihilo
1328 3172 1446 3248 est,
1491 3175 1560 3228 ut
1597 3168 1904 3247 quoniam:
1950 3185 2086 3228 nam
2124 3185 2243 3228 non
2281 3175 2479 3247 potest
2515 3184 2646 3226 esse
2684 3184 3043 3242 consonanS,
3087 3168 3226 3247 quia

627 3291 748 3334 non
794 3282 889 3335 est
932 3275 1125 3356 prior,
1171 3280 1231 3334 et
1273 3270 1626 3353 prohibetur
1673 3292 1804 3334 esse
1852 3272 2071 3333 vocalis
2116 3290 2150 3332 a
2196 3282 2482 3359 sequente
2532 3272 2731 3334 vocali.
2816 3292 2956 3335 sane
3000 3276 3023 3335 i
3069 3276 3229 3335 inter

628 3380 775 3441 duas
819 3380 1050 3442 vocales
1096 3383 1286 3462 posita
1331 3382 1394 3441 in
1439 3398 1558 3441 una
1603 3388 1772 3460 parte
1810 3382 2121 3462 orationiS,
2168 3381 2219 3439 si
2256 3397 2588 3441 consonans
2626 3380 2759 3462 fiet,
2804 3379 3057 3460 duplicis
3095 3380 3226 3442 loco
3254 3398 3307 3437 25

626 3487 920 3568 fungitur,
965 3496 1034 3550 ut
1076 3487 1271 3549 Troia.
1711 3483 1714 3486 ⁴

807 3594 1111 3657 Consonae
1160 3604 1301 3658 sunt
1354 3613 1505 3675 quae
1553 3614 1698 3656 sono
1746 3604 1992 3658 naturae
2039 3614 2181 3657 suae
2237 3593 2537 3656 vocalibus
2583 3596 2937 3656 miscentur:
2992 3613 3112 3656 non
3160 3605 3229 3657 ut

625 3702 846 3764 liberae
902 3710 1142 3785 sonant,
1204 3702 1308 3764 sed
1373 3712 1442 3764 ut
1504 3702 1754 3765 obnixae
1812 3710 2166 3786 consonant,
2230 3721 2341 3763 nec
2404 3719 2685 3782 umquam
2751 3701 2909 3762 solae
2972 3701 3227 3783 syllabas

625 3810 877 3892 faciunt,
950 3811 1217 3890 quamvis
1289 3809 1451 3871 velut
1522 3808 1774 3889 syllabae
1840 3810 2238 3891 proferantur.
2365 3809 2476 3869 hae
2541 3826 2682 3868 vero
2747 3806 3016 3869 bifariam
3080 3808 3225 3871 divi-

625 3917 875 3980 duntur:
920 3924 1023 3978 aut
1067 3918 1226 3978 enim
1273 3915 1652 3977 semivocales
1697 3917 1981 3978 dicuntur
2026 3925 2127 3978 aut
2173 3925 2386 3978 mutae.
2461 3913 2841 3976 semivocales
2888 3924 3029 3977 sunt
3075 3935 3225 3995 quae
3251 3934 3304 3974 so

625 4024 887 4087 detracta
934 4023 1122 4085 vocali
1167 4043 1200 4085 a
1245 4026 1361 4104 qua
1406 4024 1687 4086 inchoant
1731 4023 2038 4086 dimidium
2086 4031 2316 4085 sonant.
2398 4030 2538 4084 sunt
2582 4030 2781 4083 autem
2818 4040 3068 4084 numero
3105 4023 3228 4108 Vll,

624 4132 655 4192 f
692 4131 714 4193 l
759 4151 818 4193 m
864 4150 904 4192 n
950 4149 982 4192 r
1028 4149 1056 4192 s
1103 4149 1156 4193 x.
1239 4129 1344 4193 sed
1389 4149 1428 4191 x
1474 4130 1724 4192 duarum
1763 4131 2214 4191 consonantium
2254 4128 2520 4209 fungitur
2556 4129 2715 4211 loce,
2761 4138 2828 4190 ut
2865 4131 2983 4192 nix.
3055 4149 3086 4192 s
3122 4131 3225 4193 ali·

625 4239 860 4321 quando
906 4238 1140 4321 sibiluS,
1195 4255 1316 4300 non
1360 4237 1558 4300 littera
1611 4237 1936 4319 iudicatur,
1992 4242 2058 4297 ut
2112 4229 2394 4316 ‘ponite
2450 4254 2613 4317 spes
2668 4235 2807 4298 sibi
2864 4233 3224 4318 quisque'.

623 4347 644 4408 l
689 4367 750 4410 m
804 4365 844 4408 n
896 4365 930 4407 r
982 4345 1238 4426 liquidae
1293 4353 1606 4428 vocantur,
1671 4346 1810 4424 quia
1849 4344 1925 4403 .in
1979 4350 2171 4404 metro
2227 4360 2402 4423 saepe
2448 4343 2759 4406 deficiunt:
2804 4343 2851 4426 l,
2896 4351 2967 4405 ut
3013 4338 3224 4405 ‘neve

801 4596 835 4645 2
872 4588 1180 4661 despiciens
1214 4605 1248 4644 v
1285 4588 1585 4659 dispiciens
1620 4587 1677 4642 Β
1820 4594 1853 4642 6
1890 4586 2122 4643 minitas
2157 4601 2296 4642 corr.
2334 4584 2568 4640 minima
2600 4585 2658 4640 B
2800 4592 2832 4642 ’1
2868 4586 3145 4642 accedunt
3165 4587 3223 4642 Β

698 4677 765 4725 10
803 4670 995 4727 Cicero
1031 4671 1091 4725 in
1127 4669 1403 4743 Veri-inis]
1440 4671 1509 4737 ef.
1551 4669 1793 4738 Pompei.
1823 4686 1884 4738 p.
1923 4672 2116 4739 111,11
2263 4672 2328 4720 12
2368 4667 2641 4736 syllabam
2678 4683 2817 4726 corr.
2858 4702 2924 4710 —-
2966 4670 3061 4725 bae
3097 4669 3154 4724 Β

624 4757 691 4814 21
731 4751 1062 4823 degammae
1097 4750 1154 4805 Β
1190 4750 1477 4821 digamma
1511 4767 1544 4805 v
1686 4755 1755 4804 22
1794 4750 1917 4805 loco
1955 4766 2096 4805 corr.
2133 4764 2267 4805 sono
2303 4749 2362 4803 Β
2504 4756 2572 4805 28
2610 4751 2842 4819 fortasse
2877 4749 3125 4805 adnexae

623 4835 692 4885 29
729 4831 878 4891 haee
903 4847 1039 4887 uero
1073 4831 1130 4885 Β
1298 4837 1364 4885 31
1414 4828 1718 4885 dimedium
1762 4829 1820 4882 Β
1989 4836 2057 4884 33
2094 4829 2312 4900 ponite]
2368 4829 2526 4901 Very.
2562 4831 2703 4887 Aen.
2744 4830 2851 4885 XI
2882 4835 2991 4885 309
3152 4837 3223 4886 34

623 4910 789 4981 neve]
836 4909 995 4980 Ver-9.
1028 4927 1205 4981 yeory.
1244 4912 1330 4966 II
1361 4917 1477 4968 299
