3613 5528
1402 421 1500 475 DE
1539 421 2116 479 ORTHOGRAPHIA
2966 427 3055 489 45

449 605 917 667 observaverunt
988 610 1235 683 quidam
1308 616 1375 669 ut
1440 613 1713 686 paullum
1773 613 2030 687 repetito
2091 611 2297 671 eodem
2356 614 2643 672 elemento
2700 613 3062 687 scriberent,

448 716 609 788 quod
648 716 800 775 milii
840 731 961 775 non
1007 717 1273 792 videtur,
1321 720 1604 791 quoniam
1652 721 1968 796 enuntiari
2008 718 2392 779 nullomodo
2429 724 2655 794 potest,
2703 725 2762 778 et
2805 736 2926 779 non
2972 724 3063 779 est

450 838 689 881 neeesse
736 823 804 883 id
844 824 1137 896 seribere,
1185 825 1350 898 quod
1394 827 1455 883 in
1504 826 1687 885 verbo
1733 843 1853 885 non
1899 831 2085 885 sonet.
2160 825 2301 884 item
2349 842 2677 900 reprensus
2724 831 2784 885 et
2822 842 3059 885 vemens

451 928 578 996 sine
625 926 1020 1007 adspiratione
1068 927 1380 990 scribenda
1426 949 1559 992 esse
1607 930 1891 992 docuerat
1940 929 2201 991 Scaurus
2246 948 2302 1008 p.
2351 925 2544 1011 2256,
2589 932 2867 992 similiter
2911 949 3056 1008 pee-

446 1040 591 1095 cant
632 1067 707 1077 —
750 1038 889 1095 item
934 1039 1045 1110 qui
1087 1038 1491 1113 reprehensus
1538 1055 1674 1098 eum
1713 1040 2135 1114 adspiratione
2169 1037 2466 1112 scribunt,
2514 1055 2650 1098 eum
2688 1055 2820 1097 eam
2849 1040 3059 1114 prima

438 1144 656 1217 positio
700 1160 821 1202 non
867 1143 1107 1223 habeat,
1155 1149 1215 1204 et
1256 1145 1536 1205 similiter
1582 1146 1910 1219 vehemens,
1959 1160 2095 1204 eum
2142 1160 2182 1202 a
2228 1146 2290 1202 vi
2340 1147 2553 1204 mentis
2601 1145 2864 1205 dicatur.
2940 1161 3057 1222 quo

446 1256 712 1327 spectare
766 1258 1018 1330 possunt
1071 1250 1217 1311 haec
1273 1250 1425 1331 apud
1485 1249 1753 1331 Longum
1798 1271 1857 1331 p.
1904 1247 2097 1324 2229,
2144 1257 2202 1311 et
2249 1253 2325 1311 de
2369 1253 2412 1311 li
2453 1254 2660 1312 littera
2718 1253 3058 1326 quaeritur,

444 1372 603 1430 quae
654 1374 720 1416 se
772 1365 884 1418 aut
927 1360 1189 1417 inseruit
1234 1360 1543 1418 vocalibus
1591 1366 1699 1420 aut
1736 1361 2125 1435 praeposuit:
2173 1361 2444 1433 inseruit,
2493 1366 2562 1420 ut
2607 1363 2670 1419 in
2717 1360 2838 1431 his,
2885 1358 3056 1417 vehe-

443 1479 607 1524 mens
644 1466 1054 1540 reprehendit,
1101 1482 1236 1526 eum
1275 1468 1677 1540 eleyantiores
1720 1472 1779 1525 et
1815 1473 2138 1526 venientem
2169 1467 2383 1525 dicant
2408 1472 2469 1526 et
2503 1467 2820 1542 reprendit
2846 1482 3058 1525 secun·

446 1572 587 1630 dum
605 1573 872 1647 primam
902 1575 1259 1649 positionem
1268 1594 1293 1643 ;
1325 1575 1566 1649 prendo
1609 1577 1766 1634 enim
1800 1576 2075 1649 dicimus
2113 1590 2232 1634 non
2263 1575 2597 1648 prehendo.
2670 1574 2867 1633 minus
2895 1579 3058 1633 certa

446 1683 585 1738 sunt
630 1695 780 1757 quae
828 1677 902 1739 de
931 1698 1079 1740 sono
1123 1698 1369 1759 graecae
1417 1679 1647 1742 litterae
1694 1679 1754 1742 W
1799 1680 1954 1760 apud
2000 1679 2241 1741 Latinos
2278 1697 2387 1759 per
2423 1698 2495 1758 ps
2531 1678 2623 1740 vel
2653 1678 2723 1739 bs
2754 1677 3055 1739 efferendo

445 1783 723 1864 leguntur
751 1785 907 1866 apud
938 1785 1228 1847 Scaurum
1257 1805 1312 1866 p.
1342 1782 1537 1867 2261,
1584 1791 1869 1862 quoniam
1906 1807 2027 1865 per
2064 1807 2110 1864 p
2156 1794 2216 1848 et
2258 1806 2287 1847 s
2335 1804 2410 1847 ea
2458 1787 2844 1860 scribuntur,
2902 1803 3060 1861 quae

446 1894 615 1968 apud
653 1893 921 1954 Graecos
969 1896 1031 1953 in
1077 1891 1137 1954 W
1183 1896 1575 1974 desinuntb—
1608 1897 1721 1955 sed
1761 1896 1933 1955 nobis
1981 1901 2304 1968 utrumque
2342 1912 2459 1970 per
2498 1911 2573 1969 ps
2617 1894 2862 1953 videtur
2905 1896 3058 1952 seri-

447 1999 720 2075 bendum,
766 2003 1053 2074 quoniam
1089 2018 1170 2061 ex
1206 2002 1302 2061 his
1341 1999 1400 2061 W
1434 2004 1641 2063 littera
1680 2008 1927 2075 constet,
1974 2008 2034 2062 et
2071 2000 2224 2080 apud
2272 1999 2541 2079 Longum
2586 2017 2641 2078 p.
2673 1995 2867 2079 2224,
2913 2015 3056 2073 quo·

446 2108 610 2165 niam
666 2123 740 2166 ea
795 2123 955 2181 quae
1000 2109 1170 2183 apud
1222 2124 1332 2168 nos
1378 2104 1438 2167 W
1483 2110 1749 2168 litteram
1802 2114 2023 2168 sonant
2072 2113 2296 2184 putant
2340 2108 2624 2183 plerique
2671 2124 2790 2182 per
2834 2123 2882 2182 p
2930 2112 2989 2165 et
3030 2125 3061 2166 s

444 2214 798 2287 scribenda,
858 2216 1141 2288 quoniam
1198 2220 1259 2274 et
1318 2215 1547 2276 Graeci
1588 2217 2152 2291 pronuntiaverunt
2208 2211 2268 2275 W
2322 2216 2587 2274 litteram
2643 2219 2928 2273 constare
2987 2206 3058 2272 ἐκ

445 2316 566 2380 τοῦ
619 2326 701 2380 πῖ
746 2313 857 2381 καὶ
913 2333 975 2398 o,
1032 2328 1092 2382 et
1153 2340 1209 2400 p.
1261 2317 1434 2382 2233
1490 2324 1774 2396 quoniam
1834 2338 2251 2397 quaecumque
2308 2322 2480 2397 apud
2526 2320 2797 2381 Graecos
2836 2338 2955 2396 per
3001 2317 3061 2380 W

446 2427 802 2488 scribuntur
849 2430 1020 2504 apud
1060 2446 1168 2489 nos
1206 2447 1328 2505 per
1366 2447 1411 2504 p
1457 2436 1516 2489 et
1558 2448 1588 2489 s
1631 2431 1964 2490 scribenda
2008 2431 2146 2488 sint.

610 2532 872 2613 ⁸Nomina
918 2542 1256 2608 auctorum,
1316 2552 1571 2613 quorum
1615 2543 1930 2615 praecepta
1977 2534 2395 2614 grammaticus
2442 2533 2514 2594 ad
2561 2542 2748 2595 artem
2797 2532 3058 2595 scriben-

449 2639 582 2700 dam
627 2639 911 2715 adhibuit,
957 2640 1244 2721 appellata
1291 2650 1432 2703 sunt
1475 2640 1638 2703 haec.
1712 2643 1927 2704 Accius
1973 2641 2046 2703 de
2093 2642 2486 2721 geminatione
2534 2640 2822 2702 vocalium
2870 2643 3056 2705 nomi-

452 2754 623 2809 natus
670 2755 763 2809 est
808 2768 863 2828 p.
912 2744 1103 2810 2220.
1186 2746 1398 2810 Lucilii
1445 2747 1518 2809 de
1556 2747 1976 2829 orthographia
2032 2755 2347 2829 praecepta
2397 2768 2468 2808 ex
2515 2766 2673 2809 nono
2722 2755 3058 2809 saturarum

451 2853 597 2915 libro
638 2855 934 2935 adscripta
968 2864 1107 2917 sunt
1144 2875 1200 2935 p.
1231 2852 1424 2917 2220.
1455 2842 1648 2916 2225.
1687 2845 1879 2917 2227.
1953 2875 2026 2916 ex
2066 2854 2371 2916 Ciceronis
2410 2855 2660 2916 Oratore
2696 2857 2880 2935 petita
2920 2863 3062 2916 sunt

450 2970 763 3042 praecepta
817 2963 891 3023 de
946 2964 1383 3042 praepositione
1440 2965 1518 3023 ab
1580 2981 1634 3041 p.
1684 2959 1859 3023 2224
1907 2972 1967 3023 et
2012 2963 2085 3023 de
2131 2981 2183 3021 v.
2221 2965 2717 3037 posmeridianas
2763 2981 2817 3041 p.
2867 2959 3061 3042 2237,

450 3085 520 3126 ex
578 3066 747 3130 libris
806 3067 881 3130 de
941 3076 1204 3149 oratore,
1263 3075 1332 3129 ut
1390 3069 1650 3149 videtur,
1717 3068 2004 3129 iudicium
2065 3067 2137 3127 de
2200 3070 2502 3129 rusticano
2563 3070 2857 3129 sermonis
2913 3086 3108 3138 sonoa

448 3193 505 3253 p.
552 3169 743 3235 2216.
817 3175 1085 3235 eiusdem
1132 3177 1537 3236 testimonium
1586 3175 1659 3235 de
1705 3176 1940 3254 gemina
1985 3177 2004 3235 i
2051 3176 2436 3235 consonantis
2482 3174 2614 3234 loco
2661 3176 2854 3254 posita
2901 3172 3059 3234 unde

450 3284 698 3360 petitum
736 3283 831 3362 sit,
878 3299 997 3342 non
1035 3289 1281 3343 constat.
1338 3271 1635 3343 Varronis
1672 3281 2003 3343 doctrinam
2039 3281 2337 3362 adscripto
2376 3284 2612 3343 nomine
2662 3290 2769 3341 ter
2804 3298 3058 3341 comme-

451 3390 725 3469 moravit„
770 3388 843 3448 de
890 3407 942 3448 v.
988 3390 1227 3448 harena
1272 3406 1328 3467 p.
1375 3384 1580 3470 2230,
1627 3388 1700 3448 de
1745 3408 1796 3448 v,
1847 3391 2078 3450 delirus
2123 3408 2178 3468 p.
2228 3385 2430 3469 2233,
2487 3387 2559 3448 de
2609 3407 2657 3447 v.
2707 3388 3062 3448 Mercurius

450 3515 503 3575 p.
542 3492 735 3577 2236,
780 3513 931 3574 quae
969 3497 1166 3555 omnia
1210 3493 1378 3555 libris
1424 3494 1498 3554 de
1538 3512 1811 3555 sermone
1850 3494 2034 3556 latino
2071 3495 2282 3557 tribuit
2318 3494 2743 3556 Wilmannsius
2780 3495 2854 3555 de
2892 3492 3057 3554 Varr.

450 3600 546 3662 lib.
593 3619 834 3681 gramm.
880 3620 938 3680 p.
985 3598 1072 3661 92
1118 3619 1205 3679 sq.
1280 3599 1473 3661 Verrii
1519 3600 1715 3661 Flacci
1753 3604 2083 3662 sententiae
2132 3601 2205 3662 de
2252 3602 2469 3662 litteris
2514 3604 2660 3662 item
2708 3609 2802 3662 ter
2841 3599 3061 3661 relatae

453 3715 682 3789 sunt-p.
712 3704 906 3770 2215.
954 3704 1145 3768 2216.
1192 3703 1386 3769 2238.
1457 3706 1564 3768 has
1611 3707 1677 3767 Ο.
1717 3706 2040 3769 Muellerus
2086 3707 2268 3787 praef.
2306 3706 2463 3768 Fest.
2501 3727 2556 3787 p.
2593 3706 2723 3767 XIV
2769 3707 2841 3768 ad
2878 3706 3063 3768 libros

453 3814 522 3874 de
559 3815 997 3896 orthographia,
1034 3833 1182 3895 quos
1212 3813 1488 3875 Verrium
1525 3815 1840 3893 scripsisse
1879 3813 2201 3875 Suetonius
2241 3814 2314 3874 de
2352 3814 2564 3875 illustr.
2602 3832 2845 3893 gramm.
2885 3833 2934 3875 c.
2981 3810 3059 3873 19

453 3931 656 3984 auctor
715 3930 834 4004 est,
900 3923 1213 3984 revocavit.
1302 3919 1493 3981 Verrii
1537 3919 1733 3980 Flacci
1805 3929 1994 3983 aetate
2057 3940 2177 3983 non
2258 3919 2443 3983 multo
2503 3921 2821 3981 inferiores
2880 3919 3063 3980 fuisse

454 4028 724 4091 videntur
770 4029 1062 4091 Antonius
1106 4026 1298 4089 Rufus
1344 4035 1405 4088 et
1448 4026 1645 4089 NisuS.
1721 4047 1753 4088 e
1802 4028 2020 4107 quibus
2067 4028 2359 4091 Antonius
2404 4027 2597 4090 Rufus
2642 4027 2826 4090 semel
2874 4029 3060 4090 nomi·

457 4142 625 4196 natus
670 4143 762 4197 est
805 4155 862 4215 p.
899 4131 1072 4196 2237
1092 4134 1185 4206 ,de
1223 4153 1261 4213 q
1300 4134 1521 4216 littera3
1567 4141 1878 4214 praeterea
1924 4134 2078 4215 apud
2119 4154 2303 4196 unum
2343 4134 2773 4205 Quintilianum
2810 4134 2835 4194 1
2875 4129 2935 4215 5,
2971 4129 3058 4193 43

460 4243 583 4302 cius
627 4244 848 4304 mentio
896 4248 1072 4302 extat.
1154 4241 1281 4301 Nisi
1336 4259 1551 4301 nomen
1608 4239 1720 4301 sub
1775 4241 1955 4301 finem
2013 4240 2149 4302 libri
2195 4240 2552 4321 appellatum
2599 4248 2692 4301 est
2739 4240 3056 4320 quinquies

460 4365 514 4425 p.
556 4343 747 4408 2235.
802 4343 997 4408 2236.
1050 4343 1242 4408 2237.
1325 4346 1580 4426 denique
1637 4365 1815 4408 suum
1878 4350 2068 4427 ipsius
2130 4366 2346 4408 nomen
2405 4350 2467 4407 in
2529 4344 2796 4424 exemplo
2855 4345 3058 4423 posuit

460 4456 869 4533 grammaticus
912 4473 970 4533 p.
1018 4450 1211 4535 2224,
1257 4471 1376 4515 non
1423 4456 1710 4515 dicebant
1755 4473 1795 4515 a
1847 4454 2071 4530 Lonyo,
2116 4457 2229 4516 sed
2271 4454 2351 4530 as
2385 4454 2611 4528 Lonqo.
