3613 5528
646 388 778 455 472
1625 391 1978 450 ARVSIANT.
2012 393 2253 450 MESSII

643 506 689 542 p.
718 495 796 536 339
823 494 876 539 L.

821 578 1064 659 Excipio
1110 579 1194 639 illi
1240 580 1357 660 rei,
1402 577 1571 659 Verg.
1620 581 1761 640 Aen.
1811 580 1965 641 Vllll
2015 582 2201 655 (271)

1036 689 1381 767 excipiam
1431 688 1612 747 sorti
1657 690 1794 748 ia‘m
1842 707 2028 750 nunc
2076 697 2194 750 tua
2239 691 2580 771 praemia,
2623 688 2793 750 Nise
2841 737 2854 750 .

821 793 1002 855 Exuit
1063 792 1173 854 hac
1238 811 1303 853 re
1366 791 1522 854 illam
1588 812 1743 870 rem,
1811 793 1930 855 Cic.
1976 813 2085 875 pro
2133 795 2408 856 Deiotaro
2457 799 2540 873 (p.
2587 797 2720 872 Liq.
2766 797 2940 874 5‚14)
3007 817 3247 859 nonne

645 919 915 963 omnem
963 900 1480 961 humanitatem
1530 897 1902 961 exuisses?

820 1007 1052 1070 Exosus
1098 1007 1272 1089 illud,
1318 1005 1487 1085 Verg.
1535 1007 1678 1065 Aen.
1725 1005 1833 1066 ΧΠ
1881 1008 2067 1081 (517)
2117 1026 2405 1069 exosum
2453 1009 2635 1069 bella
2683 1009 3077 1072 Menoetem
3126 1060 3138 1072 .
3279 1031 3309 1071 5

820 1114 1090 1177 Extorris
1136 1113 1255 1194 his,
1300 1112 1470 1195 Verg.
1518 1113 1660 1175 Aen.
1707 1112 1817 1173 1111
1864 1114 2053 1188 (616)
2110 1114 2387 1178 finibus
2444 1119 2789 1198 extorriS,
2847 1116 2960 1178 Sal.
3008 1118 3146 1180 hist.
3194 1118 3247 1179 11

644 1223 818 1284 orbe
864 1232 1225 1285 terrarum
1273 1230 1611 1284 extorres
1658 1269 1672 1282 .

820 1330 1091 1391 Edormit
1153 1328 1292 1410 hoc,
1355 1329 1491 1390 Ter.
1555 1328 1714 1390 Adel.
1780 1330 1876 1402 (Γ
1932 1330 2097 1406 2,]1)
2162 1330 2631 1392 edormiscam
2696 1331 2828 1392 hoc
2892 1334 3064 1414 vini,
3127 1333 3247 1394 Cic.

642 1439 852 1519 Philip.
900 1437 954 1498 11
999 1438 1247 1514 (12,30)
1295 1437 1568 1497 edormi
1614 1437 1983 1516 crapulam
2032 1448 2102 1498 et
2148 1438 2399 1499 exhala
2447 1487 2460 1499 .

821 1545 908 1607 Ex
955 1545 1290 1624 commodo,
1346 1543 1459 1604 Sal.
1505 1542 1631 1624 lug.
1680 1543 1877 1619 (82‚1)
1925 1544 2181 1606 melius
2248 1563 2407 1607 esse
2472 1554 2674 1606 ratus
2739 1563 2819 1606 ex
2884 1547 3246 1607 commodo
3282 1565 3339 1606 1o

642 1671 943 1734 pugnam
992 1652 1230 1714 facere
1278 1701 1291 1713 .

654 1843 660 1849 ,
822 1760 1094 1821 Escendo
1141 1778 1387 1841 equum,
1434 1758 1548 1820 Sal.
1594 1757 1718 1839 lug.
1765 1759 1976 1834 (97,5)
2022 1777 2190 1839 pars
2237 1777 2458 1838 equos
2505 1760 2926 1843 escendere,
2973 1759 3247 1822 obviam

645 1869 750 1929 ire
797 1866 1144 1928 hostibus,

820 1973 1096 2054 Erumpit
1148 1973 1430 2064 ,se-inde,
1485 1971 1656 2052 Verg.
1702 1992 1863 2052 geor.
1901 1972 2007 2034 1111
2057 1974 2244 2048 (368)
2302 1974 2485 2036 unde
2552 1973 2739 2035 altus
2803 1976 3104 2054 primum
3173 1993 3247 2035 se

644 2083 960 2160 erumpit
1002 2078 1324 2160 Enipeus
1373 2127 1385 2139 .
2740 2070 2750 2082 ’
3280 2101 3338 2141 15

821 2187 1085 2268 Emergit
1114 2206 1203 2268 se,
1243 2186 1355 2246 Sal.
1385 2185 1521 2246 hist.
1551 2184 1658 2245 1111
1694 2185 1816 2247 ubi
1855 2205 1929 2247 se
1966 2186 2229 2248 laniata
2269 2189 2547 2267 navigia
2585 2188 2805 2249 fundo
2845 2195 3247 2268 emergunt,

644 2296 778 2357 Ter.
827 2296 973 2356 And.
1021 2296 1166 2369 (III
1202 2296 1383 2370 3,30)
1431 2313 1524 2354 ex·
1558 2294 1709 2355 illis
1754 2312 1830 2355 se
1878 2286 2321 2355 emersurum
2370 2295 2574 2358 malis
2622 2343 2635 2355 .

821 2402 1084 2463 Exorsus
1130 2403 1488 2483 orationem,
1544 2400 1657 2461 Sal.
1704 2400 1846 2462 hist.
1892 2399 1999 2461 1111
2056 2420 2368 2480 magnam
2425 2421 2726 2463 exorsus
2781 2404 3184 2463 orationem
3231 2450 3246 2463 .

821 2508 1143 2589 Expostulo
1199 2526 1334 2570 cum
1392 2526 1489 2589 eo,
1543 2507 1755 2568 Teren.
1803 2507 1949 2568 And.
2007 2508 2135 2580 (IV
2176 2508 2343 2582 1‚15)
2408 2519 2476 2578 et
2540 2528 2694 2570 cum
2759 2528 2839 2570 eo
2905 2511 3246 2571 iniuriam

643 2616 820 2677 hanc
869 2615 1313 2696 expostulem
1362 2663 1376 2675 .
3275 2636 3337 2678 eo

820 2722 1035 2785 Evolve
1100 2731 1159 2785 te
1222 2722 1363 2803 hoc,
1427 2722 1561 2784 Ter.
1627 2722 1822 2786 Eunu.
1886 2724 2017 2798 (IV
2074 2724 2251 2799 4‚55)
2316 2722 2445 2784 hac
2511 2740 2584 2783 re
2650 2732 2716 2784 te
2781 2726 2969 2785 omni
3034 2722 3246 2786 turba

645 2831 946 2893 evolves.

819 2938 1072 3019 Elapsus
1117 2938 1226 2999 hac
1274 2938 1548 3019 muliere,
1594 2938 1729 2999 Ter.
1775 2936 1953 3018 Hecy.
2003 2937 2075 3010 (Ι
2110 2937 2290 3011 2,94)

864 3045 1207 3126 paulatim
1253 3045 1540 3126 elapsus
1587 3055 1701 3106 est
1744 3043 2101 3105 Bacchide
2149 3052 2361 3122 atque
2408 3041 2597 3105 hunc
2644 3044 3026 3106 transtulit
3264 3126 3268 3129 v

865 3173 1170 3215 amorem
1218 3202 1231 3214 .
3277 3172 3335 3213 25

645 3261 878 3341 elapsus
924 3261 996 3322 de
1043 3261 1153 3322 1133
1199 3281 1295 3343 re,
1356 3261 1529 3336 Vero.
1577 3261 1726 3322 Aen.
1773 3260 1853 3321 II
1891 3260 2080 3333 (526)

1017 3386 1182 3429 3333
1230 3376 1462 3429 autem
1509 3368 1797 3448 elapsus
1845 3366 2101 3446 Pyrrhi
2149 3366 2231 3427 de
2280 3366 2494 3427 caede
2542 3365 2813 3427 Polites
2860 3414 2874 3427 .

821 3475 1089 3555 Emungo
1125 3475 1234 3535 hac
1273 3493 1337 3536 re
1374 3475 1566 3556 illum,
1603 3475 1739 3536 Ter.
1766 3474 1945 3535 Phor.
1981 3475 2110 3548 (IV
2131 3475 2260 3549 4,1)
2298 3475 2586 3535 emunxi
2623 3481 2923 3552 argento
2961 3491 3200 3535 senem
3232 3522 3245 3533 .

824 3699 1003 3756 Godeae
1059 3700 1359 3755 Parrhasii
1438 3705 1471 3754 5
1507 3701 1784 3754 Menetem
1949 3706 1981 3755 6
2018 3700 2146 3771 1111]
2188 3699 2267 3754 III
2430 3705 2498 3753 14
2535 3716 2594 3755 33
2630 3716 2731 3754 om.
2898 3706 2963 3754 19
3002 3702 3062 3755 et
3098 3700 3249 3771 cum]

647 3798 837 3836 eccum
981 3785 1050 3835 23
1089 3781 1212 3836 Ter.
1250 3780 1432 3849 Hercy
1575 3786 1644 3836 26
1683 3780 1753 3835 de
1790 3780 1899 3835 hac
1938 3796 2066 3835 ecce
2103 3782 2319 3851 autem,
2356 3797 2622 3852 supet-scr.
2660 3781 2779 3836 alia
2812 3798 2985 3874 nianu
3020 3781 3175 3850 Virg.

837 3918 1069 3927 -———-———-=d

824 4002 856 4050 3
896 4000 1022 4050 ante
1074 3993 1350 4050 Ciceronis
1402 3996 1702 4065 exemplum
1751 3995 2012 4051 excidisse
2064 3994 2281 4050 videtur
2325 3996 2625 4065 exemplum
2667 3995 2819 4050 verbi
2865 4011 2987 4049 cum
3037 3995 3252 4050 duobus

645 4077 862 4133 casibus
896 4076 1201 4142 coniuncti,
1236 4080 1298 4129 ut
1335 4080 1411 4130 est
1447 4074 1584 4131 Sall.
1625 4077 1753 4144 Iuy.
1784 4080 1917 4142 88,3
1952 4075 2248 4144 ipsumque
2283 4093 2475 4147 regem
2508 4075 2660 4131 haud
2698 4075 2893 4144 procul
2929 4075 3001 4130 ab
3039 4075 3249 4145 oppido

645 4157 799 4211 Cirta
836 4155 1006 4211 armis
1051 4156 1282 4211 exuerat:
1320 4195 1331 4207 .
1370 4173 1500 4210 nam
1545 4156 1610 4210 in
1645 4157 1892 4211 oratione
1926 4172 2035 4226 pro
2079 4156 2345 4211 Deiotaro
2390 4173 2589 4211 exuere
2633 4173 2748 4210 non
2792 4157 3072 4210 invenitur

648 4244 677 4291 7
716 4236 853 4291 urbe
897 4235 1190 4306 patriaque
1237 4237 1480 4290 extorres
1527 4236 1754 4290 editores
1799 4236 2056 4291 Sallustii
2098 4254 2164 4291 ex
2209 4238 2389 4292 codice
2436 4235 2768 4302 Frontonis,
2822 4252 2936 4290 non
2990 4237 3253 4293 editiones

644 4317 945 4384 Arusiani,
982 4321 1044 4370 ut
1072 4317 1155 4370 ait
1181 4315 1437 4371 Kritzius
1464 4318 1601 4373 Sall.
1629 4318 1750 4371 hist.
1779 4318 1979 4387 fragm.
2001 4334 2061 4385 p.
2092 4322 2195 4371 191
2344 4323 2411 4370 12
2440 4316 2740 4370 ascendere
2768 4317 2975 4371 codices
2992 4317 3252 4372 Sallustii

719 4404 785 4453 14
823 4396 1082 4466 Erumpit
1126 4412 1184 4450 33
1220 4395 1351 4451 inde
1387 4397 1655 4452 Heinsius
1691 4397 1845 4466 apud
1890 4396 2168 4451 Rhodium
2214 4398 2315 4451 lex.
2354 4396 2602 4452 Scribon.
2639 4413 2688 4450 v.
2729 4396 2974 4466 erumpit
3018 4414 3078 4466 p.
3119 4402 3250 4465 379,

643 4494 711 4533 ex
748 4478 799 4532 G
836 4478 1007 4531 edidit
1043 4476 1462 4531 Lindemannus
1601 4476 1733 4532 inde
1769 4477 1918 4531 altus
1953 4476 2199 4546 primum
2237 4477 2480 4547 erumpit
2514 4476 2763 4547 Enipeus
2802 4480 2878 4533 M
3028 4486 3093 4535 16
3134 4479 3247 4535 Sal.

643 4562 773 4616 hist.
805 4558 935 4630 1111]
965 4557 1108 4611 Isid.
1128 4557 1263 4625 orig.
1290 4557 1479 4610 XIII
1494 4563 1622 4626 18‚5
1722 4556 1973 4628 navigia]
2002 4557 2242 4627 vestigia
2271 4558 2470 4613 Maius
2497 4560 2560 4612 in
2586 4560 2820 4614 editione
2842 4559 3251 4615 Mediolanensi

715 4639 911 4709 fundo]
951 4636 1226 4707 profundo
1265 4636 1524 4690 Isidorus
1693 4642 1758 4689 17
1799 4653 1869 4691 ex
1912 4637 2026 4692 illis
2065 4653 2184 4692 3333
2222 4654 2564 4693 emersurum
2600 4638 2767 4693 1113113
2811 4639 3097 4694 Terentius
3134 4680 3146 4693 .
3188 4656 3249 4695 33

645 4738 705 4776 33
743 4735 1082 4775 emersurum
1120 4717 1306 4786 leyisse
1338 4717 1556 4771 videtur
1591 4716 1914 4771 Arusianus
2071 4724 2139 4772 21
2176 4717 2283 4773 hac
2319 4735 2380 4772 re
2419 4721 2477 4773 et
2510 4722 2568 4773 te
2606 4719 2761 4773 omni
2810 4718 2977 4774 turba.
3020 4718 3249 4773 evolves

645 4802 705 4855 et
737 4798 825 4852 illi
860 4800 1086 4867 gratum
1120 4796 1320 4852 feceris
1363 4796 1648 4851 Terentius
1789 4803 1860 4851 24
1897 4795 2067 4868 hunc]
2107 4798 2217 4853 hue
2257 4798 2424 4853 codem
2456 4799 2760 4853 Bembinus
2800 4799 3069 4867 Terentii,
3116 4798 3252 4855 huic

644 4880 843 4948 reliqui
878 4877 1084 4932 codices
1227 4882 1294 4932 28
1332 4893 1489 4932 senes
1533 4877 1844 4944 Terentius,
1883 4893 2069 4933 senem
2105 4876 2329 4933 Nonius
2355 4895 2417 4948 p.
2454 4882 2530 4934 36
