3613 5528
561 409 693 476 670
1237 408 1639 468 LECTIONES
1678 409 1959 468 CODICIS
1995 410 2493 467 NEAPOLITANI

700 594 823 658 255,
855 597 881 644 1
921 590 1056 646 Sine
1089 590 1448 674 inscriptione
1589 597 1622 646 8
1657 590 1972 661 tribrachys
2007 596 2234 661 utroque
2269 592 2384 647 loco
2518 598 2552 646 4
2588 592 2778 663 potest
2812 593 2872 647 et
2903 593 3163 647 constare

558 702 621 752 ut
656 698 870 753 maur
1022 703 1057 752 5
1091 697 1265 753 habet
1298 675 1653 768 §thiphalioa
1805 704 1838 752 a
1877 698 2095 754 Bacche
2131 704 2213 754 ter
2247 699 2514 769 seriptum
2666 704 2733 755 10
2767 698 3162 768 ithiphalieum

627 768 956 840 tribrachyn
1101 775 1168 824 12
1207 787 1334 824 cum
1372 770 1451 824 sic
1599 777 1664 825 18
1703 769 2032 840 tribrachyn
2177 776 2241 825 17
2281 770 2503 825 Menale

700 848 823 912 256,
853 848 881 896 1
921 844 1054 911 apte
1188 846 1223 895 4
1260 858 1416 896 arma
1452 844 1510 896 et
1545 841 1800 913 placidus
1936 847 2003 896 12
2042 842 2295 897 heroicus
2431 848 2497 897 16
2537 861 2661 898 cum
2700 859 2801 897 om.
2931 847 2998 895 21
3038 857 3163 897 coe-

559 930 723 986 litum
867 937 934 984 22
973 929 1184 1001 dactyli
1222 948 1347 986 cum
1383 914 1529 987 niele
1674 929 1953 986 clauditur
1988 947 2126 986 corr.
2166 930 2409 985 cluditur
2553 937 2622 986 25
2658 931 2958 987 admonere

700 1007 821 1071 257,
851 1008 883 1056 2
922 1000 1267 1072 hipponacta
1399 1019 1429 1058 e
1468 1002 1616 1075 quis]
1656 1002 1813 1057 cuius
1951 1008 1982 1056 3
2021 1002 2148 1074 nos]
2185 1020 2299 1058 non
2426 1009 2458 1058 5
2497 1003 2748 1074 syllabae
2876 1009 2907 1058 9
2943 1002 3059 1086 fac]
3098 1017 3164 1057 ac

632 1078 696 1128 11
735 1073 1145 1144 permutatione
1286 1074 1591 1130 iambicum
1628 1078 1870 1129 metrum
1907 1077 2150 1142 rectum,
2185 1075 2280 1129 sed
2315 1075 2483 1130 deleto
2520 1080 2759 1130 metrum
2925 1081 2990 1129 15
3025 1091 3164 1128 iam-

510 1197 517 1210 ,
557 1144 743 1200 hicum
782 1176 846 1184 —
884 1145 1030 1200 truci
1066 1161 1167 1200 om.
1311 1152 1380 1201 22
1417 1145 1719 1201 iambicum

700 1222 821 1285 258,
851 1222 883 1271 2
929 1216 1128 1272 fecerit
1288 1223 1323 1271 4
1360 1217 1742 1272 choriambum
1904 1223 1937 1273 5
1975 1217 2147 1342 quod}
2186 1234 2353 1287 quam
2513 1223 2579 1273 12
2616 1217 2699 1273 De
2736 1217 3163 1287 endecasyllabo

553 1287 779 1345 Falecio
935 1294 1000 1343 13
1038 1289 1527 1359 endecasyllabum
1562 1289 1827 1344 falecium
1979 1291 2046 1344 ut
2082 1307 2118 1359 p
2145 1289 2361 1360 erique]
2409 1290 2511 1346 aut
2543 1288 2832 1360 plaerique
2987 1295 3053 1345 18
3091 1290 3164 1344 ab

554 1379 727 1433 heroo
870 1383 937 1432 23
976 1376 1056 1432 sic
1092 1393 1191 1432 om.
1338 1384 1407 1434 25
1446 1363 1497 1433 ll
1533 1378 1730 1434 Altera

698 1454 820 1519 259,
849 1454 880 1503 5
920 1447 991 1503 ab
1029 1450 1204 1504 Alceo
1239 1451 1482 1505 tractum
1619 1456 1652 1505 6
1688 1466 1912 1521 nanque
1949 1452 2038 1505 est
2173 1455 2238 1503 11
2276 1449 2450 1505 missa
2484 1449 2673 1506 Venus
2711 1468 2810 1505 om.
2944 1455 3010 1505 15
3046 1450 3164 1506 Me-

557 1537 757 1577 coenas
795 1526 1104 1576 constanter
1246 1526 1313 1575 29
1353 1520 1602 1576 Pierides
1639 1522 1723 1577 bis
1758 1524 2023 1592 scriptum
2165 1528 2235 1578 30
2272 1522 2448 1577 Alceo

699 1598 820 1662 260,
852 1598 916 1647 15
955 1609 1144 1647 versus
1179 1590 1275 1647 hic
1430 1598 1496 1648 16
1533 1594 1643 1648 erit
1678 1593 1943 1666 sequens]
1990 1596 2049 1649 et
2081 1592 2377 1663 insequens
2530 1599 2596 1648 21
2635 1592 2749 1649 alio
2907 1599 2976 1648 28
3014 1611 3164 1649 com·

557 1667 707 1720 mate
852 1670 920 1719 32
958 1663 1265 1719 Fallecium
1300 1680 1439 1720 corr.
1477 1663 1761 1721 Falecium

701 1741 822 1804 261,
853 1741 884 1790 9
924 1752 957 1790 o
993 1751 1094 1791 om.
1261 1741 1327 1790 10
1366 1736 1788 1807 epigrammatis
1826 1753 1963 1791 corr.
2004 1735 2504 1806 epigrammatibus
2662 1736 3015 1793 Bacchilides

561 1814 624 1863 11
662 1825 767 1878 par
805 1809 892 1862 est
1048 1813 1112 1863 12
1149 1823 1481 1864 veneramus
1638 1815 1702 1864 18
1741 1807 2248 1864 scenodidascalico
2286 1825 2424 1865 corr.
2464 1809 2949 1879 cynodidascalico
2984 1810 3168 1864 cadem

555 1897 729 1935 ’nanu
763 1885 828 1934 ut
860 1880 1079 1935 videtur
1232 1878 1475 1935 falecion
1520 1881 1759 1936 metrom
1916 1885 1984 1934 22
2033 1898 2137 1949 par
2180 1882 2268 1935 est
2312 1880 2460 1936 enim
2504 1881 2679 1952 priori
2723 1883 2814 1936 cui
2864 1880 3010 1936 dono
3057 1896 3166 1950 que

556 1950 806 2077 wffidstb
935 1956 1003 2005 24
1041 1954 1451 2006 anacreonteun
1610 1957 1681 2008 26
1719 1951 2018 2024 Laevium]
2064 1951 2339 2022 Lepidum
2501 1957 2569 2009 28
2617 1950 2703 2008 De
2738 1950 3023 2023 galiambo

709 2042 767 2077 m
807 2040 872 2078 us

555 2040 631 2094 ga
704 2100 826 2164 262,
856 2100 886 2149 7
928 2091 1134 2162 Cybele
1278 2100 1311 2149 8
1348 2095 1618 2165 tympano
1763 2102 1795 2149 9
1835 2112 1947 2164 quo
1983 2093 2190 2166 magis]
2229 2095 2493 2165 quoniam
2620 2095 2772 2165 quod
2807 2094 3003 2149 matris
3039 2110 3165 2150 acer

559 2168 647 2224 est
682 2166 821 2221 deae
966 2169 1034 2220 10
1078 2165 1222 2235 pede
1267 2164 1718 2236 brachisyllabon
1865 2175 1923 2221 11
1966 2165 2060 2239 iis]
2106 2165 2194 2221 his
2342 2174 2409 2222 14
2446 2167 2558 2223 cito
2597 2166 2796 2237 cupide
2832 2166 3028 2237 tetigit

562 2245 626 2294 16
665 2237 884 2308 chelym
1043 2242 1109 2291 17
1148 2236 1370 2293 leviano
1530 2243 1595 2292 19
1644 2236 1851 2307 Cybele
1895 2254 2035 2293 corr.
2075 2236 2299 2308 Cybebe
2455 2244 2524 2292 20
2570 2237 3027 2309 brachisyllabon

560 2316 628 2366 23
664 2310 992 2379 tribrachyn
1134 2315 1204 2363 25
1243 2308 1714 2377 brachisyllabum
1860 2315 1930 2365 26
1967 2309 2337 2379 galiambicus
2480 2316 2548 2364 27
2585 2310 2870 2380 intelliget
2906 2327 3033 2364 eum

701 2387 823 2450 263,
853 2386 885 2435 2
922 2382 988 2436 fit
1021 2380 1391 2451 galiambicus
1535 2384 1566 2433 5
1605 2381 1953 2450 galiambum
2100 2388 2132 2437 6
2169 2380 2487 2452 galiambus
2630 2381 2917 2452 galiambo
3061 2379 3168 2453 sic]

558 2452 705 2508 Hinc
740 2454 909 2508 rubro
945 2454 1118 2508 colore
1152 2453 1416 2522 scriptum
1452 2456 1503 2507 et
1538 2468 1659 2506 cum
1694 2469 1853 2507 versu
1889 2454 2240 2508 coniunctum
2395 2458 2430 2507 8
2467 2453 2610 2524 pede
2646 2471 2746 2508 om.
2908 2458 2975 2507 14
3012 2469 3168 2508 acce-

560 2525 692 2581 dere
835 2530 904 2578 22
941 2524 1023 2578 De
1060 2523 1318 2593 phalecio
1353 2525 1534 2578 metro
1571 2522 1848 2579 Phalecus
1889 2541 2077 2579 versus
2223 2529 2290 2580 25
2328 2524 2599 2580 Philicius
2742 2531 2812 2581 26
2847 2524 3028 2580 libero

560 2596 704 2653 acris
743 2597 903 2657 (corr.
940 2595 1078 2664 acri)
1115 2594 1248 2650 salis
1287 2596 1345 2649 et
1381 2611 1581 2649 arcane
1725 2601 1792 2650 27
1832 2596 2087 2666 repperio

704 2673 827 2735 264,
859 2673 887 2721 1
925 2666 1149 2723 mistica
1289 2672 1322 2721 2
1359 2663 1631 2722 Philicius
1785 2673 1821 2721 4
1856 2668 2090 2722 Alceum
2245 2672 2277 2722 5
2316 2667 2500 2740 cuius]
2538 2666 2700 2736 quasi
2851 2671 2884 2721 8
2924 2684 2991 2722 ex
3025 2668 3170 2723 inse-

563 2740 759 2811 quenti
795 2756 957 2795 versu
992 2738 1219 2795 Italiam
1256 2738 1548 2794 adsumam
1693 2743 1726 2794 9
1765 2738 2075 2809 dactylicos
2111 2738 2321 2809 primos
2357 2739 2496 2794 duos
2533 2738 2767 2795 adiectis
2805 2739 3022 2796 duabus
3059 2740 3171 2809 syl-

560 2813 706 2869 labis
743 2812 927 2882 longis
963 2811 1135 2866 facies
1174 2809 1611 2866 choriambicum
1637 2809 1793 2867 velut
1831 2811 1980 2866 hunc
2006 2812 2155 2867 unde
2182 2828 2338 2867 meus
2365 2811 2558 2866 veniat
2582 2811 2772 2866 mollis
2801 2810 2862 2866 in
2890 2829 2990 2867 ora
3026 2812 3170 2866 liber

561 2885 721 2940 velut
755 2883 904 2938 hunc
940 2898 1009 2937 ex
1040 2882 1212 2938 heroo
1248 2884 1604 2952 pentametro
1643 2882 1748 2939 sic:
1796 2883 1945 2938 unde
1982 2900 2139 2938 meus
2175 2884 2368 2938 veniat
2404 2883 2589 2938 mollis
2624 2883 2683 2938 in
2718 2882 2859 2939 haec
2895 2899 2994 2938 ora
3027 2882 3173 2938 liber

564 2958 623 3011 et
659 2955 793 3009 dum
957 2960 1023 3010 16
1060 2952 1241 3009 Deum
1278 2956 1437 3021 (corr.
1476 2951 1646 3023 Dum)
1682 2971 1841 3010 meus
1875 2953 1968 3009 hic
2127 2960 2197 3010 20
2234 2953 2398 3026 quot]
2436 2955 2590 3024 quod
2748 2960 2814 3009 21
2864 2958 2954 3010 est
2987 2972 3056 3010 ne
3094 2953 3169 3027 si]

566 3027 642 3082 sit
677 3027 784 3081 nisi
918 3029 1133 3096 rytmos
1168 3025 1485 3097 rhythmos,
1521 3027 1615 3082 scd
1650 3026 1818 3082 deleto
1853 3027 2068 3097 rytmos
2212 3031 2281 3080 22
2319 3026 2416 3081 fiet
2557 3032 2625 3081 23
2663 3024 2864 3081 musici
3007 3032 3076 3080 24
3112 3025 3171 3081 in

560 3115 653 3154 ore
717 3114 869 3153 more

653 3098 830 3239 ]265,
860 3175 889 3224 1
939 3168 1036 3225 sed
1077 3168 1185 3223 tibi
1230 3168 1468 3224 sedetibi
1502 3168 1731 3224 Bromia
1773 3169 1982 3225 clevata
2020 3168 2196 3251 pede,
2242 3169 2337 3225 sed
2371 3169 2558 3224 deletis
2602 3168 2700 3223 sed
2741 3168 2851 3224 tibi
3003 3173 3035 3223 5
3071 3168 3170 3223 tri-

566 3241 815 3312 brachyn
960 3245 992 3295 9
1029 3239 1219 3295 moltis
1254 3240 1436 3295 modis
1596 3247 1659 3296 12
1695 3239 1983 3298 custodita
2015 3243 2164 3296 mter
2199 3257 2258 3296 se
2401 3240 2829 3296 consonantiant
2862 3256 2999 3296 corr.
3039 3257 3172 3295 con-

568 3313 814 3369 sentiant
955 3313 1375 3385 praeterquam]
1411 3314 1636 3383 praeter
1781 3317 1851 3368 14
1885 3312 2127 3367 Novium
2276 3317 2340 3367 15
2380 3311 2760 3368 Calimachum
2887 3311 3172 3368 comediae

654 3389 723 3439 26
762 3383 815 3439 ei
851 3400 1016 3454 quem
1055 3401 1221 3454 quem
1255 3384 1428 3454 paulo
1572 3389 1641 3439 28
1678 3383 1737 3439 in
1772 3382 1983 3439 Achilii
2018 3383 2217 3439 tabula
2252 3382 2571 3439 Glabrionis
2605 3385 2829 3454 tabula,
2878 3385 2970 3440 sed
3005 3385 3172 3439 deleto

560 3457 748 3527 priore
784 3457 900 3511 loco
934 3456 1134 3511 tabula
1275 3461 1344 3510 30
1382 3455 1623 3510 Novium

708 3533 828 3593 266,
861 3533 889 3582 1
928 3529 1153 3597 pateras
1191 3543 1345 3582 ereas
1488 3532 1521 3582 5
1558 3526 1737 3583 Nevio
1883 3532 1915 3581 6
1951 3525 2205 3582 versibus
2349 3533 2379 3582 7
2419 3527 2598 3583 Novio
2742 3534 2774 3582 9
2812 3527 3070 3599 phalleco

567 3605 632 3654 12
667 3599 986 3670 Ρὴηίὶθοοη
1083 3605 1150 3653 16
1188 3598 1367 3653 Nevio
1490 3605 1556 3653 23
1593 3597 1905 3670 phallecius
2023 3604 2092 3654 25
2130 3599 2388 3668 quartam
2509 3604 2578 3654 26
2614 3600 2785 3654 Alceo
2908 3604 2974 3654 27
3014 3598 3172 3655 nullo

707 3677 831 3737 267,
862 3677 889 3725 1
931 3670 1028 3739 qui
1066 3686 1102 3724 a
1135 3670 1318 3740 prima
1355 3669 1523 3725 strofe
1666 3675 1699 3725 2
1736 3670 1849 3726 tria
1883 3670 2248 3725 denominant
2373 3677 2405 3725 3
2443 3670 2799 3726 archilocheo
2928 3676 2958 3724 7
2997 3670 3171 3743 nunc]

569 3760 701 3797 nam
810 3746 843 3795 8
882 3743 1237 3812 componitur
1273 3758 1400 3796 cum
1435 3740 1677 3797 iambico
1714 3741 1821 3810 sic,
1858 3744 1951 3798 scd
1986 3743 2171 3798 deletis
2206 3758 2333 3797 cum
2368 3741 2610 3798 iambico
2731 3749 2798 3797 16
2833 3759 2934 3813 pro
2972 3759 3084 3812 qua

566 3820 632 3870 19
673 3812 755 3868 sic
788 3813 990 3869 terruit
1023 3813 1219 3869 urbem
1259 3812 1472 3884 primus
1509 3812 1582 3868 ab
1623 3812 1732 3869 oris
1775 3813 1988 3884 inclyte
2033 3830 2208 3884 parva
2251 3814 2472 3884 predite
2507 3813 2695 3884 patria
2728 3814 2932 3869 terruit
2979 3813 3172 3868 urbem

566 3884 779 4010 prizlnus
816 3885 887 3940 ab
926 3883 1039 3940 oris
1085 3884 1306 3939 nomine
1354 3884 1558 3941 celebri
1604 3885 1868 3955 claroque
1913 3886 2113 3956 potens
2165 3886 2423 3953 (alterum
2461 3901 2685 3940 carmen
2721 3885 2784 3940 in
2818 3887 3013 3955 mar-9.)
3049 3885 3173 3954 quis

563 3975 657 4011 mu
682 3959 744 4012 ta

710 4032 832 4096 268,
863 4034 892 4082 1
940 4028 1051 4083 duo
1097 4028 1378 4083 commata
1421 4043 1567 4096 quae
1612 4028 2026 4098 subsequuntur
2070 4027 2288 4097 priapei
2430 4035 2465 4083 4
2502 4045 2765 4084 consecro
2818 4027 3171 4084 commendo·

567 4118 675 4171 que
821 4103 855 4155 5
890 4098 1129 4170 alcaico]
1167 4098 1459 4155 Calcaeico
1604 4105 1670 4154 10
1708 4100 1790 4173 et]
1830 4102 1916 4155 est
2061 4104 2128 4153 14
2164 4099 2253 4171 ex]
2292 4102 2352 4155 et
2496 4104 2563 4156 15
2599 4100 2733 4172 stet]
2776 4102 2863 4155 set
3004 4105 3071 4154 21
3112 4101 3172 4155 et

563 4172 778 4244 iambo]
817 4188 885 4227 ex
921 4171 1110 4228 iambo
1253 4178 1323 4226 24
1358 4174 1688 4242 persperunt
1830 4177 1899 4227 30
1934 4170 2235 4241 phalecum

709 4249 833 4315 269,
862 4249 896 4298 2
932 4244 1145 4299 factum
1182 4242 1270 4298 est
1306 4242 1572 4299 detractis
1717 4249 1749 4299 8
1786 4244 2014 4314 longam
2157 4249 2190 4298 5
2227 4242 2431 4298 ultima
2571 4248 2642 4299 20
2677 4242 3064 4315 precipitaque

568 4318 626 4373 et
661 4332 762 4371 om.
908 4320 977 4370 25
1014 4314 1337 4371 archibuleo
1481 4321 1551 4370 28
1586 4331 1691 4371 nec
1726 4318 1947 4371 veteres
1984 4314 2273 4387 agitantur
2309 4314 2431 4370 orni
2467 4315 2624 4370 cernel
2657 4316 2922 4385 seriptum

709 4393 831 4455 270,
859 4393 893 4442 2
939 4387 1113 4442 Alceo
1255 4392 1289 4441 8
1325 4385 1481 4459 nam]
1518 4403 1688 4442 unam
1724 4404 1863 4443 corr.
1902 4402 2032 4441 nam
2176 4404 2287 4458 quo
2321 4386 2370 4441 si
2513 4385 2888 4443 cor-iambicon
3042 4392 3074 4442 9
3111 4385 3173 4442 in

564 4475 665 4514 om.
813 4464 879 4513 12
916 4459 1122 4514 Alceus
1267 4463 1334 4513 15
1371 4457 1611 4515 Sibarim
1754 4459 1989 4514 Alceum
2130 4464 2196 4513 21
2237 4458 2412 4514 Alceo
2556 4463 2626 4515 25
2662 4458 3038 4515 archiloceum

565 4536 633 4586 28
671 4529 752 4586 sic
786 4547 885 4586 ons.

709 4608 832 4669 271,
863 4609 889 4658 1
933 4601 1089 4675 quia]
1128 4618 1272 4673 quae
1397 4601 1602 4673 lyricos
1636 4601 1884 4686 tragicos
2027 4606 2061 4656 4
2099 4600 2278 4672 aliqui
2403 4601 2653 4658 enumeri
2797 4607 2830 4657 6
2867 4605 2927 4658 et
2961 4617 3061 4657 om.

567 4680 634 4728 22
673 4673 960 4745 galiambo
995 4690 1134 4731 corr.
1171 4673 1479 4745 galliambo
1621 4680 1691 4729 24
1726 4671 2111 4745 intelligamus
2254 4679 2322 4729 26
2358 4672 2493 4730 illae
2637 4674 2734 4745 qui
2769 4690 2869 4730 om.

709 4751 831 4810 272,
862 4751 896 4801 5
932 4746 1040 4806 hac
1116 4748 1236 4801 arte
1379 4750 1413 4800 8
1448 4744 1826 4801 laboravimus

711 4821 834 4886 273,
867 4822 895 4871 1
945 4815 1042 4872 DE
1127 4816 1443 4874 OSITVRA
1489 4834 1588 4873 om.
1761 4823 1794 4872 2
1833 4815 1968 4872 finio
2005 4832 2143 4874 corr.
2183 4818 2255 4873 al.
2291 4834 2359 4873 m.
2397 4816 2577 4872 finitio
2747 4820 2780 4870 8
2818 4815 3174 4872 memoriatio

569 4903 705 4946 corr.
743 4887 1072 4947 memoratio
1216 4895 1248 4946 9
1287 4888 1495 4945 cinicus
1607 4905 1734 4947 cum
1768 4888 1843 4944 ad
1880 4887 2392 4958 animadvertisset,
2427 4889 2521 4944 scd
2555 4888 2723 4946 deleto
2758 4888 2831 4944 ad
2968 4893 3035 4942 10
3072 4887 3172 4944 ad-
