3613 5528
557 366 687 432 154
1384 442 1413 463 ο
1634 370 2090 427 CASSIODORII
2118 380 2124 389 “

550 480 596 517 p.
622 470 741 510 asse.
768 470 822 509 87
849 470 899 509 P.

731 553 979 615 Varroni
1018 557 1190 618 etiam
1228 555 1422 636 placet
1459 575 1489 617 r
1525 555 1812 640 litteram,
1836 561 1908 647 ‚si
1954 560 2145 639 primo
2191 558 2321 620 loco
2368 567 2649 641 ponatur,
2698 579 2816 621 non
2856 559 3162 640 adspirari.

555 661 739 722 lector
787 663 944 722 enim
998 664 1154 745 ipse,
1208 664 1430 745 inquit,
1483 664 1832 743 intellegere
1879 663 2057 755 debqt
2103 665 2361 745 Rodum,
2414 667 2650 727 tametsi
2696 665 2736 726 h
2791 685 2912 727 non
2968 665 3164 741 babet,

554 767 826 828 Rhodum
864 786 1023 850 esse,
1071 777 1332 831 retorem
1368 770 1687 833 rhetorem.
1763 770 1870 832 sed
1907 772 2111 834 eadem
2151 771 2485 834 observatio
2524 790 2642 833 non
2690 776 3026 836 necessaria
3073 782 3165 835 est

554 874 612 952 [r
666 874 907 953 litteraJ.
993 885 1135 938 sunt
1188 878 1347 938 enim
1404 876 1580 938 verba
1635 879 1829 957 primo
1882 877 2015 939 loco
2070 897 2102 939 r
2157 878 2414 940 litteram
2478 866 2754 942 habentia
2798 900 2919 942 non
2968 884 3164 942 minus

555 982 733 1044 latina
779 1002 954 1063 quam
1001 1001 1227 1063 graeca.
1316 987 1513 1064 itaque
1571 987 1784 1046 merito
1842 986 2181 1047 auferemus
2238 983 2369 1062 [aut
2424 986 2853 1066 amovebimus]
2901 987 3160 1069 adspira·
3218 1003 3245 1043 5

550 1092 798 1171 tionem,
845 1089 1030 1151 Roma
1076 1093 1280 1170 regina
1327 1109 1468 1171 rapa
1511 1089 1732 1152 Rodus,

736 1197 777 1257 Z
817 1200 880 1258 in
918 1200 1180 1277 antiquis
1222 1198 1437 1260 libellis
1474 1199 1648 1261 modo
1688 1201 1978 1279 scriptum
2017 1207 2124 1281 est,
2161 1199 2336 1282 modo
2376 1218 2514 1283 non,
2552 1200 2656 1262 sed
2692 1219 2803 1281 pro
2841 1200 2941 1261 illo
2979 1201 3097 1263 duo
3136 1221 3165 1262 s

556 1304 957 1386 ponebantur,
1013 1305 1290 1366 crotalizo
1351 1306 1684 1387 crotalisso,
1741 1306 2018 1367 malacizo
2075 1305 2380 1367 malacisso
2447 1314 2507 1367 et
2571 1306 2664 1367 his
2729 1306 2956 1367 similia.
3060 1307 3163 1368 sed

562 1411 817 1472 viderint
860 1410 945 1471 illi
991 1414 1122 1493 qui,
1168 1431 1304 1492 cum
1352 1412 1549 1474 verbis
1596 1414 1845 1492 integris
1874 1412 2236 1474 Graecorum
2283 1415 2372 1474 uti
2418 1431 2537 1474 non
2584 1411 2982 1495 erubuerunt,
3028 1431 3163 1474 eru-

552 1518 912 1579 bescendum
953 1518 1337 1580 crediderunt
1373 1518 1600 1580 litteras
1639 1537 1882 1597 graecas
1919 1520 2347 1580 intermiscere.
2408 1518 2579 1581 nobis
2619 1521 2803 1581 satius
2840 1528 2934 1581 est
2970 1520 3162 1581 alieno
3195 1540 3246 1579 ιο

555 1624 705 1686 bene
752 1627 869 1707 uti,
914 1643 1090 1704 quam
1137 1634 1344 1686 nostro
1391 1625 1774 1705 ineleganter.
1818 1620 1826 1707 Ι

860 1853 927 1916 II
988 1852 1111 1918 EX
1156 1851 1419 1918 VELIO
1465 1851 1761 1919 LONGO
1808 1851 2008 1918 ISTA
2052 1851 2584 1919 DEFLORATA
2630 1852 2859 1919 SVNT

734 2000 835 2083 At,
882 2002 933 2061 si
980 2000 1319 2060 coniunctio
1366 1998 1573 2080 suerit,
1620 2018 1728 2079 per
1774 2008 1798 2061 t
1846 2000 2226 2062 scribendum
2276 2008 2396 2082 est,
2443 2008 2511 2061 ut
2556 2008 2648 2062 est

871 2133 942 2187 at
990 2134 1056 2187 te
1104 2126 1486 2185 nocturnis
1533 2123 2281 2282 iuv·›allescere
2328 2100 2666 2208 &hartisj

554 2253 604 2312 si
649 2253 1038 2333 praepositio,
1082 2270 1191 2332 per
1238 2250 1303 2332 d,
1349 2258 1416 2311 ut
1462 2258 1553 2312 est
3192 2269 3243 2308 15

872 2375 1084 2436 fando
1132 2373 1408 2454 aliquid
1456 2376 1515 2434 si
1562 2374 1749 2436 forte
1799 2382 1957 2435 tuas
2100 2377 2343 2436 rvenit
2388 2375 2468 2436 ad
2515 2394 2742 2438 aures.

555 2498 779 2583 ‘atque'
819 2505 958 2563 item
998 2502 1299 2563 coniuncti
1583 2502 1696 2560 sita
1731 2518 1840 2580 per
1869 2507 1894 2559 t
1931 2499 2201 2560 similiter
2230 2500 2557 2563 scribenda.
2614 2504 2768 2583 apud
2806 2506 3165 2584 praepositio

554 2629 661 2690 per
708 2610 743 2669 d
793 2608 973 2670 scribi
1206 2657 1224 2689 ,
1270 2609 1427 2669 sicut
1472 2603 1564 2667 ‘ad
1716 2600 1887 2688 rem',
1934 2608 2210 2686 quoniam
2248 2615 2480 2669 veteres
2519 2627 2694 2689 saepe
2733 2609 2886 2689 apud
2934 2628 3043 2690 pro
3091 2611 3164 2672 ad

553 2718 648 2778 usi
686 2723 852 2798 sunt3
891 2723 952 2777 et
989 2715 1217 2777 duabus
1255 2735 1327 2777 ex
1367 2735 1435 2777 ea
1473 2714 1629 2777 medi
1766 2717 1935 2777 tteris
1973 2713 2238 2798 sublatis,
2275 2713 2335 2776 id
2375 2723 2466 2778 est
2500 2735 2537 2796 p
2577 2723 2638 2779 et
2675 2734 2732 2799 u,
2769 2716 2841 2778 ad
2879 2726 3163 2780 remanet.

554 2826 699 2885 item
738 2817 867 2903 quit
904 2842 1012 2904 per
1051 2833 1073 2885 t
1110 2826 1399 2903 scriptum
1439 2822 1683 2884 verbum
1789 2831 1815 2884 t
1852 2824 2061 2884 tertiae
2099 2841 2407 2906 personae,
2436 2825 2606 2884 cuius
2643 2826 2834 2904 prima
2864 2833 2956 2887 est
2991 2844 3163 2907 queo,
3192 2841 3246 2880 20

554 2932 814 2993 secunda
862 2933 1024 3012 quiS,
1082 2934 1255 2992 tertia
1301 2933 1455 3013 quit;
1511 2949 1583 2991 ex
1640 2927 1857 3010 quibus
1913 2937 2353 3009 componuntur
2400 2947 2632 3010 nequeo
2679 2934 2893 3011 nequis
2939 2937 3164 3017 nequit,

741 3137 1739 3293 vmazman.
1770 3141 1898 3203 157,
1925 3141 1998 3191 16
2100 3128 2174 3192 '13
2213 3139 2290 3192 At
2336 3137 2448 3193 Vel.
2485 3137 2660 3208 Lonq,
2700 3144 2795 3207 62,
2831 3145 2921 3196 10.
2961 3147 3051 3209 69,
3089 3149 3163 3199 18

626 3226 691 3275 17
731 3237 767 3274 a
1133 3237 1255 3290 0²29·
1368 3262 1386 3286 ,
1603 3225 1672 3273 20
1711 3216 1837 3286 quit
1882 3217 1995 3273 Vel.
2033 3217 2208 3288 Lony.
2248 3224 2340 3287 69,
2376 3224 2455 3275 25

554 3349 643 3356 ἢ

735 3424 761 3472 1
812 3419 1038 3474 uari-oni
1085 3416 1255 3491 et*
1302 3415 1492 3487 placet
1536 3414 1592 3468 A
1640 3414 1869 3470 uari-oni
1914 3416 2065 3471 enim
2110 3415 2300 3485 placet
2343 3416 2447 3475 Βς
2492 3417 2716 3473 uarroni
2760 3418 2951 3488 placet
2997 3418 3042 3472 0

551 3515 579 3551 r
606 3497 856 3553 litteram
885 3499 934 3553 si
960 3499 1141 3569 primo
1170 3499 1295 3554 loco
1323 3498 1566 3570 ponatur
1600 3494 1813 3562 Cari-ie,
1842 3495 1880 3549 h
1908 3495 2100 3551 littera
2127 3494 2176 3549 si
2203 3512 2304 3565 pro
2332 3496 2533 3566 (primo
2562 3498 2616 3565 ς)
2646 3497 2768 3553 loco
2795 3500 3038 3569 ponatur
3062 3499 3163 3557 Βς

446 3593 455 3596 4
550 3578 589 3631 h
636 3578 888 3633 litteram
934 3579 983 3633 si
1027 3596 1129 3648 pro
1175 3578 1297 3633 loco
1343 3577 1585 3647 ponatur
1624 3575 1672 3628 C
1711 3576 1749 3630 h
1790 3576 2039 3632 litteram
2078 3576 2128 3630 si
2163 3593 2229 3646 pr·
2258 3577 2329 3644 (h.
2359 3594 2399 3632 e.
2438 3579 2587 3646 post)
2625 3596 2653 3631 r
2688 3582 2931 3648 ponatur
2966 3580 3021 3634 A

554 3663 585 3712 2
624 3658 802 3713 lectus
843 3656 890 3712 0
1027 3660 1141 3713 taffi
1179 3658 1286 3713 etsi
1322 3658 1504 3713 ABG
1640 3657 1703 3728 h]
1742 3657 1817 3726 ha
1852 3656 1899 3710 G
2037 3662 2069 3710 3
2107 3655 2389 3727 Rhodum]
2428 3655 2627 3711 rodum
2660 3658 2717 3712 B
2856 3661 3161 3733 rhetorem]

554 3789 835 3847 rethstem
873 3791 989 3846 ΒΟ
1122 3740 1231 3846 seii1
1256 3750 1453 3847 &aiem
1491 3789 1941 3848 obseruationem
1981 3792 2130 3860 (nem
2164 3792 2296 3860 ras.)
2333 3807 2443 3845 non
2479 3791 2794 3846 necessaria
2830 3793 2916 3846 est
2950 3810 2979 3846 r
3014 3792 3163 3848 litte-

550 3889 646 3927 rae
698 3873 870 3942 (corr.
894 3870 1105 3941 littera)
1150 3872 1204 3926 Β
1386 3879 1420 3927 4
1465 3890 1494 3926 r
1526 3872 1720 3928 littera
1764 3886 1866 3925 om.
1903 3872 1984 3938 A,
2031 3888 2061 3923 r
2095 3869 2318 3926 litterae
2356 3886 2389 3929 ς
2435 3871 2495 3926 in
2530 3890 2558 3926 r
2594 3872 2788 3927 littera
2825 3871 3021 3927 Carrio

553 3958 584 4007 5
631 3952 831 4008 merito
878 3952 1193 4007 auferamus
1239 3955 1340 4008 aitt
1384 3953 1772 4010 amouebimus
1818 3948 2278 4020 (adspirationem
2324 3952 2451 4006 add.
2498 3953 2545 4020 c)
2592 3969 2628 4007 a
2674 3969 2834 4006 roma
2879 3951 2926 4006 Ο
2963 3952 3163 4008 merito

552 4030 853 4087 auferimus
890 4032 928 4086 h
966 4049 1123 4088 roma
1158 4033 1213 4087 A
1394 4041 1425 4088 6
1462 4034 1624 4105 rapa]
1664 4048 1816 4102 papa
1849 4031 1905 4084 Β
2089 4037 2119 4086 7
2156 4030 2217 4085 in
2253 4032 2496 4101 antiquis
2530 4032 2739 4088 libellis
2774 4032 2895 4092 AB
2914 4031 3067 4102 Par„
3102 4032 3163 4087 in

553 4111 798 4181 antiquis
857 4110 1015 4166 libris
1066 4110 1132 4180 Ο,
1187 4112 1247 4167 in
1300 4113 1548 4182 antiquis
1604 4112 1762 4167 libris
1809 4103 2137 4166 Latinorum
2196 4117 2448 4181 eaecerpta
2496 4112 2679 4167 Curtii
2735 4112 3023 4168 Valeriani

552 4190 761 4262 scripta
798 4193 883 4247 est
922 4189 969 4245 0
1113 4210 1214 4262 pro
1252 4190 1355 4247 illa
1393 4191 1441 4247 C'
1591 4191 1733 4246 duae
1772 4209 1825 4246 ss
1860 4192 1915 4244 Β
2059 4197 2092 4247 8
2130 4192 2394 4246 crotalizo
2432 4191 2765 4248 chrotalisso
2803 4194 2857 4247 A
2896 4192 3162 4249 crotolizo

552 4272 843 4328 crotalisso
878 4272 935 4325 B
973 4272 1174 4328 cralizo
1203 4272 1493 4327 crotalisso
1536 4270 1583 4324 G
1685 4271 1980 4343 malacizo]
2020 4271 2275 4327 malicizo
2312 4272 2367 4325 A
2476 4275 2537 4326 et
2560 4272 2620 4326 in
2647 4273 2734 4328 his
2771 4273 2826 4327 A
2937 4281 2968 4329 9
3006 4273 3167 4328 uidei'·

553 4355 624 4423 (h.
671 4371 712 4410 e.
760 4352 1043 4423 uiderunt)
1095 4353 1142 4408 0
1319 4359 1385 4408 10
1434 4351 1771 4408 crediderint
1804 4351 1860 4404 Β
2041 4352 2127 4406 est
2161 4368 2261 4406 om.
2299 4352 2354 4404 Β
2537 4358 2598 4407 11
2640 4369 2811 4423 quam
2848 4359 2955 4409 ffr-o‘
3002 4352 3163 4408 ineli-

551 4454 752 4522 ganter
788 4452 843 4506 A
879 4468 1048 4521 quam
1084 4468 1195 4506 non
1222 4452 1558 4522 ineliganter
1595 4452 1754 4520 (corr.
1781 4448 2151 4520 ineleganter)
2189 4449 2243 4503 B
2279 4467 2449 4521 quam
2486 4451 2540 4505 N
2577 4451 2858 4522 eligantur
2896 4452 2955 4519 0,
2995 4468 3163 4522 quam

549 4530 900 4601 ineleganter
935 4532 1128 4587 nostra
1161 4548 1443 4602 apponere
1480 4549 1514 4590 ς
1552 4549 1617 4587 ex
1649 4530 1831 4586 Gartii
1868 4530 2157 4585 Valeriani
2193 4532 2456 4599 excerptis
2603 4539 2666 4587 12
2706 4532 2971 4588 UELLIO
3009 4532 3065 4585 Β

552 4612 1011 4681 DEFLORATA]
1049 4611 1343 4667 RELATA
1379 4613 1435 4666 Β
1611 4617 1676 4667 13
1714 4610 2067 4666 scribendum
2105 4609 2210 4681 est]
2251 4608 2418 4665 scribi
2455 4612 2623 4667 debet
2661 4612 2708 4668 0
2877 4618 2946 4666 14
2982 4614 3044 4667 at
3078 4612 3160 4684 te]

553 4690 702 4745 Pers.
739 4698 840 4748 sat.
880 4697 932 4757 5,
970 4697 1047 4747 62
1172 4699 1235 4747 16
1275 4691 1469 4765 fando]
1518 4691 1673 4760 Very.
1713 4691 1851 4747 Aen.
1890 4692 1978 4744 II
2008 4696 2078 4746 81
2199 4689 2431 4760 aliquod
2464 4692 2521 4746 B
2649 4699 2714 4749 18
2751 4693 2981 4760 fortasse
3018 4690 3165 4747 sicut

553 4770 626 4825 ad
662 4769 1003 4840 praepositio
1134 4778 1197 4826 19
1237 4789 1303 4826 ex
1340 4772 1430 4844 ea]
1469 4788 1537 4826 ex
1574 4773 1654 4827 eis
1692 4771 1874 4825 ABG
1995 4776 2064 4825 20
2113 4768 2268 4826 cuius
2312 4771 2495 4840 prima.
2539 4774 2628 4827 est
2671 4788 2814 4842 queo
2853 4788 2920 4826 ex
2959 4770 3162 4840 quibus

554 4853 939 4922 conponuntur
976 4868 1191 4922 nequeo
1228 4851 1419 4920 inquio
1456 4869 1557 4922 per
1593 4852 1630 4907 d
1666 4852 1855 4908 autem
1896 4851 1943 4908 0
