3613 5528
1345 433 1441 489 DE
1479 431 2059 498 ORTHOGRAPHIA
2877 432 3009 497 285

397 544 442 580 p.
467 532 571 572 2⁷96
600 532 650 573 P.

513 616 789 688 &Procul
840 624 902 678 et
946 616 1118 696 longe
1166 616 1385 680 dicitur
1432 626 1493 678 et
1536 637 1753 699 prope,
1801 612 2019 700 (Ver-q.
2060 623 2205 680 Aen.
2246 618 2315 677 X
2360 613 2528 701 777)
2577 613 2844 699 ‘clipeo
2892 637 3008 678 ex-

400 742 607 785 cussa
654 726 864 804 sagitta
909 722 1312 804 proculque
1360 725 1699 787 Antorem
1748 721 2173 805 egregium'.
2872 742 2879 751 ·

573 828 903 891 Pertinacia
950 830 1136 891 malae
1183 833 1272 892 rei
1317 834 1757 911 perseverantia
1805 832 2043 914 dicitur,
2090 835 2418 893 constantia
2466 831 2671 893 bonae.

578 936 937 998 Percussum
985 955 1236 1017 corpore
1284 936 1567 1020 dicimus,
1612 938 1957 1017 perculsum
2005 915 2263 1000 animo..

342 1065 369 1106 5
571 1042 914 1105 Periculum
959 1043 1030 1104 ad
1078 1043 1401 1105 discrimen
1447 1047 1732 1126 pertinet,
1780 1045 2070 1125 periclum
2118 1045 2188 1105 ad
2236 1047 2726 1126 experimentum.

572 1148 916 1211 Postulatur
962 1148 1184 1229 aliquid
1241 1149 1517 1233 honeste,
1570 1154 1841 1231 poscitur
1886 1151 2182 1231 improbe:
2242 1152 2452 1213 Cicero
2498 1154 2560 1213 in
2618 1153 3004 1213 frumentaria

398 1249 477 1336 (c.
523 1256 628 1331 34,
684 1251 795 1339 78)
844 1251 1243 1337 ‘incipiunt
1288 1256 1695 1340 postulare,
1739 1276 2075 1338 poscere,
2123 1254 2430 1320 minari'.

570 1362 769 1424 Pubes
816 1382 952 1425 cum
1008 1365 1071 1424 in
1118 1366 1443 1427 iuventutis
1492 1366 1919 1444 significatione
1969 1351 2039 1425 et'
2082 1364 2374 1444 lanuginis
2422 1374 2482 1428 et
2539 1369 2668 1428 eius
2713 1369 2902 1447 partis
2945 1369 3008 1428 in

395 1488 510 1549 qua
564 1469 848 1550 pubertas
904 1479 996 1532 est
1049 1473 1309 1553 ponitur,
1375 1472 1554 1532 huius
1613 1470 1787 1552 pubis
1846 1472 2019 1553 l'acit3
2083 1479 2143 1532 at
2200 1490 2338 1533 cum
2394 1482 2645 1535 aetatem
2702 1475 3012 1557 significat,

322 1599 372 1637 10
398 1576 577 1639 buius
629 1576 892 1658 puberis
988 1595 1099 1638 nec
1155 1585 1353 1638 tamen
1408 1577 1633 1639 adiecta
1699 1581 2137 1659 praepositione
2194 1579 2445 1641 dicimus
2514 1580 2847 1663 inpuberis,
2904 1581 3007 1642 sed

395 1683 661 1764 inpubis:
709 1680 1221 1764 ‘comitemque
1267 1683 1565 1764 inpubis
1612 1680 1781 1747 Iuli'
1822 1684 2115 1765 Vergilius
2153 1679 2330 1766 (Aen.
2377 1687 2427 1746 V
2448 1681 2619 1769 546)
2666 1687 2829 1749 dixit.
2904 1687 3008 1749 sed

396 1789 604 1851 Cicero
651 1783 747 1873 (in
801 1793 973 1852 Catil.
1025 1791 1173 1852 IIII
1214 1791 1273 1868 6,
1320 1784 1431 1875 13)
1481 1793 1561 1853 ait
1607 1787 2022 1871 ‘filiumque
2071 1795 2228 1855 eius
2274 1790 2750 1873 inpuberem'.

553 1881 951 1959 'Pulmentum
998 1908 1059 1959 et
1103 1897 1562 1978 pulmentarium
1610 1898 1861 1960 dicitur:
1908 1917 2043 1962 nam
2082 1899 2224 1960 Cato
2263 1899 2573 1980 Originum
2629 1900 2708 1962 111
2746 1897 3007 1963 ‘laser-

396 2006 675 2085 piceum
721 2023 848 2085 pro
893 2003 1374 2085 pulmentario
1421 2000 1688 2089 habet',
1732 2006 1892 2067 idem
1939 2000 2193 2068 ‘multo
2239 2006 2607 2086 pulmento
2656 2003 2816 2070 usi'.

323 2131 373 2171 ιε
573 2110 950 2191 Podagrosus
986 2131 1018 2172 a
1056 2112 1315 2193 podagra
1352 2112 1589 2194 dicitur,
1627 2112 1731 2173 sed
1771 2121 1831 2174 et
1866 2113 2221 2193 podagricus
2261 2133 2293 2173 a
2329 2113 2549 2193 pedum
2588 2118 3008 2195 aegrotatione.

579 2218 903 2299 Pugillares
941 2227 1002 2280 et
1040 2219 1367 2281 masculino
1404 2238 1621 2298 genere
1652 2229 1710 2280 et
1749 2238 1988 2300 semper
2024 2220 2332 2300 pluraliter
2360 2221 2539 2302 dicas,
2576 2223 2714 2300 quia
2749 2222 3010 2304 pugillus

401 2332 492 2384 est
543 2327 647 2403 qui
701 2325 905 2406 plures
967 2326 1195 2388 tabulas
1250 2329 1536 2388 continet.
1618 2328 1760 2387 item
1808 2324 2096 2388 Laberius
2152 2329 2215 2387 in
2273 2326 2576 2389 Piscatore
2633 2328 3012 2408 singulariter
3066 2405 3073 2412 .

401 2427 515 2491 boc
558 2431 813 2511 pugillar
858 2433 1022 2496 dixit.

575 2537 767 2600 Pavus
811 2543 944 2621 pavi
991 2549 1245 2623 et.pavo
1291 2543 1550 2621 pavonis.

277 2665 286 2668 ·
325 2665 376 2705 so
577 2645 891 2709 Paniculae
938 2640 1378 2730 πρωτότυπον
1423 2667 1655 2727 pannus
1695 2656 1814 2710 est:
1860 2646 2123 2710 Lucilius
2172 2644 2637 2711 ‘subteminis
2682 2645 3010 2731 paunus'.

576 2751 932 2836 Paropsides
988 2757 1273 2818 feminino
1331 2774 1550 2835 genere
1606 2754 1908 2839 dicuntur,
1962 2774 1995 2817 a
2050 2754 2448 2837 pulmentario
2492 2755 2793 2840 videlicet,
2850 2757 3008 2837 quod

402 2850 578 2934 ὄψον
623 2870 849 2923 vocant.

573 2966 889 3030 Palumbes
928 2968 1219 3050 Vergilius
1257 2964 1481 3054 (bucol.
1510 2971 1570 3046 3,
1605 2964 1722 3054 69)
1769 2971 2055 3032 feminino
2092 2988 2311 3050 genere
2350 2970 2515 3047 dixit,
2554 2966 2823 3047 ‘aeriae
2871 2990 3008 3052 quo

400 3091 833 3137 concessere
890 3072 1312 3159 palumbes'‚
1368 3076 1472 3138 sed
1534 3076 1796 3138 Lucilius
1853 3076 2176 3137 masculine
2225 3072 2685 3157 ‘maci-osque
2741 3077 3008 3159 palum-

323 3175 572 3242 esbes'.
645 3180 830 3243 Varro
886 3190 1084 3243 autem
1138 3185 1201 3244 in
1249 3182 1475 3245 Scauro
1529 3182 1847 3263 palumbi
1903 3182 2076 3265 dicit,
2128 3182 2288 3262 quod
2348 3183 2718 3245 consuetudo
2771 3203 3009 3265 quoque

405 3291 728 3369 usurpavit.

574 3394 818 3458 Pometa
864 3397 1118 3459 dicimus
1163 3396 1267 3459 ubi
1321 3415 1495 3478 poma
1539 3403 1886 3479 nascuntur,
1946 3404 2014 3458 ut
2058 3395 2296 3476 oliveta,
2352 3398 2616 3476 pomaria
2661 3405 2859 3459 autem
2907 3397 3010 3459 ubi

400 3511 728 3564 servantur.

578 3708 606 3757 1
647 3705 707 3758 et
734 3705 925 3774 priore
961 3704 1073 3759 loeo
1108 3720 1210 3759 om.
1249 3703 1306 3757 P
1422 3701 1649 3756 exclusa
1683 3717 1822 3757 corr.
1861 3717 2066 3757 excusa.
2102 3702 2155 3757 P
2275 3711 2308 3758 3
2348 3703 2554 3774 malae]
2605 3704 2817 3760 multae
2855 3703 2911 3756 P

399 3780 730 3851 dicimusP
843 3783 1190 3839 constantiae
1226 3782 1408 3838 bonae
1447 3781 1583 3836 PM
1696 3787 1728 3836 ὅ
1764 3782 2074 3852 perieulum
2110 3790 2339 3854 utroque
2375 3785 2489 3839 loco
2526 3784 2681 3842 sPL
2798 3790 2831 3839 8
2867 3783 3009 3838 lalu-

399 3859 546 3931 ginis
583 3861 636 3915 L
775 3865 834 3918 et
869 3863 989 3919 eius
1025 3865 1216 3934 partes
1255 3862 1312 3915 P
1339 3865 1400 3918 et
1434 3861 1554 3918 eius
1593 3862 1671 3916 M
1702 3864 1762 3917 et
1794 3862 1974 3931 partis
2012 3863 2107 3921 s'L
2233 3870 2266 3918 9
2305 3863 2445 3919 facit
2480 3865 2542 3918 at
2578 3880 2705 3918 cum
2743 3862 2839 3921 ςΙι
2873 3861 3013 3918 facit

400 3944 463 3994 ut
511 3957 641 3996 cum
688 3943 763 3996 M
804 3945 864 3999 et
907 3961 1033 3999 cum
1080 3943 1137 3997 P
1284 3947 1349 3996 10
1393 3941 1706 4014 inpuberis]
1752 3942 2052 4012 inpuberes
2101 3946 2176 3999 M
2334 3951 2397 4000 12
2442 3943 2702 4013 filiusque
2748 3942 2814 3996 P.
2870 3944 3011 3997 idem

399 4022 697 4090 exemplum
755 4026 1058 4092 posuerunt
1104 4021 1319 4077 Probus
1365 4021 1503 4076 cath.
1552 4037 1613 4090 p.
1662 4027 1758 4088 20,
1806 4027 1842 4077 5
1888 4028 1939 4078 et
1989 4025 2317 4080 Priscianus
2361 4025 2397 4079 1.
2456 4024 2549 4078 VI
2582 4040 2642 4093 p.
2689 4028 2823 4093 250,
2869 4028 2905 4078 3
3110 4070 3119 4076 .

403 4104 467 4153 13
506 4100 783 4171 originum
801 4102 990 4157 vitiat
1023 4101 1185 4156 laser.
1223 4099 1446 4170 piceum
1486 4101 1564 4155 M
1704 4107 1771 4156 15
1816 4119 1852 4157 a.
1897 4103 2147 4174 podagro
2199 4104 2262 4158 P.
2318 4120 2353 4158 a
2398 4102 2652 4172 podagra
2698 4102 2841 4157 bene
2878 4101 3012 4156 dici·

400 4182 492 4233 tur
529 4179 820 4236 Char-abiae
850 4198 909 4251 p.
938 4186 1031 4247 75,
1067 4186 1141 4235 16
1255 4185 1317 4234 1⁹1
1357 4180 1607 4237 continet
1645 4183 1727 4236 -11-
1770 4181 2144 4252 Singulariter
2181 4183 2286 4237 hoc
2322 4181 2568 4252 pugillar
2603 4183 2657 4236 L
2763 4181 3010 4252 singula.-

403 4260 540 4316 τίθει·
574 4264 652 4316 ii
687 4261 937 4332 pugillar
972 4261 1027 4317 d.
1058 4260 1114 4314 P
1213 4265 1284 4313 20
1319 4260 1620 4317 Paniculae
1655 4292 1726 4302 —
1764 4266 1831 4315 22
1870 4264 2077 4316 vocant
2111 4278 2212 4318 om.
2251 4262 2304 4315 L
2420 4278 2598 4332 panus
2634 4267 2861 4331 utroque
2897 4261 3011 4315 loco

401 4341 565 4395 codex
603 4339 849 4397 Charisii
882 4357 943 4410 p.
981 4344 1108 4405 105,
1145 4345 1184 4394 8
1327 4342 1414 4393 est
1457 4343 1525 4396 ut
1562 4341 1782 4396 lucilius
1823 4341 1901 4395 M
2056 4340 2410 4412 subteminis]
2450 4340 2756 4396 substernis
2794 4339 2851 4393 P
2878 4339 3004 4393 sub·

403 4419 665 4490 tegminis
706 4422 781 4475 M
811 4420 947 4477 foris
984 4419 1356 4491 subtegminis
1385 4435 1419 4477 ς
1454 4419 1772 4476 subtiminis
1800 4422 1968 4476 codex
1999 4419 2245 4477 Charisii
2351 4422 2571 4491 pannus
2605 4419 2933 4490 parapsides
2962 4419 3019 4472 P

404 4516 617 4569 pannus
662 4502 722 4556 et
764 4501 1087 4571 parapsides
1137 4501 1213 4554 M
1252 4517 1468 4570 pannus
1516 4502 1603 4555 est
1645 4501 1980 4572 Paropsides
2032 4516 2066 4559 ς
2208 4507 2273 4556 21
2327 4500 2475 4570 quod
2516 4502 2671 4555 ΟΨΛΙ
2719 4502 2926 4555 uocant
2962 4497 3018 4551 P

406 4581 552 4650 quod
587 4581 790 4637 Graeci
824 4576 974 4650 ὄψον
1009 4580 1302 4651 appellant
1338 4579 1626 4635 Charisius
1656 4597 1714 4650 p.
1742 4586 1872 4648 106,
1902 4587 1972 4636 10
2080 4588 2149 4636 23
2186 4579 2507 4651 Palumbes]
2554 4578 2917 4650 Palumplebs
2958 4577 3015 4632 P

473 4658 611 4716 dicit
645 4660 704 4714 P
855 4676 1054 4716 aereae
1099 4660 1156 4713 P
1273 4658 1406 4729 quo]
1456 4660 1606 4728 quod
1647 4662 1722 4715 M
1845 4668 1914 4717 24
1966 4663 2064 4718 sed
2102 4679 2202 4720 om.
2242 4663 2298 4716 P
2432 4675 2759 4728 mserosque
2796 4659 3011 4728 palum-

407 4740 501 4795 bes
537 4756 571 4799 ς
606 4756 935 4811 macr-osque
974 4740 1272 4811 palumbos
1315 4739 1447 4793 ML
1482 4745 1532 4794 et
1568 4742 1736 4796 codex
1778 4741 2027 4797 Charisii
2059 4758 2120 4811 p.
2155 4746 2284 4808 106,
2315 4747 2411 4810 29,
2455 4755 2752 4808 macorque
2793 4739 3012 4809 polum-

407 4817 502 4953 ἷξε
541 4819 597 4873 Ρ
732 4825 802 4953 ἓξ
844 4820 1018 4892 quod]
1057 4819 1191 4889 quia
1227 4819 1298 4872 P
1363 4856 1370 4861 »
1418 4826 1486 4876 27
1526 4822 1781 4892 Pometa]
1817 4835 2023 4893 pomea,
2057 4822 2114 4876 P
2249 4823 2313 4876 ut
2348 4838 2448 4877 om.
2488 4820 2544 4874 P
2608 4826 2621 4831 “
2679 4826 2748 4876 28
2786 4836 3010 4877 seruan-

531 4914 698 4971 poma.
