3613 5528
1200 421 1721 518 FRAGRENTVM
1757 456 2165 517 PAmsmvm
2910 452 2998 524 35

568 646 675 707 Est
719 649 879 708 enim
924 667 1084 709 nunc
1130 666 1319 727 genus
1374 646 1658 709 dilatandi
1710 645 1918 728 verba,
1974 663 2124 726 quae
2169 648 2227 706 io
2279 647 2495 708 litteris
2547 647 2864 727 finiuntur,
2921 644 2994 705 de

400 773 513 834 quo
568 762 625 814 et
678 754 916 817 Aufusti
973 756 1340 835 grammatici
1394 753 1546 815 liber
1602 762 1694 816 est
1752 752 1824 813 ad
1879 753 2150 813 Asinium
2194 753 2547 834 Pollionem,
2603 754 2826 814 rectius
2881 751 2999 812 dici

396 860 697 921 veniebam
742 860 1054 922 audiebam
1101 862 1401 923 salliebam
1446 860 1736 922 leniebam
1783 858 2134 936 molliebam,
2182 878 2357 939 quam
2403 860 2674 922 venibam
2720 857 2992 920 audibam

396 966 653 1028 sallibam
691 967 962 1029 lenibam.
993 968 1320 1051 mollibam,
1366 978 1664 1047 tamquam
1711 969 1882 1027 venio
1928 968 2119 1046 prima
2165 975 2440 1047 correpta
2485 966 2817 1048 veniebam,
2863 983 2995 1026 rur·

344 1086 370 1126 ⁵
395 1092 496 1135 sus
541 1092 726 1136 veneo
770 1076 960 1155 prima
1000 1075 1290 1156 producta
1338 1075 1626 1157 venibam,
1671 1093 1791 1135 non
1841 1072 2163 1155 veniebam,
2209 1074 2381 1135 audio
2431 1073 2763 1156 audiebam,
2808 1072 2998 1135 audeo

397 1180 697 1242 audebam.

899 1366 925 1395 0

572 1413 597 1460 1
648 1407 752 1462 Eat
786 1411 843 1460 Η
878 1406 934 1461 N
970 1425 1146 1478 genua
1185 1409 1256 1476 G,
1303 1411 1392 1464 est
1426 1412 1486 1464 et
1522 1408 1580 1463 in
1617 1425 1720 1462 usu
1765 1424 1943 1477 genua
1992 1406 2259 1462 Usenerua
2294 1424 2431 1463 mus.
2470 1406 2643 1464 Rhen.
2680 1425 2729 1464 v.
2772 1406 3006 1463 XXIV

305 1550 311 1561 Ι
394 1505 443 1541 α.
483 1492 631 1543 1869
677 1504 732 1556 p.
772 1492 895 1541 101.
930 1488 1138 1542 malim
1175 1493 1262 1545 eat
1297 1506 1503 1551 novum
1541 1491 1723 1557 'genua
1940 1486 2127 1556 dequo
2161 1487 2194 1541 ’1
2237 1487 2475 1543 abnecti.
2530 1488 2667 1543 fusti
2705 1487 3001 1559 gramatici

391 1566 534 1620 liber
559 1570 631 1635 ᾀ·
657 1566 731 1621 ad
768 1565 1010 1637 aseinum
1048 1568 1354 1636 pellionum
1387 1569 1435 1622 0
1467 1568 1537 1621 de
1564 1582 1676 1634 quo
1705 1566 1925 1620 abnecti
1952 1565 2085 1621 fusti
2115 1566 2449 1636 grammatic
2475 1567 2620 1623 liber
2645 1569 2718 1624 ad
2746 1568 3002 1623 Asinium

393 1644 704 1699 Pollionem
730 1662 789 1712 v,
818 1646 888 1700 de
917 1663 1027 1714 quo
1057 1649 1145 1701 est
1174 1647 1395 1703 Aufusti
1425 1646 1780 1716 grammatici
1809 1647 1956 1702 liber
1983 1645 2054 1700 ad
2084 1646 2337 1700 Asinium
2367 1646 2677 1702 Pollionem
2718 1648 3003 1705 Usenerua.

393 1724 630 1789 Aufusti
664 1727 982 1779 mentionem
1018 1728 1260 1794 fecerunt
1298 1725 1570 1782 Priscian.
1610 1728 1645 1782 l.
1695 1726 1873 1781 VIII
1899 1744 1957 1795 p.
1988 1730 2120 1791 383,
2155 1732 2192 1781 9
2229 1743 2340 1781 exc.
2370 1726 2519 1782 Feat.
2546 1744 2603 1795 p.
2632 1731 2720 1781 94.
2780 1727 2851 1783 de
2890 1743 3000 1798 quo

394 1803 567 1858 Aristi
602 1803 765 1858 Fusci
801 1804 1154 1875 grammatici
1191 1808 1278 1860 eat
1311 1804 1454 1859 liber
1489 1804 1562 1859 ad
1598 1804 1853 1859 Asinium
1891 1805 2178 1862 Polionem
2218 1807 2517 1860 coniecerat
2553 1806 2843 1876 Hauptiua
2875 1812 3004 1876 post

394 1881 584 1935 Gratia*
621 1899 876 1952 cyney.p.
900 1889 974 1938 40
1009 1889 1059 1937 et
1094 1885 1209 1939 ind.
1250 1885 1360 1939 lect.
1394 1884 1575 1938 Berol.
1616 1885 1800 1938 aestio.
1840 1903 1892 1939 a.
1932 1890 2079 1941 1855
2108 1902 2168 1954 p.
2189 1889 2252 1954 4,
2288 1902 2470 1955 opusc.
2506 1903 2557 1940 v.
2580 1886 2664 1940 II
2687 1904 2748 1956 p.
2772 1892 2844 1942 69
2883 1887 3000 1941 coll.

391 1962 552 2016 schol.
582 1963 647 2014 in
673 1961 812 2017 Hor.
841 1968 942 2016 sat.
976 1964 1019 2015 I
1051 1969 1105 2033 9,
1133 1969 1201 2018 61
1350 1970 1381 2017 3
1421 1980 1589 2034 quam
1627 1963 1887 2019 venibam
1925 1981 1958 2019 v
1995 1982 2043 2033 q,
2081 1963 2344 2020 uenibam
2384 1965 2431 2021 C
2569 1972 2604 2021 4
2641 1970 2808 2036 tamq‚
2836 1966 3001 2022 uenio

398 2040 446 2095 G
475 2056 716 2109 namque
744 2041 907 2095 venio
942 2058 992 2097 v.
1027 2043 1258 2109 fortasse
1283 2059 1415 2098 nam
1452 2044 1617 2099 venio
1654 2044 1838 2113 prima
1865 2046 2125 2114 correpta
2158 2043 2298 2101 facit
2323 2045 2616 2102 veniebam
2761 2053 2793 2101 ὁ
2824 2062 3001 2101 veneo

394 2189 495 2263 ont.
531 2190 564 2226 v
651 2173 968 2311 pmdugta]
999 2177 1255 2245 correpta
1281 2193 1313 2230 v
1431 2175 1719 2248 venibam]
1748 2175 2023 2231 uenebam
2053 2175 2101 2230 G
2215 2183 2247 2231 6
2287 2177 2560 2233 audebam
2588 2136 2641 2233 {1
2671 2178 2741 2233 de
2770 2178 3004 2234 catholi-

397 2269 479 2306 cis
514 2268 802 2307 nominum
