3613 5528
1350 411 1931 469 ORTHOGRAPHIA
2815 411 2949 477 303

338 529 382 566 p.
410 514 624 555 asse—ss
652 512 702 554 Ρ.
2882 491 2898 520 ¹

340 599 586 664 dicitur:
640 619 749 681 pro
796 619 828 661 c
875 618 915 679 g
969 599 1162 660 littera
1219 608 1577 662 commutata
1633 608 1740 660 est.
1833 598 2213 660 Grandaevus
2271 599 2441 677 quasi
2495 598 2736 677 grandis
2792 618 2955 679 aevo,

339 707 472 768 ideo
519 726 627 788 per
673 707 790 767 duo
839 726 877 767 u
927 705 1226 766 scribitur.
1299 704 1580 766 Gratulor
1626 724 1737 786 pro
1784 704 2013 784 gaudeo
2060 713 2121 763 et
2166 706 2384 782 gratias
2432 723 2556 784 ago.

519 813 712 895 Haud,
751 813 988 892 quando
1027 812 1370 888 adverbium
1411 822 1503 873 est
1540 813 1824 893 negandi,
1860 811 1895 871 d
1936 810 2130 871 littera
2172 814 2525 873 terminatur
2562 821 2623 872 et
2659 814 2955 890 aspiratur

339 925 402 981 in
441 924 659 1001 capite3
707 919 943 999 quando
981 929 1178 980 autem
1219 922 1560 981 coniunctio
1598 919 1950 981 disiunctiva
1995 926 2113 998 est,
2160 926 2262 977 aut
2298 935 2407 997 per
2455 926 2478 977 t
2522 917 2778 978 litteram
2825 918 2954 977 sine

263 1046 288 1085 a
341 1029 699 1108 aspiratione
737 1025 1039 1087 scribitur.
1114 1025 1375 1088 Huiusce
1424 1045 1532 1106 per
1569 1046 1601 1086 c
1648 1026 1909 1087 litteram
1947 1023 2328 1085 scribendum
2367 997 2485 1085 est:
2531 1026 2760 1102 antiqui
2797 1024 2955 1084 enim

341 1133 792 1216 pronominibus
838 1152 907 1193 ce
955 1132 1275 1212 addebant,
1334 1141 1399 1194 ut
1454 1133 1624 1194 hicce
1671 1133 1860 1193 illicce
1908 1133 2143 1210 isticce,
2198 1129 2354 1191 unde
2403 1129 2703 1191 subtracta
2751 1131 2957 1191 eadem

345 1243 659 1303 novissima
698 1238 915 1319 syllaba
956 1237 965 1319 Ι
1007 1257 1075 1299 ce
1115 1238 1389 1300 relictum
1428 1247 1520 1299 est
1565 1238 1661 1299 hic
1699 1237 1820 1298 illic
1857 1239 2020 1318 istic,
2067 1245 2318 1297 accentu
2366 1247 2562 1298 tamen
2615 1245 2957 1297 remanente

344 1352 406 1408 in
454 1349 770 1408 novissima
807 1344 1044 1424 syllaba.
1119 1343 1322 1405 Hiems
1371 1346 1497 1405 sine
1545 1364 1584 1424 p
1631 1341 1816 1404 scribi
1861 1340 2065 1423 debet,
2112 1343 2251 1403 licet
2296 1346 2522 1422 sumpsi
2569 1361 2678 1422 per
2723 1363 2762 1423 p
2810 1345 2954 1403 scri·

342 1454 518 1516 batur
556 1463 802 1533 propter
838 1460 888 1525 ψ
926 1468 1198 1531 graecam
1236 1450 1524 1531 litteram,
1561 1452 1733 1510 cuius
1770 1458 2125 1529 potestatem
2162 1469 2201 1529 p
2241 1458 2301 1510 et
2338 1469 2367 1510 s
2405 1452 2466 1511 in
2502 1451 2685 1511 latino
2722 1447 2958 1510 habent.

275 1579 321 1618 ιο
348 1560 550 1621 Habeo
598 1579 630 1619 a
679 1557 938 1619 tenendo
988 1575 1122 1618 cum
1172 1558 1531 1637 aspiratione
1579 1555 1892 1636 scribitur,
1938 1554 2084 1615 abeo
2123 1574 2156 1616 a
2194 1557 2528 1618 recedendo
2576 1560 2703 1618 sine
2742 1558 2958 1635 aspira·

344 1669 506 1728 tione
553 1676 614 1727 et
659 1674 752 1726 est
797 1666 1173 1744 conpositum
1219 1682 1252 1723 a
1301 1662 1535 1724 duobus
1583 1665 1861 1743 integris,
1915 1661 1975 1722 id
2025 1671 2117 1723 est
2162 1662 2235 1723 ab
2282 1673 2342 1725 et
2386 1682 2476 1725 eo.
2564 1665 2794 1745 hiatus,
2840 1665 2963 1724 oris

347 1776 600 1854 apertio,
656 1790 792 1833 cum
849 1772 1233 1850 aspiratione,
1288 1769 1521 1831 chiatus
1576 1789 1683 1850 per
1739 1788 1771 1829 c
1831 1777 1891 1829 et
1949 1769 1983 1829 b
2044 1787 2158 1830 vas.
2250 1769 2505 1849 hymnus
2560 1790 2669 1850 per
2715 1770 2755 1830 h
2816 1771 2962 1830 scri·

349 1879 606 1941 bendum
657 1887 765 1939 est.
846 1877 1046 1937 haurit
1090 1893 1199 1955 per
1245 1874 1285 1934 h
1347 1875 1729 1936 scribendum
1776 1886 1895 1955 est,
1942 1875 2106 1936 audit
2151 1878 2279 1937 sine
2327 1876 2382 1936 h.
2461 1876 2536 1937 Hi
2582 1888 2643 1937 et
2687 1876 2779 1937 his
2824 1894 2961 1956 pro-

353 1988 587 2047 nomina
632 2003 741 2065 per
780 2001 965 2045 unum
1011 1984 1031 2042 i
1078 1980 1391 2043 scribenda
1439 1991 1595 2043 sunt.
1669 1981 1985 2043 Herbescit
2031 2000 2189 2062 ager,
2235 2001 2372 2044 cum
2410 1982 2653 2044 herbam
2700 1992 2964 2063 generat,

278 2111 325 2151 ιε
354 2095 508 2154 sicut
556 2091 839 2153 adolescit
884 2099 944 2151 et
991 2088 1290 2169 pubescit,
1336 2107 1472 2150 cum
1520 2091 1716 2170 spicae
1764 2091 2117 2169 proximant.
2211 2090 2505 2169 Aspiratio
2552 2099 2687 2150 ante
2735 2089 2965 2150 vocales

352 2216 560 2258 omnes
603 2200 746 2278 poni
792 2205 1017 2277 potest,
1064 2204 1199 2275 post
1246 2205 1642 2257 consonantes
1680 2204 1879 2256 autem
1923 2202 2205 2275 quattuor
2253 2195 2658 2257 tantummodo
2705 2183 2964 2276 ponitur,

352 2324 384 2366 c
432 2317 456 2366 t
499 2326 538 2386 p
586 2324 643 2385 r,
704 2313 771 2366 ut
826 2303 1015 2364 habeo
1073 2301 1249 2362 heres
1304 2302 1493 2362 hiems
1548 2302 1724 2362 homo
1788 2301 2008 2362 humus
2053 2301 2339 2363 Chremes
2385 2302 2612 2363 Thraso
2657 2302 2965 2383 Philippus

354 2411 615 2472 Rhodus.
706 2409 758 2470 Η
805 2409 936 2470 ideo
985 2406 1286 2468 vocalibus
1332 2409 1706 2468 extrinsecus
1752 2395 2129 2489 adscribitur,
2177 2417 2243 2469 ut
2289 2412 2486 2471 minus
2534 2418 2774 2490 sonent,
2820 2427 2960 2469 con-

250 2547 267 2574 ι
354 2516 702 2579 sonantibus
757 2525 954 2578 autem
1011 2517 1400 2593 intrinsecuS,
1456 2523 1525 2574 ut
1579 2514 1902 2594 plurimum
1958 2523 2189 2574 sonent.
2280 2514 2548 2597 Habena,
2603 2533 2754 2594 quae
2810 2518 2965 2595 regit

280 2646 331 2685 so
356 2643 629 2705 currum,
676 2642 783 2703 per
821 2621 859 2682 b
897 2639 1033 2682 cum
1072 2621 1455 2700 aspiratione3
1501 2638 1708 2701 avena,
1755 2639 1909 2700 quae
1958 2623 2248 2701 significat
2295 2622 2496 2683 tibiam
2535 2622 2624 2683 vel
2673 2622 2968 2703 stipulam,

354 2750 460 2812 per
506 2750 541 2789 v
590 2732 715 2791 sine
763 2730 1139 2810 aspiratione.
1225 2727 1439 2810 Hiscit,
1494 2745 1562 2789 os
1602 2730 1816 2809 aperit.
1906 2727 2226 2809 Hypocrita
2273 2747 2510 2809 graece,
2565 2728 2742 2791 latine
2789 2732 2967 2791 simu-

356 2837 531 2899 lator:
578 2837 732 2917 hypo
779 2838 936 2896 enim
983 2853 1193 2914 graece
1245 2834 1483 2913 salsum,
1530 2836 1713 2895 crisin
1761 2834 2048 2898 indicium
2095 2837 2541 2915 interpretatur.

534 2942 911 3004 Intervallum
959 2960 1067 3022 per
1103 2942 1221 3002 duo
1258 2939 1279 3000 l
1324 2938 1705 3002 scribendum
1744 2949 1853 3001 est„
1928 2940 2005 3021 It,
2051 2941 2209 3021 quod
2258 2941 2323 3002 fit
2368 2941 2442 3001 ab
2480 2959 2551 3001 eo
2589 2944 2641 3002 is
2678 2945 2750 3023 it,
2796 2962 2905 3023 per
2945 2955 2968 3004 t

357 3049 666 3130 scribitur3
722 3049 779 3109 id
834 3066 1164 3129 pronomen
1221 3046 1293 3107 ab
1342 3065 1412 3107 eo
1460 3046 1617 3126 quod
1674 3056 1765 3107 est
1822 3050 1873 3107 is
1930 3065 1997 3107 ea
2053 3046 2110 3107 id
2166 3064 2278 3126 per
2324 3046 2361 3106 d
2409 3047 2708 3110 scribitur.
2800 3050 2965 3111 Inter

282 3178 333 3217 πο
358 3158 715 3237 praepositio
753 3158 815 3216 in
853 3173 969 3216 una
1006 3173 1150 3215 voce
1191 3162 1477 3234 sequente
1517 3158 1540 3214 l
1588 3162 1775 3215 mutat
1815 3172 1844 3213 r
1891 3156 1951 3213 in
1990 3151 2038 3234 I,
2088 3163 2152 3214 ut
2188 3152 2492 3234 intelleg03
2541 3156 2601 3215 in
2640 3154 2771 3216 aliis
2818 3158 2965 3217 inte-

359 3281 530 3343 grum
568 3271 792 3344 manet,
831 3271 899 3323 ut
935 3264 1228 3322 interitus
1293 3260 1453 3320 lacet
1489 3262 1591 3339 qni
1629 3259 1811 3340 cadit,
1846 3261 1988 3320 iacit
2025 3260 2127 3338 qui
2164 3262 2347 3320 mittit
2386 3260 2693 3339 quodlibet
2730 3262 2969 3322 missile.

360 3368 555 3450 Impar
591 3388 699 3449 per
737 3387 795 3429 m
833 3366 1215 3428 scribendum
1253 3374 1361 3427 est.
1434 3365 1675 3443 Inlexit,
1710 3366 1762 3424 si
1798 3382 1908 3443 per
1947 3384 2009 3445 e,
2048 3364 2282 3426 seduxit
2316 3367 2635 3447 significat3
2682 3370 2733 3427 si
2770 3386 2880 3447 per
2911 3387 2971 3448 u,

358 3475 855 3536 inlustrationem.
947 3474 1244 3535 Incestum
1294 3470 1676 3532 scribendum
1724 3480 1843 3551 est,
1888 3470 2028 3532 licet
2075 3474 2270 3532 veniat
2315 3473 2387 3532 ab
2435 3475 2677 3534 incasto.
2753 3474 2969 3535 Identi-

361 3583 493 3643 dem
541 3601 649 3662 per
686 3601 723 3642 n
762 3584 823 3643 in
861 3584 1061 3662 priore
1109 3580 1238 3640 loco
1277 3577 1657 3639 scribendum
1696 3585 1815 3657 est,
1861 3576 2000 3637 licet
2046 3580 2124 3639 sit
2170 3577 2242 3639 ab
2291 3578 2446 3639 idem
2484 3588 2544 3639 et
2590 3581 2794 3641 itidem
2832 3599 2969 3642 con—

283 3712 335 3751 so
361 3692 639 3768 positum.
714 3689 960 3750 Innixus
997 3685 1417 3768 procumbenS,
1455 3687 1709 3746 innexus
1748 3683 1979 3762 ligatus.
2046 3683 2325 3764 Indigena
2369 3687 2505 3748 inde
2545 3695 2746 3769 natuS,
2782 3688 2972 3749 incola

363 3795 598 3856 aliunde
639 3798 896 3855 veniens.
963 3794 1447 3872 Intempestivum
1489 3799 1720 3851 veteres
1759 3791 2041 3852 dixerunt
2076 3793 2520 3871 inoportunum,
2560 3797 2972 3873 tempestivum

364 3910 751 3982 oportunum:
816 3921 848 3961 a
906 3911 1171 3981 tempore
1227 3898 1462 3959 dicitur.
1557 3899 1643 3957 sic
1701 3899 2078 3959 inmaturitas
2137 3906 2494 3958 nocturnum
2562 3908 2796 3979 tempus
2864 3910 2973 3981 est,

365 4006 523 4087 quod
564 4026 681 4068 non
719 4017 812 4069 est
849 4016 1175 4088 maturum,
1212 4004 1269 4065 id
1309 4012 1404 4065 est
1439 4012 1800 4083 oportunum
1850 4011 1917 4064 ut
1966 4014 2174 4083 agatur
2212 4004 2431 4082 aliquid
2471 4005 2777 4086 vigilando,
2815 4007 2971 4085 quod

367 4118 545 4177 etiam
592 4116 766 4195 vulgo
814 4116 930 4176 dici
987 4113 1139 4174 solet
1193 4111 1338 4172 hora
1385 4113 1721 4190 inportuna.
1817 4110 2051 4171 Iuvenis
2097 4113 2293 4171 iunior
2334 4109 2344 4192 Ι
2386 4110 2810 4191 superlativum
2856 4130 2973 4172 non

547 4251 575 4298 1
615 4243 819 4300 dicitur
859 4243 933 4297 M
966 4241 1150 4298 dietus
1179 4240 1279 4311 ΡΒ
1448 4244 1480 4292 3
1519 4236 1683 4292 Haud
1721 4237 1872 4307 quod
1910 4238 2240 4294 aduerbium
2277 4241 2366 4293 esi:
2403 4240 2478 4292 M
2636 4246 2669 4293 6
2708 4256 2770 4294 ce
2807 4241 2976 4296 adde·

366 4324 504 4379 bant
521 4322 623 4393 ΡΒ
657 4339 689 4376 c
716 4323 1002 4378 addebant
1033 4323 1105 4376 M
1210 4328 1238 4375 7
1280 4317 1499 4389 syllaba
1526 4334 1588 4371 ce
1618 4317 1878 4372 relictum
1906 4321 1994 4373 est
2032 4318 2106 4372 M
2140 4317 2360 4388 syllaba
2398 4336 2428 4373 c
2463 4319 2719 4375 relictum
2758 4325 2844 4376 est
2880 4323 2977 4392 pS

474 4410 506 4458 8
542 4403 601 4457 in
638 4419 736 4457 om.
763 4403 949 4473 pSM
1089 4406 1122 4455 9
1159 4401 1411 4456 litteram
1448 4416 1548 4454 om.
1579 4398 1702 4468 ΡΒ,
1741 4399 1870 4454 add.
1913 4400 1986 4453 M
2139 4406 2201 4453 11
2242 4398 2460 4454 duabus
2497 4400 2572 4453 M
2724 4408 2788 4455 12
2827 4402 2976 4456 chia.-

368 4488 458 4538 tus
493 4499 597 4553 per
622 4500 653 4537 c
679 4484 740 4537 et
764 4483 803 4536 h
841 4482 971 4538 SM
1004 4481 1242 4552 cyathus
1278 4499 1378 4551 per
1404 4485 1431 4536 t
1459 4483 1518 4534 et
1546 4480 1580 4531 h
1615 4495 1656 4547 p
1783 4495 1885 4533 uas
1922 4478 2202 4548 significat
2241 4479 2313 4531 M
2457 4486 2524 4533 15
2559 4481 2878 4550 proximant
2909 4482 2982 4535 M

370 4560 778 4633 proximatpS
926 4558 2176 4627 17CTPRMCPTRSCTLP1>
2303 4559 2982 4629 ThrasoptharsoSM

376 4649 437 4697 18
475 4643 637 4696 sonet
671 4646 898 4709 utroque
933 4640 1047 4694 loco
1076 4657 1119 4708 Ρ
1263 4645 1333 4694 20
1371 4658 1590 4695 currum
1629 4656 1729 4694 om.
1766 4639 1909 4708 ΡΜ,
1949 4639 2075 4693 add.
2116 4638 2160 4692 S
2293 4638 2572 4708 significat
2605 4640 2681 4694 M
2710 4640 2899 4709 signat
2935 4642 2980 4696 S

466 4728 533 4776 21
572 4718 750 4774 latine
779 4719 823 4773 S
856 4720 913 4773 in
941 4718 1118 4773 latino
1139 4719 1271 4787 ΡΜ
1370 4726 1441 4774 25
1477 4721 1500 4774 l
1527 4721 1717 4789 priore
1744 4719 1859 4773 loco
1886 4734 1986 4773 om.
2009 4717 2193 4787 pSM
2292 4722 2509 4774 mutato
2536 4738 2564 4773 r
2589 4721 2649 4775 in
2678 4720 2699 4773 l
2728 4720 2772 4774 S
2799 4726 2979 4777 muta.-

373 4804 462 4855 tur
495 4801 556 4855 in
602 4798 625 4852 l
663 4800 792 4867 ΡΜ
930 4798 1155 4868 integra
1194 4816 1238 4868 Ρ
1381 4806 1451 4855 26
1486 4798 1645 4869 iacit]
1693 4797 1829 4852 iecit
1865 4798 1909 4852 S
2066 4805 2134 4853 27
2183 4800 2232 4854 si
2269 4802 2460 4869 priore
2505 4802 2619 4855 loco
2662 4816 2764 4854 om.
2804 4801 2880 4854 M

377 4886 443 4934 30
476 4876 757 4949 indegena
797 4880 867 4932 M
1036 4885 1105 4933 34
1142 4878 1347 4949 iunior]
1385 4878 1602 4934 iuuenis
1637 4883 1867 4948 utroque
1903 4880 2018 4934 loco
2057 4880 2145 4937 M.
2190 4880 2424 4947 fmus-oe
2458 4880 2712 4935 iuvenior
