3613 5528
1247 436 1596 492 EXEMPLA
1631 437 2159 493 ELOCVTIONVM
2876 438 3009 503 475

410 544 453 582 p.
482 534 573 575 231.
601 534 681 575 282
708 533 762 574 L.

587 618 718 680 Filii
775 620 1127 682 familiarum
1184 632 1244 684 et
1290 641 1325 680 *
1372 622 1491 685 Cic.
1540 625 1612 685 de
1660 634 1938 704 praetura
1995 622 2220 685 urbana
2275 627 2367 697 (in
2431 626 2599 686 Verr.
2647 634 2764 687 act.
2810 644 2929 687 sec.
2980 625 3019 684 I

409 726 634 807 24,62)
701 745 904 806 quam
970 729 1214 790 multis
1276 732 1493 791 istum
1560 730 1913 792 matribus
1978 731 2409 793 familiarum
2474 737 2609 794 vim
2673 733 3011 794 attulisse

410 830 895 895 existimatis?
924 845 1112 897 mater
1140 836 1416 920 familias,
1453 837 1572 899 Cic.
1601 857 1709 918 pro
1740 837 1935 899 Caelio
1966 838 2207 912 (13‚32)
2247 840 2305 899 si
2342 848 2636 901 matrem
2676 838 3014 921 familiaS,

411 959 623 1001 secus
670 959 874 1020 quam
924 952 1403 1007 matronarum
1453 947 1806 1007 sanctitas
1852 946 2203 1028 postulat,
2250 949 2695 1009 nominamus
2742 995 2756 1009 .

332 1062 358 1101 5
589 1047 732 1108 Fine
762 1049 921 1111 illius
950 1052 1067 1132 rei,
1104 1050 1317 1113 Salust.
1347 1052 1483 1113 hist.
1513 1050 1590 1112 111
1629 1053 1778 1114 fine
1817 1055 2190 1133 inguinum
2228 1053 2744 1133 ingrediuntur
2781 1049 3010 1138 mara}

591 1156 874 1237 Fugitans
921 1157 1078 1220 illius
1125 1162 1238 1241 rei,
1285 1160 1421 1222 Ter.
1466 1159 1641 1221 Phor.
1691 1162 1763 1233 (I
1772 1159 1825 1220 V
1861 1161 2032 1238 5218)

953 1284 1120 1328 erus
1165 1265 1498 1329 liberalis
1543 1275 1654 1329 est
1700 1275 1771 1329 et
1819 1269 2138 1349 fugitans
2182 1269 2418 1331 litium
2467 1319 2480 1332 .

590 1371 896 1453 Fugitivus
952 1372 1024 1434 ab
1078 1373 1175 1435 illa
1231 1392 1325 1456 re,
1388 1373 1507 1436 Cic.
1564 1375 1635 1436 de
1692 1378 1879 1456 signis
1943 1380 2034 1449 (in
2105 1377 2273 1438 Verr.
2334 1379 2433 1438 IV
2471 1379 2732 1454 50,112)
2786 1398 3015 1460 neque

415 1488 550 1540 tam
598 1481 904 1560 fugitivi
949 1480 1060 1542 illi
1107 1480 1187 1542 ab
1234 1480 1567 1565 dominiS,
1613 1501 1819 1562 quam
1864 1492 1937 1545 tu
1987 1482 2073 1565 ab„
2113 1486 2271 1545 iure
2319 1492 2389 1546 et
2434 1504 2464 1546 a
2510 1486 2794 1566 legibus
2841 1535 2854 1548 .

341 1600 392 1640 ιο
592 1586 888 1650 Firmatus
924 1588 1083 1650 illius
1120 1591 1236 1671 rei,
1275 1588 1490 1651 Salust.
1529 1590 1664 1651 hist.
1704 1588 1782 1649 111
1822 1591 1901 1651 ad
1941 1589 2267 1671 Cyzicum
2313 1596 2641 1672 perrexit
2684 1595 3018 1655 firmatus

415 1696 628 1755 animi
675 1743 688 1755 .

591 1800 805 1863 Fartus
849 1802 960 1864 hac
1007 1822 1101 1885 re,
1147 1802 1266 1866 Cic.
1304 1804 1377 1865 de
1417 1805 1722 1885 suppliciis
1769 1808 1863 1879 (in
1917 1806 2086 1868 Verr.
2141 1807 2192 1865 V
2222 1787 2437 1889 1127)
2483 1809 2819 1889 pulvinus
2867 1820 3021 1871 erat

414 1909 835 1989 perlucidus
881 1910 1454 1972 Melitensi·rosa
1503 1913 1734 1974 fartus
1782 1959 1794 1972 .

592 2017 797 2079 Falsus
845 2016 1002 2078 illius
1048 2019 1165 2099 rei,
1218 2018 1537 2080 Terentius
1584 2020 1739 2080 Eun.
1788 2019 1898 2092 (II
1933 2020 2111 2096 2,43)
2171 2030 2245 2083 ut
2300 2022 2525 2085 falsus
2582 2027 2793 2086 animi
2851 2034 2959 2087 est
3006 2072 3019 2085 .

335 2140 387 2178 15
596 2123 814 2185 Fundit
858 2124 1050 2205 humi,
1097 2123 1266 2205 Verg.
1315 2125 1456 2185 Aen.
1496 2123 1543 2182 V
1589 2125 1743 2198 (77)
1789 2144 1980 2187 mero
2036 2125 2272 2188 libans
2327 2130 2698 2192 carchesia
2745 2131 3020 2193 Baccho

417 2231 606 2292 fudit
649 2231 841 2293 humi
889 2279 903 2292 .

596 2337 825 2400 Gaudet
862 2339 958 2400 illa
996 2357 1089 2422 re,
1128 2338 1298 2420 Verg.
1336 2338 1470 2402 buc.
1509 2340 1717 2422 (0329)
1754 2341 2045 2403 Phoebo
2083 2343 2345 2423 gaudet
2379 2345 2722 2409 Parnasia
2762 2366 2978 2427 rupes
3008 2396 3021 2410 .

417 2448 634 2526 gaudet
677 2447 834 2508 illam
881 2466 1036 2530 rem,
1080 2447 1216 2509 Ter.
1263 2447 1408 2508 And.
1457 2450 1552 2521 (V
1590 2450 1720 2525 5,8)

763 2554 950 2616 hunc
998 2556 1148 2615 scio
1195 2572 1343 2616 mea
1390 2553 1615 2616 solum
1664 2555 1898 2617 solide
1944 2560 2357 2637 gavisurum
2404 2561 2687 2642 gaudia,

337 2674 391 2715 ²0
417 2663 573 2724 idem
621 2662 796 2724 Phor.
844 2665 880 2734 (
889 2662 940 2722 V
980 2662 1159 2740 9‚65)

552 2774 665 2831 viu
712 2773 1015 2851 primum
1063 2771 1273 2832 hodie
1322 2770 1562 2831 facere
1610 2772 1791 2850 qnod
1843 2791 1970 2852 ego
2016 2774 2378 2854 gaudeam,
2428 2773 2929 2838 Nausistrata?

597 2879 827 2940 Gerens
873 2881 1204 2959 negotium,
1250 2876 1368 2938 Cic.
1417 2875 1628 2956 Philip.
1667 2875 1999 2953 11(25,63)
2048 2883 2391 2960 magister
2438 2886 2762 2963 equitum
2811 2903 3022 2963 nego-

419 2987 593 3046 tium
655 2984 1023 3064 publicum
1088 3005 1347 3065 gerens
1412 3032 1426 3046 .
1490 2994 1766 3063 gerentes
1833 2990 2079 3069 negotii,
2143 2988 2261 3050 Cic.
2325 3009 2436 3070 pro
2496 2990 2696 3052 Sestio
2764 2992 3023 3066 (45,97)

421 3087 702 3171 negotii
739 3102 1079 3173 gerentes
1127 3142 1140 3154 .
1187 3101 1354 3173 gesto
1403 3094 1461 3153 in
1511 3091 1620 3152 hac
1668 3110 1760 3175 re,
1805 3093 1941 3155 Ter.
1990 3094 2151 3156 Adel.
2199 3098 2331 3170 (IV
2368 3098 2547 3181 2,24)

603 3382 784 3437 Codex
827 3382 1124 3436 Parrhasii
1197 3388 1224 3436 1
1255 3381 1430 3436 Filius
1468 3394 1605 3437 corr.
1646 3379 1775 3435 Filii
1913 3387 1945 3435 2
1984 3381 2097 3435 vim
2125 3398 2226 3437 om.
2363 3390 2397 3437 3
2426 3391 2553 3454 post
2580 3389 2762 3442 mater
2789 3387 3031 3442 familias

421 3463 662 3531 spatium
690 3465 928 3532 quinque
962 3463 1075 3530 fere
1111 3463 1420 3518 litterarum
1446 3463 1512 3516 in
1537 3461 1717 3516 codice
1742 3477 1976 3515 vacuum
2002 3464 2249 3518 relictum
2273 3468 2353 3517 est
2496 3471 2527 3518 5
2558 3484 2711 3522 mare
2738 3467 3031 3538 Fatigatus

425 3543 579 3597 illius
616 3542 713 3597 rei.
754 3542 815 3598 T.
854 3542 1034 3596 forma
1070 3558 1193 3597 eras
1229 3543 1480 3598 liberalis
1517 3544 1548 3597 e
1586 3543 1647 3597 et
1681 3540 1933 3609 fugitans
1971 3541 2098 3597 lititi
2274 3550 2340 3599 10
2378 3545 2657 3602 firmatum
2698 3547 2869 3603 animi

429 3627 494 3675 14
531 3622 671 3678 Eun.
709 3638 810 3679 om.
960 3629 1023 3677 17
1062 3621 1293 3678 Phaebo
1441 3629 1507 3676 19
1536 3640 1689 3677 meas
1718 3639 1856 3676 corr.
1886 3640 2013 3677 mea
2154 3629 2217 3678 21
2252 3624 2370 3695 vin]
2402 3624 2516 3680 vim
2660 3627 3032 3682 nausistracta

607 3889 634 3936 1
674 3883 879 3937 lacuna
916 3898 1080 3950 quam
1115 3882 1366 3937 indicavi
1402 3882 1612 3937 additis
1645 3883 1719 3937 iis
1754 3899 1894 3952 quae
1922 3898 1981 3950 12·
2021 3887 2222 3948 474‚30
2256 3885 2467 3954 scripta
2501 3890 2632 3940 sunt
2668 3885 2751 3939 ita
2785 3884 3033 3953 suppleri

419 3964 649 4031 poterit,
685 3961 863 4017 Filius
899 3961 1148 4017 familiae
1185 3962 1276 4017 vel
1313 3965 1495 4016 mater
1529 3962 1805 4032 familiae,
1843 3963 1947 4018 filii
1980 3963 2325 4019 familiarum
2354 3968 2413 4018 et
2439 3968 2647 4020 matres
2672 3962 3029 4033 familiarum,

427 4043 563 4099 Sall.
583 4042 747 4098 Catil.
767 4049 890 4111 433
912 4042 1009 4097 sed
1028 4042 1132 4097 filii
1151 4044 1507 4110 familiarum,
1537 4059 1772 4112 quorum
1794 4060 1862 4098 ex
1881 4042 2176 4098 nobilitate
2196 4044 2441 4099 maxima
2457 4061 2586 4113 pars
2606 4046 2743 4111 erat,
2770 4048 3032 4114 parentes

427 4121 826 4191 interficerent,
862 4123 1013 4178 idem
1044 4123 1204 4178 Catil.
1236 4128 1357 4189 51‚9
1385 4116 1594 4177 matres
1621 4121 1964 4177 familiarum
1991 4124 2116 4192 pati
2144 4141 2288 4192 quae
2319 4124 2623 4179 victoribus
2651 4124 2999 4180 collibuisset
3017 4166 3029 4178 .

429 4203 539 4257 duo
575 4202 834 4258 Sallustii
869 4204 1114 4271 exempla
1148 4204 1212 4259 i‘n
1247 4204 1614 4259 Perizoniano
1650 4203 1831 4257 codice
1866 4205 2149 4272 adscripta
2184 4210 2339 4270 sunt,
2376 4204 2506 4259 Filii
2541 4203 2883 4259 familiarum
2919 4204 3032 4272 (vel

427 4285 635 4336 matres
670 4281 1035 4352 familiarum)
1072 4282 1300 4341 Sallust.
1327 4283 1467 4338 Bell.
1497 4282 1617 4338 Cat.
1646 4282 1765 4338 filia
1787 4283 2131 4339 familiarum
2161 4288 2266 4339 etc.
2294 4289 2345 4338 at
2379 4285 2445 4339 in
2478 4285 2726 4353 maryine
2760 4300 2829 4338 ex
2864 4286 3034 4341 altero

428 4364 745 4433 apoyrapko
780 4367 989 4418 matres
1026 4361 1370 4419 familiarum
1397 4363 1518 4434 pati
1549 4405 1560 4417 .
1583 4367 1869 4432 praeterea
1892 4367 2017 4432 post
2042 4365 2224 4417 mater
2256 4361 2504 4417 familias
2542 4362 2701 4418 aliud
2735 4365 3033 4433 exemplum

426 4445 688 4512 scn'ptum
721 4444 893 4511 fuisse
925 4444 1178 4499 indicare
1210 4446 1427 4500 videtur
1465 4445 1669 4498 lacuna
1704 4443 1769 4496 in
1805 4443 1987 4497 codice
2020 4441 2213 4497 relicta
2354 4447 2387 4495 2
2427 4459 2598 4511 quam
2632 4442 2825 4498 multis
2861 4445 3031 4500 istum

427 4522 699 4592 ingenuis,
737 4541 906 4594 quam
944 4523 1138 4578 multis
1170 4524 1441 4580 matribus
1469 4523 1713 4579 familias
1739 4524 1798 4578 in
1824 4523 1928 4577 illa
1953 4524 2139 4576 taetra
2164 4523 2335 4592 atque
2361 4521 2582 4591 impura
2608 4523 2891 4594 legatione
2918 4524 3032 4579 vim

428 4603 685 4659 attulisse
713 4604 1044 4659 existimatis
1092 4603 1276 4661 Cicero
1419 4611 1451 4659 ὃ
1490 4605 1693 4659 Salust.
1723 4604 1854 4659 hist.
1884 4602 1990 4674 III]
2032 4603 2287 4673 Philas-9.
2318 4604 2380 4658 in
2418 4600 2575 4672 Very.
2601 4620 2778 4674 ρεστ-9.
2811 4604 2936 4658 ΙΙΙ
2962 4610 3034 4659 53

429 4689 462 4737 G
499 4683 793 4755 Fugitans]
848 4684 1027 4738 Prisc.
1066 4684 1100 4738 l.
1143 4684 1391 4739 XVIII
1416 4701 1477 4753 p.
1516 4688 1646 4739 217.
1683 4688 1798 4739 293
1984 4688 2049 4736 10
2086 4683 2337 4737 firmatus
2382 4682 2557 4737 animi
2605 4684 2679 4737 M
2712 4689 2763 4738 et
2807 4684 3037 4739 editores

429 4763 686 4818 Sallustii
813 4770 877 4817 13
915 4764 1226 4821 Melitensis
1263 4767 1469 4822 codices
1508 4763 1784 4819 Ciceronis
1913 4767 1978 4816 16
2008 4759 2215 4816 Bacchi
2245 4762 2319 4816 M
2447 4768 2509 4816 16
2538 4763 2723 4819 fundit
2762 4764 3036 4834 Veryilius

435 4850 497 4898 19
535 4843 716 4899 solum
753 4844 955 4916 solide]
992 4860 1109 4899 non
1137 4846 1317 4900 solum
1351 4846 1440 4913 M,
1477 4844 1654 4899 sohde
1683 4843 1862 4899 solum
1897 4842 2182 4898 Terentius
2325 4849 2392 4896 22
2433 4844 2719 4915 negotium
2748 4844 3034 4914 publicum

429 4940 628 4993 gerens
665 4923 936 4994 magister
972 4921 1228 4992 equitum
1268 4924 1456 4979 Cicero

2500 5013 2611 5067 31*
