3613 5528
607 423 736 487 176
1676 418 2139 475 CASSIODORH

603 536 647 573 p.
676 525 796 565 ssss.
825 524 932 564 που
957 522 1010 565 Ρ.

607 610 775 687 quasi
831 606 1187 668 diversitatis
1244 622 1436 665 causa.
1521 606 1571 665 si
1627 607 1786 666 enim
1844 604 2029 666 berna
2085 603 2243 665 domi
2298 605 2565 684 genitum
2620 605 2940 686 significet,
3001 602 3059 663 id
3131 610 3223 664 est

606 705 977 794 οἰκογενής,
1033 729 1345 774 commune
1403 722 1494 773 est
1548 710 1732 773 duum
1791 730 2079 791 generum
2136 711 2465 773 secuudum
2526 720 2784 794 veteres,
2842 714 3025 773 trium
3081 729 3222 772 vero

607 820 936 881 secundum
984 836 1174 880 meam
1221 819 1604 897 sententiam,
1651 826 1712 879 et
1757 837 1866 897 per
1902 817 1942 878 b
1989 826 2211 879 mutam
2250 818 2549 880 scribitur.
2609 820 2663 879 si
2707 837 2849 879 vero
2897 817 3220 898 temporale

604 925 899 1005 quoddam
946 925 1287 1005 denuntiet,
1333 927 1449 985 erit
1497 924 1741 987 mobile:
1787 943 1820 985 a
1867 944 2004 986 vere
2052 944 2306 1005 namque
2353 944 2572 986 vernus
2618 944 2796 987 verna
2842 942 3090 987 vernum
3139 925 3224 1006 fit,

604 1041 671 1093 ut
726 1034 915 1112 siquis
969 1031 1128 1092 dicat
1182 1048 1402 1091 vernus
1458 1031 1576 1114 sol,
1644 1048 1822 1092 verna
1887 1031 2172 1112 hii-unde,
2235 1050 2486 1092 vernum
2541 1038 2805 1112 tempuS‚
2861 1040 2922 1092 et
2976 1050 3011 1090 v
3067 1033 3279 1092 sicut-'⁵

604 1145 959 1218 prototypon
1001 1140 1131 1211 eius
1170 1139 1229 1197 in
1270 1138 1566 1216 scriptura
1607 1135 1848 1198 tenebit.
1913 1136 2006 1198 his
2046 1138 2124 1198 ita
2164 1156 2227 1198 se
2275 1137 2631 1199 habentibus
2677 1155 2995 1217 possumus
3041 1139 3221 1198 etiam

603 1244 948 1323 intellegere
1005 1245 1249 1305 bernam
1305 1242 1530 1303 dictum
1585 1260 1718 1302 esse
1766 1260 1906 1302 eum
1952 1244 2056 1321 qui
2110 1245 2171 1303 in
2226 1243 2399 1305 bonis
2454 1242 2832 1304 hereditariis
2883 1251 3058 1305 natus
3103 1253 3222 1305 est:

604 1349 757 1411 bona
814 1370 954 1411 vero
1012 1369 1121 1430 per
1177 1349 1214 1410 b
1272 1350 1500 1411 literam
1564 1348 1743 1408 scribi
1811 1366 1988 1428 supra
2054 1348 2211 1411 dicta
2266 1349 2692 1412 demonstrant.
2783 1369 2889 1411 vor
2944 1348 3221 1429 syllabam

608 1476 802 1536 neque
860 1456 1101 1518 brevem
1159 1475 1352 1536 neque
1417 1455 1649 1534 longam
1706 1456 1766 1514 in
1836 1455 2016 1516 latino
2070 1475 2345 1517 sermone
2400 1456 2505 1518 ulli
2569 1459 2765 1518 inveni
2825 1459 3221 1537 praepositam

608 1566 859 1644 nomini,
914 1566 1029 1625 nisi
1085 1572 1293 1624 vortex
1345 1580 1455 1642 pro
1513 1580 1584 1620 eo
1631 1560 1790 1640 quod
1847 1571 1940 1623 est
1995 1572 2228 1646 vertex,
2283 1566 2459 1624 sicuti
2514 1562 2725 1624 volnus
2772 1581 2891 1641 pro
2946 1581 3016 1624 eo
3061 1565 3227 1638 quod
3255 1578 3308 1615 ιο

607 1673 839 1731 dicitur
883 1674 1100 1731 vulnus
1148 1670 1423 1747 antiquos
1470 1668 1755 1748 figurasse
1798 1668 1808 1744 Ι
1850 1670 2242 1730 meminimus,
2316 1669 2431 1731 bur
2478 1668 2749 1731 similiter
2787 1671 3035 1750 cognovi
3080 1668 3220 1729 defi-

606 1796 745 1838 cere
790 1785 1029 1857 praeter
1075 1775 1188 1836 hoc
1236 1773 1391 1855 quod
1439 1777 1500 1835 in
1547 1776 1791 1854 proprio
1840 1773 2156 1837 didicimus
2203 1778 2467 1858 nomine,
2526 1775 2584 1836 id
2637 1785 2732 1838 est
2776 1775 3018 1857 Burria‚
3064 1775 3223 1855 quod

605 1886 782 1944 etiam
840 1903 950 1964 per
994 1883 1033 1943 b
1089 1891 1312 1944 mutam
1373 1882 1661 1959 scriptum
1720 1899 1854 1942 esse
1912 1881 2240 1943 secundum
2295 1882 2559 1962 regulam
2606 1884 2879 1944 novimus
2932 1884 2995 1942 in
3043 1899 3221 1961 supra

611 1990 786 2051 dictis
831 1991 1176 2068 expositam.

747 2151 778 2198 3
818 2143 1029 2214 meam]
1074 2159 1198 2197 eam
1229 2140 1278 2195 C
1415 2147 1448 2195 4
1476 2158 1512 2195 a
1539 2157 1670 2196 uere
1697 2157 1939 2210 namque
1965 2142 2020 2195 A
2036 2140 2082 2194 Ο
2106 2141 2287 2207 Quare
2315 2159 2557 2213 namque
2583 2142 2640 2196 Β
2785 2150 2818 2198 6
2854 2140 3222 2213 prototypon]

605 2223 955 2295 primitiuum
972 2221 1029 2275 Β
1135 2220 1220 2275 ita.
1251 2238 1309 2275 se
1329 2220 1383 2275 A
1398 2219 1446 2273 C
1466 2219 1657 2288 itaque
1688 2239 1749 2276 se
1765 2222 1824 2276 Β
1933 2229 1965 2278 8
1986 2239 2155 2292 supra.
2173 2222 2327 2278 dicta
2353 2222 2739 2278 demonstrant
2755 2222 2810 2276 A
2826 2221 2872 2275 Ο
2887 2238 3055 2290 supra.
3072 2221 3228 2276 dicta.

604 2303 751 2357 ratio
780 2303 1127 2358 demonstrat
1151 2300 1208 2354 Β
1339 2305 1404 2354 10
1431 2318 1532 2370 pro
1552 2318 1619 2357 eo
1639 2302 1788 2371 quod
1813 2300 2021 2357 dicitur
2038 2302 2240 2357 vulnus
2268 2318 2368 2359 om.
2388 2302 2509 2356 AB
2522 2301 2570 2356 0
2704 2308 2769 2357 12
2789 2301 3030 2356 dicimus
3048 2299 3168 2356 AB
3182 2299 3231 2353 0

990 2466 1041 2471 .—
1068 2466 1443 2472 ,μιᾳ-ν-
1500 2468 1517 2471 -
1542 2467 1832 2474 ..ἡ-
3043 2465 3222 2473 *—

1508 2568 1880 2624 MARTYRII
1917 2568 2014 2623 DE
2051 2569 2098 2623 B
2135 2569 2230 2625 ΕΤ
2268 2570 2321 2625 V

607 2735 933 2799 secundum
982 2754 1170 2798 meam
1220 2737 1602 2819 sententiam,
1650 2744 1710 2799 et
1755 2718 1864 2818 per
1901 2736 1938 2798 b
1987 2745 2209 2800 mutam
2257 2738 2540 2800 scribitur
2569 2786 2582 2799 .
2614 2739 2663 2799 si
2710 2755 2850 2798 vero
2897 2734 3221 2817 temporale

607 2843 901 2923 quoddam
946 2844 1285 2926 denuntiet,
1332 2846 1446 2905 erit
1494 2843 1739 2906 mobile:
1784 2864 1818 2905 a
1863 2864 2001 2906 vere
2049 2863 2303 2926 namque
2350 2864 2571 2907 vernus
2617 2864 2798 2906 verna
2843 2861 3093 2905 vernum
3140 2845 3225 2925 fit,

607 2959 675 3011 ut
711 2952 900 3029 siquis
937 2951 1093 3011 dicat
1130 2970 1350 3011 vernus
1387 2951 1502 3033 sol,
1550 2971 1728 3012 verna
1769 2951 2054 3033 hirundo,
2101 2970 2351 3013 vernum
2389 2960 2626 3030 tempus
2639 2999 2658 3032 ,
2703 2960 2764 3011 et
2809 2971 2843 3010 v
2889 2950 3223 3029 digammon

524 3103 533 3112 .
605 3058 761 3117 sicut
806 3048 1244 3138 πρωτότυπον
1292 3059 1421 3118 eius
1469 3060 1530 3118 in
1578 3060 1875 3138 scriptura
1925 3056 2169 3118 tenebit.
2243 3058 2336 3119 his
2382 3060 2463 3117 ita
2501 3075 2565 3117 se
2614 3056 2970 3118 habentibus
3014 3074 3221 3136 possu-

605 3180 737 3223 mus
795 3167 970 3225 etiam
1027 3164 1371 3244 intellegere
1428 3162 1673 3225 bernam
1722 3164 1945 3225 dictum
1994 3181 2125 3223 esse
2174 3183 2312 3225 eum
2358 3165 2462 3244 qui
2518 3165 2580 3223 in
2628 3164 2802 3225 bonis
2847 3163 3222 3225 hereditariis
3251 3175 3278 3215 ὅ

604 3277 778 3329 natus
834 3278 958 3331 est:
1017 3269 1168 3331 bona
1225 3289 1365 3330 vero
1418 3288 1527 3350 per
1583 3269 1735 3330 hanc
1791 3269 2046 3331 litteram
2104 3269 2286 3330 scribi
2344 3287 2520 3349 supra
2578 3268 2734 3331 dicta
2797 3269 3223 3330 demonstrant.

602 3393 707 3434 vor
762 3374 1041 3454 syllabam
1100 3395 1295 3455 neque
1351 3374 1594 3436 brevem
1650 3393 1844 3455 neque
1901 3376 2133 3457 longam
2196 3378 2257 3436 in
2315 3375 2494 3436 latino
2543 3394 2818 3437 sermone
2866 3375 2969 3436 ulli
3023 3376 3223 3435 inveni

602 3484 1000 3559 praepositam
1040 3483 1288 3563 nomini,
1336 3482 1452 3542 nisi
1490 3489 1695 3541 vortex
1743 3499 1852 3560 pro
1891 3500 1962 3542 eo
2008 3482 2165 3562 quod
2213 3491 2306 3543 est
2349 3488 2582 3563 vertex,
2630 3484 2809 3543 sicuti
2854 3480 3067 3542 volnus
3112 3499 3223 3561 pro

602 3604 674 3644 eo
713 3586 869 3663 quod
909 3587 1130 3648 dicitur
1166 3586 1381 3648 vulnus
1420 3589 1697 3667 antiquos
1736 3589 2022 3668 figurasse
2062 3591 2456 3650 meminimus.
2513 3606 2626 3649 vur
2663 3589 2935 3650 similiter
2973 3589 3222 3668 cognovi

603 3690 858 3753 deficere
894 3701 1132 3772 praeter
1170 3695 1282 3754 hoc
1321 3694 1476 3773 quod
1518 3698 1577 3755 in
1616 3697 1860 3775 proprio
1901 3694 2214 3756 didicimus
2253 3697 2518 3775 nomine,
2555 3694 2616 3755 id
2655 3705 2747 3757 est
2782 3696 3023 3775 Burria‚
3062 3693 3219 3773 quod
3255 3710 3304 3748 ιο

602 3799 774 3859 etiam
832 3818 940 3878 per
986 3798 1023 3859 b
1081 3808 1304 3861 mutam
1359 3802 1651 3884 scriptum
1707 3820 1840 3862 esse
1898 3801 2228 3862 secundum
2286 3801 2549 3882 regulam
2606 3805 2877 3863 novimus
2931 3804 2992 3862 in
3040 3819 3220 3881 supra

613 3904 786 3965 dictis
833 3909 1177 3986 expositam.

781 4013 891 4075 Vas
938 4014 1403 4095 monosyllabum
1452 4018 1768 4093 recognovi
1815 4015 2036 4098 solum,
2082 4017 2239 4096 quod
2290 4035 2397 4096 per
2444 4035 2478 4075 v
2523 4015 2781 4077 litteram
2834 4014 2963 4075 loco
3012 4014 3220 4075 scribi·

604 4126 704 4180 tur
760 4125 1167 4205 consonantiS,
1224 4132 1290 4184 ut
1343 4140 1460 4183 vas,
1492 4137 1499 4144 ·
1535 4121 1745 4182 bassus
1802 4124 2006 4203 etiam,
2061 4121 2121 4182 id
2177 4133 2269 4182 est
2325 4139 2594 4203 grassuS,
2652 4123 2712 4181 in
2768 4119 3222 4201 glossematibus

608 4230 846 4308 repperi
892 4237 952 4291 et
996 4248 1105 4310 per
1150 4228 1188 4289 b
1236 4238 1456 4291 mutam
1505 4227 1687 4290 scribi
1734 4230 1998 4307 cognovi.
3253 4241 3304 4281 15

789 4400 1063 4471 lmeam]
1103 4401 1332 4456 eamN
1504 4407 1775 4454 2avere
1811 4399 2287 4468 om.N,add.P
2460 4396 2624 4458 4his
2661 4398 3086 4455 itaPistaN

607 4486 639 4534 ὅ
675 4480 930 4551 bernam]
968 4481 1170 4537 henam
1205 4481 1275 4536 N
1304 4496 1533 4535 vernam
1574 4477 1630 4530 P
1797 4488 1831 4536 6
1868 4480 2040 4552 bona]
2092 4497 2227 4536 ema
2260 4479 2319 4533 P
2479 4478 2867 4534 demonstrant
2901 4479 2958 4532 P
2994 4478 3223 4534 demon·

604 4562 747 4614 strat
782 4561 849 4614 N
996 4568 1026 4615 7
1064 4561 1235 4615 ullius
1272 4560 1459 4614 inveni
1494 4560 1908 4630 suprapositam
1944 4560 2184 4616 nominis
2219 4560 2351 4613 NP
2503 4565 2568 4613 10
2606 4558 2917 4616 dedicimus
2951 4558 3082 4612 NP

606 4646 672 4694 12
711 4640 1027 4710 expositum
1064 4641 1131 4694 N
1158 4641 1475 4712 expositum
1515 4640 1614 4695 ubi
1648 4640 1883 4696 fecimus
1922 4641 2260 4695 mentionem
2298 4640 2373 4695 bu
2401 4639 2679 4708 syllabam
2717 4638 2956 4695 nominis
2994 4637 3222 4708 quidem

602 4720 964 4789 incipientem
1012 4720 1358 4777 desinentem
1406 4736 1539 4775 vero
1589 4719 1649 4773 in
1699 4725 2094 4775 consonantem
2145 4737 2212 4775 ex
2262 4736 2377 4788 qua
2425 4717 2598 4773 etiam
2648 4720 2890 4777 secunda.
2935 4720 3136 4790 incipit
3185 4721 3222 4772 b

526 4841 549 4850 ,
604 4804 821 4855 mutam
857 4804 1109 4871 repetere
1145 4801 1205 4856 in
1233 4799 1565 4870 scripturam
1597 4799 1654 4852 P
1757 4805 1824 4853 14
1859 4798 2319 4870 glosemmatibus
2355 4799 2424 4854 N
2525 4803 2593 4853 15
2631 4817 2733 4868 per
2759 4800 2796 4854 b
2833 4801 3044 4853 mutam
3076 4797 3224 4852 sicut

609 4882 669 4936 et
704 4879 930 4949 proprio
966 4880 1188 4936 nomine
1225 4880 1393 4935 scribi
1432 4879 1670 4950 cognovi
1712 4879 1768 4932 P
