3613 5528
1376 449 1473 503 DE
1513 448 2091 504 ORTHOGRAPHIA
2969 449 3054 513 67
3073 404 3096 419 ἐ

434 560 477 596 p.
507 549 622 589 2228.
651 549 702 589 ss
731 549 782 589 Ρ.

443 631 912 693 observationem
950 632 1277 713 habebunt3
1316 643 1377 694 et
1412 633 1570 694 illam
1609 636 2013 716 scriptionem,
2050 652 2166 712 qua
2196 634 2596 694 nominativus
2624 653 2658 693 v
2695 642 2819 694 eto
2859 633 3054 694 littera

447 738 875 821 nominabatur,
921 740 1329 819 relinquemus
1375 743 1651 819 antiquis,
2081 720 2101 739 ⁰

622 845 793 907 Varie
832 849 1010 908 etiam
1047 850 1446 926 scriptitatum
1484 856 1575 907 est
1614 850 1993 927 mancupium
2032 849 2353 926 aucupium
2393 848 2722 928 manubiae,
2761 848 3053 927 siquidem

444 952 504 1012 C.
551 952 770 1013 Caesar
814 972 923 1033 per
966 956 989 1013 i
1035 955 1293 1034 scripsit,
1343 962 1408 1014 ut
1453 962 1698 1033 apparet
1744 972 1816 1014 ex
1864 953 2051 1015 titulis
2098 957 2286 1033 ipsius
2298 1003 2316 1036 ,
2362 965 2420 1016 at
2466 956 2768 1033 Augustus
2817 952 2892 1030 [i]
2941 972 3049 1032 per

362 1073 390 1112 ⁶
443 1078 501 1139 u,
547 1067 614 1119 ut
660 1067 845 1120 testes
892 1069 1034 1121 sunt
1070 1063 1199 1121 eius
1240 1061 1674 1140 inscriptiones,
1750 1070 1810 1120 et
1849 1062 1953 1139 qui
1989 1079 2097 1139 per
2135 1062 2154 1119 i
2194 1060 2482 1141 scribunt,
2528 1063 2847 1134 manibe'aS,
2894 1060 3053 1119 illam

444 1167 733 1225 rationem
781 1175 1088 1247 secuntur,
1135 1166 1294 1246 quod
1340 1167 1485 1228 aliae
1534 1185 1771 1246 quoque
1820 1167 2329 1227 denominationes
2368 1186 2480 1247 per
2513 1167 2762 1227 eandem
2803 1167 3059 1228 litteram

443 1283 672 1354 exeant,
720 1280 786 1334 ut
823 1292 959 1334 cum
998 1276 1255 1335 manicas
1294 1277 1553 1335 dicimus
1590 1281 1648 1334 et
1685 1273 2055 1353 maniculam,
2092 1273 2312 1352 quibus
2350 1282 2548 1334 tamen
2587 1275 2808 1354 opponi
2843 1282 3059 1354 potest,

444 1377 602 1457 quod
649 1398 756 1458 per
803 1399 844 1441 ιι
892 1381 1201 1441 manuleus
1248 1380 1519 1441 dicimus
1597 1383 1739 1440 item
1779 1382 1885 1459 qui
1923 1380 2241 1457 aucupium
2287 1398 2395 1458 per
2433 1398 2473 1440 u
2513 1379 2800 1461 scribunt,
2846 1390 3058 1461 putant

442 1483 515 1545 ab
575 1504 679 1546 ave
740 1487 1082 1567 occupanda
1152 1487 1403 1568 dictum3
1474 1495 1533 1548 at
1594 1490 1696 1566 qui
1757 1488 2084 1566 aucipium,
2145 1485 2217 1545 ab
2247 1498 2250 1499 ’
2276 1504 2380 1546 ave
2447 1487 2759 1567 capienda,
2824 1505 2962 1548 cum
3027 1506 3058 1547 a

363 1609 417 1648 10
442 1590 673 1653 litterae
719 1595 781 1653 in
826 1596 846 1653 i
892 1594 1195 1654 familiaris
1232 1595 1521 1654 transitus
1560 1595 1652 1653 sit.
1728 1591 1948 1671 quibus
1986 1610 2172 1671 aeque
2213 1594 2432 1671 opponi
2470 1599 2668 1671 potest
2706 1612 2824 1653 non
2864 1596 3059 1654 minus

447 1698 511 1757 in
557 1717 598 1758 u
644 1700 900 1759 transire
949 1718 1125 1778 quam
1172 1701 1235 1759 in
1283 1701 1331 1761 i:
1378 1717 1515 1760 nam
1562 1708 1622 1759 et
1667 1698 1740 1759 ab
1786 1699 1976 1758 amico
2022 1697 2089 1758 fit
2133 1699 2412 1759 inimicus
2460 1707 2691 1760 tantum
2738 1708 2799 1759 et
2835 1717 2869 1760 a
2905 1699 3058 1761 salso

447 1803 728 1865 insulsus,
801 1805 1160 1884 relinquitur
1197 1808 1381 1885 igitur
1427 1805 1660 1886 electio,
1706 1812 1988 1864 utrumne
2036 1822 2144 1882 per
2190 1806 2503 1883 antiquum
2550 1823 2781 1887 sonum,
2827 1807 2931 1885 qui
2970 1815 3062 1866 est

446 1911 872 1989 pinguissimus
930 1920 990 1971 et
1038 1930 1075 1971 ιι
1120 1911 1379 1972 litteram
1425 1910 1780 1991 occupabat,
1821 1911 1830 1987 Ι
1882 1909 2020 1970 velit
2064 1912 2199 1989 quis
2249 1912 2579 1991 enuntiare,
2625 1930 2698 1972 an
2745 1931 2853 1992 per
2899 1912 3060 1974 hunc

445 2018 549 2093 qui
584 2018 702 2076 iam
740 2016 975 2078 videtur
1012 2017 1337 2097 elegantior
1376 2018 1605 2099 exilius,
1646 2018 1705 2077 id
1744 2026 1835 2078 est
1869 2035 1979 2096 per
2024 2018 2046 2077 i
2091 2015 2369 2097 litteram,
2414 2016 2520 2076 has
2558 2018 2822 2096 proferat
2858 2037 3049 2078 voces.

369 2138 418 2177 ιε,
624 2122 780 2185 Sunt
817 2127 993 2185 etiam
1032 2124 1317 2203 quaedam
1357 2144 1531 2186 voces
1569 2127 1630 2185 in
1668 2123 1886 2204 quibus
1924 2142 1964 2184 u
2001 2124 2199 2184 littera
2236 2124 2470 2185 videtur
2507 2143 2639 2184 esse
2679 2129 3063 2207 supervacua,

442 2234 511 2288 ut
567 2247 704 2289 cum
760 2239 822 2291 et
877 2231 1194 2293 scribimus
1250 2240 1310 2291 et
1364 2233 1820 2311 pronuntiamus
1878 2247 2136 2309 urguere
2195 2236 2257 2289 et
2299 2247 2601 2304 unquere,
2660 2230 2954 2309 siquidem
3000 2239 3063 2290 et

445 2352 630 2413 urgeo
676 2343 737 2397 et
785 2356 942 2417 ungo
988 2338 1141 2399 hanc
1189 2356 1307 2398 non
1355 2337 1695 2399 desiderant
1740 2337 2028 2415 litteram,
2082 2342 2150 2397 ut
2196 2345 2442 2414 apparet
2497 2356 2566 2396 ex
2630 2339 2869 2416 scriptis
2915 2338 3061 2397 anti-

444 2457 729 2523 quorum,
793 2463 1051 2518 quorum
1116 2445 1467 2523 elegantiam
1530 2452 1591 2504 et
1654 2445 2069 2504 auctoritatem
2134 2442 2498 2520 sequendam
2554 2461 2732 2522 supra
2789 2444 3064 2525 diximus,

443 2564 579 2608 cum
639 2551 987 2611 enuntiandi
1047 2560 1107 2612 et
1166 2549 1468 2612 scribendi
1513 2549 1558 2631 †
1633 2550 1825 2611 soluta
1890 2552 1966 2610 sit
2026 2548 2452 2611 difficultatem.
2538 2550 2676 2611 hinc
2738 2570 2858 2612 non
2917 2551 3063 2612 nulli

366 2669 416 2707 20
442 2656 665 2715 inventi
719 2663 861 2717 sunt
915 2659 1018 2736 qui
1072 2657 1442 2737 distinguere
1500 2675 1736 2735 quoque
1794 2658 1923 2717 sine
1980 2675 2020 2717 u
2076 2654 2274 2716 littera
2328 2663 2389 2716 et
2435 2656 2699 2718 scribere
2756 2667 2817 2719 et
2862 2658 3062 2719 dicere

446 2760 783 2824 maluerunt
837 2764 1160 2825 adicientes
1217 2772 1279 2824 et
1333 2763 1491 2824 illam
1550 2766 1869 2837 rationem,
1925 2760 2084 2842 quod
2141 2760 2510 2842 distinguere
2573 2774 2665 2825 est
2710 2767 3060 2845 interposito

446 2877 667 2947 puncto
716 2869 977 2930 dividere
1025 2879 1202 2950 atque
1242 2870 1541 2931 diducere.
1646 2888 1757 2930 nec
1804 2888 1924 2929 non
1973 2868 2211 2948 quidam
2271 2869 2384 2930 hoc
2440 2871 2636 2949 ipsum
2694 2871 3061 2950 distinguere

444 2974 808 3036 arbitrantur
863 2977 1084 3038 dictum
1142 2970 1321 3059 παρὰ
1378 2969 1458 3038 τὸ
1516 2974 1798 3057 τέγγειν,
1847 2979 1969 3036 sive
2016 2976 2174 3055 quod
2223 2976 2579 3056 distingatur
2624 2996 2722 3038 res
2768 2977 2864 3038 illa
2912 2996 3060 3058 quae

624 3182 807 3238 Codex
843 3184 1137 3239 Parrhasii
1208 3191 1241 3238 ὅ
1278 3186 1556 3241 manibias
1592 3202 1693 3241 om.
1830 3189 1860 3236 7
1910 3199 2036 3235 cum
2073 3182 2323 3237 manicas
2358 3184 2703 3238 maniculum
2843 3184 3059 3254 tamen]

448 3297 653 3336 nomen
797 3288 829 3336 9
868 3284 931 3336 at
966 3283 1062 3352 qui
1099 3282 1407 3354 aucipium]
1448 3284 1547 3337 aut
1585 3282 1719 3351 quia
1755 3279 2055 3349 aucupium
2202 3295 2237 3332 a
2273 3279 2520 3351 litterae]
2560 3299 2595 3336 a
2631 3280 2824 3337 littera
2862 3274 2926 3336 ,ἃ

447 3367 512 3415 10
548 3378 660 3415 non
697 3361 882 3416 minus
918 3361 975 3415 in
1014 3361 1035 3414 i
1072 3361 1310 3417 transire
1348 3379 1519 3431 quam
1553 3362 1614 3415 in
1650 3379 1689 3415 u
1838 3366 1901 3413 11
1939 3360 2187 3430 tantum]
2226 3362 2416 3414 tamen
2572 3367 2637 3416 12
2675 3361 2941 3432 insulsus]
2979 3360 3062 3415 in-

444 3439 619 3495 solsus
782 3441 1137 3511 relinquitur]
1177 3442 1431 3510 sequitur
1603 3449 1669 3497 16
1708 3437 2131 3510 pronuntiamus
2169 3455 2404 3511 arguere
2442 3441 2718 3510 siquidem
2755 3443 2816 3495 et
2851 3456 3061 3510 urgueo

399 3518 413 3532 ⁶
449 3520 508 3574 et
541 3536 733 3589 unguo
883 3527 946 3575 18
985 3538 1221 3589 quorum
1259 3537 1360 3576 om.
1499 3527 1563 3575 21
1604 3520 1934 3576 adiicientes
1967 3519 2034 3573 ut
2070 3517 2228 3574 illam
2353 3521 2461 3592 est]
2501 3524 2559 3577 et
2684 3527 2751 3575 22
2788 3520 3061 3575 deducere

585 3607 655 3655 23
692 3595 849 3668 παρὰ
887 3597 951 3654 τὸ
996 3597 1145 3655 τέλει
1181 3600 1298 3655 siue
1338 3601 1487 3669 quod
1525 3599 1909 3671 distinguatur

586 3793 619 3842 2
649 3787 1032 3843 nominabitur
1060 3789 1140 3843 ed.
1172 3787 1371 3844 Gomm.
1398 3789 1632 3855 fortasse
1657 3788 1962 3842 notabatur
2082 3795 2113 3842 3
2141 3790 2502 3859 mancupium
2533 3789 2834 3859 aucupium
2863 3805 3058 3843 manu-

444 3866 594 3938 biae]
616 3867 687 3934 cf.
703 3884 759 3936 p.
782 3871 873 3934 49,
891 3872 979 3920 19.
1000 3870 1092 3932 75,
1110 3872 1186 3924 12
1296 3874 1331 3922 4
1350 3870 1412 3923 at
1431 3869 1717 3940 Augustus
1744 3884 1849 3938 per
1875 3886 1912 3921 u
1932 3867 2293 3924 Schneider-us
2317 3886 2542 3939 yramm.
2567 3871 2660 3925 lat.
2681 3887 2731 3923 v.
2753 3870 2796 3922 I
2809 3886 2866 3937 p.
2886 3873 2982 3934 21,
3000 3869 3062 3921 at

443 3947 732 4017 Augustus
766 3964 868 4016 per
901 3946 923 4000 i
963 3947 1023 4000 et
1059 3965 1094 4000 u
1131 3948 1358 4002 coniecit
1391 3948 1796 4004 Brambachius
1835 3948 2069 4016 orthoqr.
2109 3949 2204 4002 lat.
2235 3965 2296 4017 p.
2335 3954 2449 4004 120
2605 3955 2636 4004 5
2674 3951 2733 4005 et
2769 3948 2869 4018 qui
2903 3964 3003 4018 per
3040 3948 3062 4001 i

446 4026 698 4082 scribunt
744 4027 905 4082 illam
940 4026 1217 4081 rationem
1252 4031 1559 4096 sequuntur
1584 4028 1656 4083 R.
1694 4026 1971 4082 manibias
2010 4029 2231 4083 addidit
2267 4028 2628 4105 Schneiderus
2764 4036 2793 4083 7
2833 4029 2896 4082 ut
2934 4045 3061 4082 cum

445 4107 695 4162 manicas
731 4105 1100 4174 maniculum,
1138 4106 1340 4175 quibus
1367 4123 1570 4162 nomen
1607 4104 1817 4176 apponi
1852 4106 2041 4173 potest
2066 4106 2139 4174 R,
2176 4108 2243 4161 ut
2270 4124 2397 4162 cum
2424 4108 2672 4165 manicas
2703 4107 3058 4172 maniculam‚

446 4185 653 4254 quibus
688 4187 880 4240 tamen
916 4185 1128 4256 opponi
1162 4187 1353 4255 potest
1388 4186 1747 4242 Schneiderus
1893 4190 1926 4238 8
1964 4186 2170 4253 putant
2205 4186 2277 4241 ab
2314 4205 2417 4243 aue
2457 4189 2784 4259 occupanda
2820 4186 3059 4252 dictum;

446 4267 548 4320 aut
594 4265 729 4334 quia
773 4266 1076 4336 aucupium
1113 4265 1197 4320 'ab
1243 4284 1348 4321 aue
1386 4267 1684 4337 capienda,
1738 4283 1865 4322 cum
1903 4281 1938 4318 a
1973 4263 2168 4321 littera
2206 4284 2268 4322 .e.
2306 4267 2366 4322 in
2402 4268 2423 4321 i
2457 4267 2752 4323 familiaris
2788 4265 3057 4321 transitus

447 4344 525 4400 sit
549 4344 606 4399 R
750 4352 782 4400 9
818 4346 881 4400 at
908 4345 1005 4414 qui
1032 4344 1316 4414 aucipium
1344 4352 1609 4402 corrector
1638 4346 1839 4401 codicis
1868 4343 2131 4400 Vaticani
2277 4353 2342 4402 10
2379 4365 2491 4403 non
2518 4347 2701 4402 minus
2728 4345 2788 4400 in
2824 4345 2845 4399 i
2880 4348 3058 4399 trans·

447 4425 531 4480 ire
568 4441 735 4494 quam
772 4424 832 4479 in
868 4443 927 4480 u:
978 4442 1107 4480 nam
1146 4427 1205 4481 et
1241 4426 1313 4481 ab
1350 4426 1531 4483 amico
1578 4429 1643 4481 fit
1685 4425 1946 4481 inimicus
1984 4427 2043 4479 et
2081 4442 2116 4480 a
2151 4426 2298 4480 saJs'o
2342 4426 2602 4481 insulsus.
2659 4424 2908 4493 sequitur
2953 4422 3059 4492 igi·

445 4506 541 4559 tur
575 4504 632 4558 R
803 4509 867 4558 11
905 4504 1165 4560 inimicus
1199 4521 1333 4560 nam
1368 4508 1427 4561 et
1462 4523 1498 4562 a
1533 4507 1679 4562 salso
1714 4504 1952 4560 insalsus
1990 4507 2158 4561 codex
2204 4505 2399 4560 Vrsini
2571 4510 2638 4558 14
2673 4504 2774 4558 has
2810 4501 3060 4572 proferat

448 4599 640 4653 voces,
678 4583 738 4638 in
775 4583 979 4654 quibus
1014 4601 1051 4638 v
1087 4583 1279 4638 littera
1314 4582 1371 4637 R
1535 4592 1599 4640 16
1637 4584 2071 4655 pronuntiamus
2109 4600 2343 4654 arguere
2381 4582 2659 4653 siquidem
2696 4585 2754 4638 et
2788 4599 2961 4652 urgeo
3000 4584 3058 4637 et

450 4679 601 4732 ungo
643 4662 722 4718 R:
771 4664 841 4731 cf.
883 4681 941 4732 p.
979 4669 1072 4730 59,
1110 4668 1147 4718 8
1331 4670 1395 4718 19
1444 4663 1631 4718 soluta
1666 4664 1755 4718 sit.
1794 4680 1830 4718 ιιι
1866 4662 2260 4719 difficultatem
2305 4664 2464 4718 hanc.
2538 4661 2809 4716 Nonnulli
2843 4660 3061 4717 inuenti

450 4743 584 4796 sunt
617 4741 689 4797 R.
744 4744 950 4798 conieci
977 4759 1103 4798 eum
1130 4741 1458 4797 enuntiandi
1488 4744 1545 4797 et
1572 4743 1852 4799 scribendi
1890 4743 2232 4800 consuetudo
2268 4741 2658 4798 difficultatem
2696 4739 2888 4795 habet.
2927 4756 3060 4794 non·

450 4820 596 4875 nulli
627 4827 722 4877 etc.
902 4829 970 4877 21
1016 4820 1342 4878 adiicientes
1378 4822 1536 4876 illam
1587 4823 1864 4878 rationem
1899 4824 1957 4877 R
2133 4829 2203 4878 23
2248 4816 2405 4891 παρὰ
2441 4821 2517 4896 τῷ
2555 4817 2702 4875 τέλει
2749 4821 2869 4876 siue
2907 4820 3059 4891 quod

452 4900 830 4971 distinguatur
866 4901 937 4957 R.
995 4900 1149 4972 παρὰ
1188 4895 1253 4955 τὸ
1292 4902 1510 4973 tingere
1548 4902 1818 4959 Semlerus

2453 4994 2527 5046 5*
