3613 5528
313 2702 359 2738 10

656 1439 1278 1537 PRAEFATIO
1344 1439 2011 1538 CASSIODORI
2076 1438 2723 1538 SENATORIS

386 1631 428 1667 p.
454 1619 557 1658 2277
586 1618 637 1657 P.

560 1728 707 1789 Cum
756 1732 911 1789 inter
952 1748 1058 1789 nos
1107 1729 1242 1789 talia
1289 1739 1645 1809 gererentur
1684 1741 1744 1792 et
1780 1731 1854 1792 de
1894 1730 2401 1811 complexionibus
2440 1729 2841 1812 apostolorum
2880 1748 2997 1790 non

385 1833 540 1895 nulla
602 1844 952 1896 nasceretur
1010 1837 1293 1918 intentio,
1356 1837 1623 1898 monachi
1688 1840 1804 1898 mei
1868 1836 2064 1898 subito
2126 1837 2377 1898 clamare
2439 1846 2766 1918 coeperunt
2827 1832 2999 1915 ‘quid

383 1942 623 2019 prodest
681 1960 1041 2022 cognoscere
1099 1960 1207 2002 nos
1268 1943 1358 2003 vel
1416 1962 1565 2023 quae
1623 1946 1851 2024 antiqui
1905 1945 2178 2004 fecerunt
2232 1943 2322 2004 vel
2380 1962 2445 2004 ea
2504 1961 2655 2023 quae
2713 1944 2999 2021 sagacitas

382 2056 572 2107 vestra
617 2048 881 2109 addenda
928 2050 1157 2122 curavit
1223 2067 1399 2110 nosse
1456 2049 1800 2130 diligenter,
1856 2052 1908 2110 si
1964 2068 2141 2130 quem
2188 2049 2259 2110 ad
2318 2050 2557 2111 modum
2609 2069 2677 2111 ea
2735 2049 2997 2111 scribere

307 2169 331 2207 5
385 2152 700 2216 debeamus
756 2156 1108 2216 omnimodis
1164 2152 1550 2236 ignoremus?
1628 2176 1737 2217 nec
1794 2159 1856 2216 in
1912 2174 2054 2216 voce
2111 2165 2314 2217 nostra
2372 2175 2689 2235 possumus
2747 2156 2997 2217 reddere

385 2261 537 2340 quod
593 2264 653 2322 in
710 2264 1005 2341 scriptura
1062 2263 1565 2343 comprehendere
1638 2282 1754 2324 non
1822 2257 2133 2324 valemus?
2221 2263 2440 2342 quibus
2505 2263 2784 2344 respondi
2848 2262 2992 2323 haec

385 2387 532 2446 quae
579 2368 837 2429 dicerem
886 2368 1188 2448 designata
1231 2388 1361 2430 esse
1410 2389 1586 2449 quem
1626 2370 1696 2430 ad
1744 2369 1987 2430 modum
2035 2377 2096 2430 et
2141 2368 2401 2449 intellegi
2451 2369 2704 2431 debeant
2750 2379 2810 2431 et
2856 2389 2991 2450 pro·

387 2474 541 2534 ferri.
616 2475 719 2563 sed
769 2475 933 2535 labor
980 2474 1151 2536 nobis
1197 2477 1575 2554 antiquorum
1624 2478 1865 2537 omniuo
1915 2475 2241 2536 servandus
2287 2484 2407 2558 est,
2455 2495 2528 2538 ne
2579 2497 2686 2537 nos
2722 2485 2997 2538 auctores

387 2598 585 2642 earum
633 2600 836 2642 rerum
882 2585 1267 2662 mentiamur,
1314 2601 1569 2662 quarum
1606 2600 1893 2662 sequaces
1932 2601 2063 2641 esse
2104 2584 2536 2661 cognoscimur.
2586 2592 2646 2643 et
2682 2584 2814 2644 ideo
2853 2583 2998 2643 duo·

390 2685 574 2748 decim
622 2695 934 2750 auctorum
984 2688 1266 2769 opuscula
1313 2688 1661 2749 deducimus
1707 2690 1769 2747 In
1819 2688 2105 2769 medIum,
2153 2706 2304 2767 quae
2351 2687 2422 2749 ab
2470 2688 2587 2749 illis
2633 2687 2893 2749 breviter
2939 2698 3000 2750 et

390 2797 620 2874 copiose
659 2795 813 2856 dicta
855 2805 1012 2877 sunt,
1050 2803 1117 2856 ut
1156 2806 1215 2857 et
1254 2814 1362 2856 nos
1400 2814 1467 2856 ea
1508 2795 1988 2875 compendiosius
2026 2795 2293 2856 dicamus
2330 2805 2390 2857 et
2415 2793 2459 2856 'a
2497 2798 2711 2876 priscis
2740 2799 2992 2857 auctori·

389 2899 493 2960 lius
548 2904 674 2962 sine
730 2904 1029 2963 varietatis
1087 2903 1283 2964 studio
1344 2903 1496 2964 dicta
1553 2903 1923 2986 recolantur,
1978 2911 2272 2982 quatenus
2319 2912 2378 2963 et
2434 2902 2598 2963 vobis
2657 2902 2996 2983 plenissime

388 3009 719 3070 satisfacere
760 3009 1063 3070 vIdeamur
1109 3018 1172 3070 et
1217 3012 1567 3071 auctoritate
1616 3011 1783 3070 firma
1823 3012 1902 3071 sit
1948 3010 2182 3092 relatio,
2230 3027 2405 3089 quam
2445 3008 2758 3069 duodecim
2797 3018 2995 3069 aucto-

389 3133 515 3175 rum
562 3124 758 3178 textus
806 3118 1083 3178 insinuat.
1156 3118 1273 3176 iam
1322 3125 1554 3195 tempus
1601 3113 1694 3176 cst
1740 3123 1808 3176 ut
1855 3118 2038 3177 toIIus
2084 3117 2284 3195 operis
2324 3116 2513 3175 nostri
2552 3113 2994 3175 conclusionem
3053 3167 3066 3174 -

336 3220 575 3282 5I'acere
629 3222 981 3304 debeamus,
1039 3232 1106 3285 ut
1158 3221 1370 3284 meIIus
1428 3224 1489 3282 in
1548 3224 1742 3282 animo
1800 3221 2202 3283 recondantur
2260 3239 2408 3301 quae
2464 3222 2796 3300 septenaria
2858 3239 2994 3280 con-

389 3325 643 3389 clusione
689 3329 966 3390 distincta
1016 3337 1172 3390 sunt.

393 3449 537 3457 αὴ..-

563 3502 615 3553 A
654 3502 820 3556 codex
856 3501 1238 3556 Bru-‘cellensis
1273 3504 1418 3556 9581

560 3580 614 3633 Β
650 3582 816 3636 codex
851 3580 1151 3634 Beruenaia
1186 3584 1298 3634 330

565 3658 612 3712 C
639 3661 806 3714 codex
842 3661 1182 3716 Coloniensi-s
1218 3663 1293 3713 83

564 3740 633 3793 be
669 3742 914 3795 codicum
985 3740 1101 3795 BC
1133 3742 1454 3793 correctores

563 3835 595 3875 ς
627 3821 908 3888 scriptura
953 3821 1083 3875 olim
1127 3820 1355 3888 vulqata
1397 3835 1465 3873 ex
1521 3817 1755 3870 editione
1793 3815 2062 3871 Pari-sina
2098 3822 2335 3872 a.1579
2382 3821 2430 3870 ct
2475 3833 2542 3871 ex
2586 3818 2822 3872 editione
2856 3818 2997 3872 Ant·

630 3900 899 3968 verpiensi
934 3899 1001 3956 L.
1043 3897 1331 3953 Gari-ionis
1368 3915 1418 3951 a
1458 3901 1619 3952 1579.
1684 3912 1749 3949 ea
1784 3912 1924 3964 quae
1961 3894 2241 3950 Carrioni
2257 3896 2544 3964 debentur,
2588 3898 2687 3951 ubi
2721 3913 2858 3966 opus
2894 3912 3002 3951 ease

629 3979 942 4044 videbatur,
980 3978 1159 4046 ipsius
1194 3976 1411 4030 nomine
1447 3974 1726 4043 adscripto
1762 3975 2016 4031 indicata
2049 3981 2182 4031 sunt

564 4057 849 4114 Praeterea
894 4074 960 4112 ea:
1006 4056 1185 4111 codiee
1226 4055 1492 4109 Parisino
1530 4058 1673 4108 7495
1709 4053 1860 4120 (Par
1863 4059 1902 4122 )
1947 4061 1997 4110 et
2032 4073 2099 4111 ex
2135 4056 2315 4111 codice
2348 4056 2623 4111 Bernenai
2657 4061 2771 4113 243
2814 4072 2999 4126 pauca

631 4139 914 4207 adscripta
948 4141 1079 4192 swnt

565 4222 1798 4290 lNcl'F.'13F.CASSIODOR1SENATORIS
1829 4233 1883 4286 A
1912 4232 2325 4287 PRAEFATIO
2359 4232 2751 4289 CASIODORI
2781 4234 2995 4288 SENA-

392 4312 597 4367 TORIS
654 4315 702 4368 0
755 4313 1029 4368 INCIPIT
1085 4310 1470 4366 PROLOGUS
1530 4310 1959 4366 CASSIODORI
2017 4311 2424 4368 SENATORIS
2481 4313 2718 4369 SUPER
2775 4312 2997 4366 ORTO-

392 4389 769 4447 GRAPHIAM
817 4394 912 4448 AB
958 4391 1118 4446 IPSO
1166 4390 1266 4444 Ex
1312 4389 1660 4454 ANTIQUIS
1710 4389 2150 4446 COLLECTAM
2187 4392 2243 4446 Β
2288 4394 2481 4465 Magni
2527 4392 2742 4447 Aurelii
2781 4389 2995 4445 Cassio·

391 4470 510 4526 dori
545 4472 826 4528 Senator-is
863 4474 922 4527 in
960 4470 1421 4541 orthographiam
1458 4471 1737 4540 praefatio
1776 4473 1975 4527 Carrio
2103 4478 2135 4526 2
2175 4488 2285 4527 nou
2323 4474 2441 4530 ulla
2474 4474 2531 4527 B
2652 4478 2687 4525 4
2723 4487 2791 4527 ea
2823 4474 2997 4539 poete·

390 4552 528 4604 riore
564 4552 676 4606 loco
711 4568 811 4605 om.
850 4551 968 4605 AG
1095 4556 1127 4604 5
1163 4549 1487 4620 ignoramus
1525 4551 1573 4606 0
1703 4552 1916 4622 nostra]
1951 4561 2086 4607 nam
2125 4553 2180 4605 A
2325 4560 2358 4607 6
2396 4552 2570 4623 quod]
2602 4567 2745 4619 quae
2782 4549 2899 4604 AG

394 4636 421 4683 ‘2
458 4629 703 4685 dicerent
737 4647 771 4688 ς
950 4637 982 4686 8
1021 4633 1249 4685 auctore
1287 4632 1341 4685 A
1519 4637 1551 4684 9
1600 4648 1838 4699 quarum
1876 4646 2142 4700 sequaces
2179 4631 2277 4688 ςΒ
2328 4632 2428 4700 qui
2477 4645 2742 4700 sequaces
2780 4630 2894 4683 As*

395 4715 456 4763 12
484 4709 794 4781 varietatis]
832 4710 1162 4779 uarietatib3
1201 4713 1255 4766 A
1393 4717 1459 4766 15
1498 4711 1861 4765 recordantur
1896 4710 1953 4763 Β
2083 4716 2147 4764 16
2184 4709 2453 4764 distinct-a
2488 4712 2618 4764 sunt
2654 4706 2992 4763 EXPLICIT

391 4787 797 4843 PRAEFATIO
836 4789 1106 4846 INCIPIT
1144 4789 1433 4845 TEXTUS
1471 4790 1693 4846 HUIUS
1732 4790 1868 4846 Post:
1894 4791 1948 4844 A
1987 4790 2252 4844 distincta
2286 4792 2417 4843 eunt:
2453 4787 2791 4843 EXPLICIT
2828 4791 2993 4845 PRE-

394 4867 600 4921 FATIO
638 4867 773 4924 Post
809 4870 862 4923 Β
901 4869 1167 4927 distincta
1202 4872 1333 4926 sunt
1367 4869 1552 4925 ITEM
1593 4870 1766 4924 ALIA
1805 4870 1832 4922 I
1867 4869 2169 4937 Postquam
2212 4869 2259 4923 C
