<?xml version="1.0" encoding="UTF-8"?>
<!DOCTYPE html PUBLIC "-//W3C//DTD XHTML 1.0 Transitional//EN"
    "http://www.w3.org/TR/xhtml1/DTD/xhtml1-transitional.dtd">
<html xmlns="http://www.w3.org/1999/xhtml" xml:lang="en" lang="en">
 <head>
  <title>
</title>
<meta http-equiv="Content-Type" content="text/html;charset=utf-8" />
  <meta name='ocr-system' content='tesseract 3.04.00' />
  <meta name='ocr-capabilities' content='ocr_page ocr_carea ocr_par ocr_line ocrx_word'/>
</head>
<body>
  <div class='ocr_page' id='page_1' title='image "./grammaticilatin09keilgoog_0168.png"; bbox 0 0 3613 5528; ppageno 0'>
   <div class='ocr_carea' id='block_1_1' title="bbox 571 411 2112 567">
    <p class='ocr_par' dir='ltr' id='par_1_1' title="bbox 571 411 2112 567">
     <span class='ocr_line' id='line_1_1' title="bbox 575 411 2112 481; baseline -0.008 -2"><span class='ocrx_word' id='word_1_1' title='bbox 575 416 700 481; x_wconf 82' lang='grc'><strong>158</strong></span> <span class='ocrx_word' id='word_1_2' title='bbox 1649 411 2112 470; x_wconf 80' lang='lat' dir='ltr'>CASSIODORII</span> 
     </span>
     <span class='ocr_line' id='line_1_2' title="bbox 571 516 921 567; baseline 0 -11"><span class='ocrx_word' id='word_1_3' title='bbox 571 529 615 567; x_wconf 80' lang='lat' dir='ltr'><strong>p.</strong></span> <span class='ocrx_word' id='word_1_4' title='bbox 642 518 763 558; x_wconf 72' lang='lat' dir='ltr'><strong>asso.</strong></span> <span class='ocrx_word' id='word_1_5' title='bbox 791 517 845 557; x_wconf 81' lang='lat'><strong>90</strong></span> <span class='ocrx_word' id='word_1_6' title='bbox 871 516 921 556; x_wconf 80' lang='lat' dir='ltr'><strong>P.</strong></span> 
     </span>
    </p>
   </div>
   <div class='ocr_carea' id='block_1_2' title="bbox 573 596 3247 1427">
    <p class='ocr_par' dir='ltr' id='par_1_2' title="bbox 573 596 3247 893">
     <span class='ocr_line' id='line_1_3' title="bbox 573 596 3247 682; baseline -0.004 -20"><span class='ocrx_word' id='word_1_7' title='bbox 573 620 693 662; x_wconf 88' lang='lat' dir='ltr'><strong>non</strong></span> <span class='ocrx_word' id='word_1_8' title='bbox 747 599 1117 682; x_wconf 87' lang='lat' dir='ltr'><strong>praestulari.</strong></span> <span class='ocrx_word' id='word_1_9' title='bbox 1200 617 1311 660; x_wconf 88' lang='lat' dir='ltr'><strong>nec</strong></span> <span class='ocrx_word' id='word_1_10' title='bbox 1367 600 1585 659; x_wconf 92' lang='lat' dir='ltr'><strong>mirum</strong></span> <span class='ocrx_word' id='word_1_11' title='bbox 1641 605 1734 659; x_wconf 86' lang='lat' dir='ltr'><strong>est</strong></span> <span class='ocrx_word' id='word_1_12' title='bbox 1778 605 2013 660; x_wconf 84' lang='lat' dir='ltr'><strong>veteres</strong></span> <span class='ocrx_word' id='word_1_13' title='bbox 2058 616 2101 658; x_wconf 90' lang='lat' dir='ltr'><strong>u</strong></span> <span class='ocrx_word' id='word_1_14' title='bbox 2159 596 2357 658; x_wconf 87' lang='lat' dir='ltr'><strong>littera</strong></span> <span class='ocrx_word' id='word_1_15' title='bbox 2403 614 2513 676; x_wconf 89' lang='lat' dir='ltr'><strong>pro</strong></span> <span class='ocrx_word' id='word_1_16' title='bbox 2560 613 2596 655; x_wconf 89' lang='lat' dir='ltr'><strong>o</strong></span> <span class='ocrx_word' id='word_1_17' title='bbox 2643 613 2811 656; x_wconf 89' lang='lat' dir='ltr'><strong>usos:</strong></span> <span class='ocrx_word' id='word_1_18' title='bbox 2858 612 2993 654; x_wconf 89' lang='lat' dir='ltr'><strong>nam</strong></span> <span class='ocrx_word' id='word_1_19' title='bbox 3038 602 3100 654; x_wconf 90' lang='lat' dir='ltr'><strong>et</strong></span> <span class='ocrx_word' id='word_1_20' title='bbox 3147 611 3183 653; x_wconf 92' lang='lat' dir='ltr'><strong>o</strong></span> <span class='ocrx_word' id='word_1_21' title='bbox 3237 646 3247 652; x_wconf 92' lang='lat'>.</span> 
     </span>
     <span class='ocr_line' id='line_1_4' title="bbox 573 700 3183 787; baseline -0.002 -20"><span class='ocrx_word' id='word_1_22' title='bbox 573 725 683 787; x_wconf 89' lang='lat' dir='ltr'><strong>pro</strong></span> <span class='ocrx_word' id='word_1_23' title='bbox 732 726 771 768; x_wconf 95' lang='lat' dir='ltr'><strong>u</strong></span> <span class='ocrx_word' id='word_1_24' title='bbox 817 708 913 768; x_wconf 91' lang='lat' dir='ltr'><strong>usi</strong></span> <span class='ocrx_word' id='word_1_25' title='bbox 968 714 1134 767; x_wconf 87' lang='lat' dir='ltr'><strong>sunt:</strong></span> <span class='ocrx_word' id='word_1_26' title='bbox 1188 704 1486 785; x_wconf 86' lang='lat' dir='ltr'>poblicum</span> <span class='ocrx_word' id='word_1_27' title='bbox 1528 705 1539 781; x_wconf 84' lang='grc' dir='ltr'>Ι</span> <span class='ocrx_word' id='word_1_28' title='bbox 1578 706 1765 787; x_wconf 90' lang='lat' dir='ltr'><strong>enim,</strong></span> <span class='ocrx_word' id='word_1_29' title='bbox 1821 704 1979 784; x_wconf 92' lang='lat' dir='ltr'><strong>quod</strong></span> <span class='ocrx_word' id='word_1_30' title='bbox 2036 722 2144 765; x_wconf 90' lang='lat' dir='ltr'><strong>nos</strong></span> <span class='ocrx_word' id='word_1_31' title='bbox 2199 702 2531 783; x_wconf 91' lang='lat' dir='ltr'><strong>publicum,</strong></span> <span class='ocrx_word' id='word_1_32' title='bbox 2585 710 2649 763; x_wconf 91' lang='lat' dir='ltr'><strong>et</strong></span> <span class='ocrx_word' id='word_1_33' title='bbox 2693 700 2854 782; x_wconf 91' lang='lat' dir='ltr'><strong>quod</strong></span> <span class='ocrx_word' id='word_1_34' title='bbox 2901 720 3011 761; x_wconf 89' lang='lat' dir='ltr'><strong>nos</strong></span> <span class='ocrx_word' id='word_1_35' title='bbox 3050 700 3183 762; x_wconf 79' lang='lat' dir='ltr'><strong>cul·</strong></span> 
     </span>
     <span class='ocr_line' id='line_1_5' title="bbox 575 811 1484 893; baseline 0.001 -21"><span class='ocrx_word' id='word_1_36' title='bbox 575 830 737 892; x_wconf 88' lang='lat' dir='ltr'><strong>pam,</strong></span> <span class='ocrx_word' id='word_1_37' title='bbox 783 811 867 872; x_wconf 88' lang='lat' dir='ltr'><strong>illi</strong></span> <span class='ocrx_word' id='word_1_38' title='bbox 913 813 1142 893; x_wconf 79' lang='lat' dir='ltr'>colpam</span> <span class='ocrx_word' id='word_1_39' title='bbox 1188 812 1484 873; x_wconf 75' lang='lat' dir='ltr'><strong>dixerunt.</strong></span> 
     </span>
    </p>

    <p class='ocr_par' dir='ltr' id='par_1_3' title="bbox 752 915 2098 1000">
     <span class='ocr_line' id='line_1_6' title="bbox 752 915 2098 1000; baseline -0.002 -21"><span class='ocrx_word' id='word_1_40' title='bbox 752 917 973 999; x_wconf 90' lang='lat' dir='ltr'><strong>Supter</strong></span> <span class='ocrx_word' id='word_1_41' title='bbox 1019 937 1128 999; x_wconf 91' lang='lat' dir='ltr'><strong>per</strong></span> <span class='ocrx_word' id='word_1_42' title='bbox 1172 938 1212 1000; x_wconf 91' lang='lat' dir='ltr'>p</span> <span class='ocrx_word' id='word_1_43' title='bbox 1260 917 1675 999; x_wconf 89' lang='lat' dir='ltr'><strong>scribendum,</strong></span> <span class='ocrx_word' id='word_1_44' title='bbox 1721 936 1841 978; x_wconf 89' lang='lat' dir='ltr'><strong>non</strong></span> <span class='ocrx_word' id='word_1_45' title='bbox 1889 934 1996 996; x_wconf 91' lang='lat' dir='ltr'><strong>per</strong></span> <span class='ocrx_word' id='word_1_46' title='bbox 2042 915 2098 976; x_wconf 92' lang='lat' dir='ltr'><strong>b.</strong></span> 
     </span>
    </p>

    <p class='ocr_par' dir='ltr' id='par_1_4' title="bbox 753 1021 3240 1108">
     <span class='ocr_line' id='line_1_7' title="bbox 753 1021 3240 1108; baseline -0.002 -22"><span class='ocrx_word' id='word_1_47' title='bbox 753 1024 1082 1105; x_wconf 86' lang='lat' dir='ltr'><strong>Neglegere</strong></span> <span class='ocrx_word' id='word_1_48' title='bbox 1127 1043 1236 1106; x_wconf 87' lang='lat' dir='ltr'><strong>per</strong></span> <span class='ocrx_word' id='word_1_49' title='bbox 1283 1043 1345 1108; x_wconf 87' lang='lat' dir='ltr'><strong>g,</strong></span> <span class='ocrx_word' id='word_1_50' title='bbox 1392 1043 1511 1086; x_wconf 89' lang='lat' dir='ltr'><strong>non</strong></span> <span class='ocrx_word' id='word_1_51' title='bbox 1559 1042 1667 1104; x_wconf 89' lang='lat' dir='ltr'><strong>per</strong></span> <span class='ocrx_word' id='word_1_52' title='bbox 1713 1042 1746 1084; x_wconf 92' lang='lat' dir='ltr'><strong>c</strong></span> <span class='ocrx_word' id='word_1_53' title='bbox 1794 1021 2192 1084; x_wconf 89' lang='lat' dir='ltr'><strong>scribendum.</strong></span> <span class='ocrx_word' id='word_1_54' title='bbox 3212 1032 3240 1073; x_wconf 84' lang='lat'><strong>5</strong></span> 
     </span>
    </p>

    <p class='ocr_par' dir='ltr' id='par_1_5' title="bbox 575 1127 3182 1427">
     <span class='ocr_line' id='line_1_8' title="bbox 749 1127 3182 1215; baseline -0.002 -23"><span class='ocrx_word' id='word_1_55' title='bbox 749 1132 798 1215; x_wconf 96' lang='lat'>†</span> <span class='ocrx_word' id='word_1_56' title='bbox 843 1131 1145 1194; x_wconf 87' lang='lat' dir='ltr'><strong>Eutalium</strong></span> <span class='ocrx_word' id='word_1_57' title='bbox 1190 1131 1463 1213; x_wconf 91' lang='lat' dir='ltr'><strong>Eupolim</strong></span> <span class='ocrx_word' id='word_1_58' title='bbox 1512 1140 1573 1194; x_wconf 89' lang='lat' dir='ltr'><strong>et</strong></span> <span class='ocrx_word' id='word_1_59' title='bbox 1619 1130 1728 1192; x_wconf 89' lang='lat' dir='ltr'><strong>alia</strong></span> <span class='ocrx_word' id='word_1_60' title='bbox 1772 1130 1953 1192; x_wconf 90' lang='lat' dir='ltr'><strong>huius</strong></span> <span class='ocrx_word' id='word_1_61' title='bbox 1998 1129 2160 1191; x_wconf 90' lang='lat' dir='ltr'><strong>modi</strong></span> <span class='ocrx_word' id='word_1_62' title='bbox 2205 1128 2444 1209; x_wconf 90' lang='lat' dir='ltr'><strong>quidam</strong></span> <span class='ocrx_word' id='word_1_63' title='bbox 2488 1146 2597 1209; x_wconf 91' lang='lat' dir='ltr'><strong>per</strong></span> <span class='ocrx_word' id='word_1_64' title='bbox 2643 1148 2678 1208; x_wconf 81' lang='lat' dir='ltr'><strong>y</strong></span> <span class='ocrx_word' id='word_1_65' title='bbox 2723 1127 2983 1190; x_wconf 81' lang='lat' dir='ltr'><strong>litteram</strong></span> <span class='ocrx_word' id='word_1_66' title='bbox 3027 1129 3182 1188; x_wconf 81' lang='lat' dir='ltr'><strong>scri-</strong></span> 
     </span>
     <span class='ocr_line' id='line_1_9' title="bbox 575 1232 3181 1322; baseline -0.003 -22"><span class='ocrx_word' id='word_1_67' title='bbox 575 1242 773 1301; x_wconf 81' lang='lat' dir='ltr'><strong>benda</strong></span> <span class='ocrx_word' id='word_1_68' title='bbox 818 1247 1203 1322; x_wconf 87' lang='lat' dir='ltr'><strong>putaverunt,</strong></span> <span class='ocrx_word' id='word_1_69' title='bbox 1251 1258 1320 1300; x_wconf 92' lang='lat' dir='ltr'><strong>eo</strong></span> <span class='ocrx_word' id='word_1_70' title='bbox 1377 1237 1533 1318; x_wconf 88' lang='lat' dir='ltr'><strong>quod</strong></span> <span class='ocrx_word' id='word_1_71' title='bbox 1581 1255 1794 1317; x_wconf 86' lang='lat' dir='ltr'><strong>graeca</strong></span> <span class='ocrx_word' id='word_1_72' title='bbox 1841 1254 1973 1297; x_wconf 90' lang='lat' dir='ltr'><strong>esse</strong></span> <span class='ocrx_word' id='word_1_73' title='bbox 2020 1235 2316 1317; x_wconf 81' lang='lat' dir='ltr'><strong>dicerent3</strong></span> <span class='ocrx_word' id='word_1_74' title='bbox 2371 1233 2477 1297; x_wconf 89' lang='lat' dir='ltr'><strong>sed</strong></span> <span class='ocrx_word' id='word_1_75' title='bbox 2532 1233 2689 1316; x_wconf 91' lang='lat' dir='ltr'><strong>apud</strong></span> <span class='ocrx_word' id='word_1_76' title='bbox 2748 1252 2858 1295; x_wconf 89' lang='lat' dir='ltr'><strong>nos</strong></span> <span class='ocrx_word' id='word_1_77' title='bbox 2903 1254 2938 1314; x_wconf 81' lang='lat' dir='ltr'><strong>y</strong></span> <span class='ocrx_word' id='word_1_78' title='bbox 2983 1232 3181 1295; x_wconf 87' lang='lat' dir='ltr'><strong>littera</strong></span> 
     </span>
     <span class='ocr_line' id='line_1_10' title="bbox 578 1346 1577 1427; baseline -0.002 -19"><span class='ocrx_word' id='word_1_79' title='bbox 578 1365 903 1427; x_wconf 79' lang='lat' dir='ltr'><strong>numquam</strong></span> <span class='ocrx_word' id='word_1_80' title='bbox 949 1346 1135 1408; x_wconf 87' lang='lat' dir='ltr'><strong>vocali</strong></span> <span class='ocrx_word' id='word_1_81' title='bbox 1181 1349 1577 1427; x_wconf 81' lang='lat' dir='ltr'><strong>coniungitur.</strong></span> 
     </span>
    </p>
   </div>
   <div class='ocr_carea' id='block_1_3' title="bbox 956 1461 2812 1625">
    <p class='ocr_par' dir='ltr' id='par_1_6' title="bbox 956 1461 2812 1625">
     <span class='ocr_line' id='line_1_11' title="bbox 956 1461 2812 1625; baseline -0.003 -40"><span class='ocrx_word' id='word_1_82' title='bbox 956 1519 1092 1585; x_wconf 87' lang='lat'>1111</span> <span class='ocrx_word' id='word_1_83' title='bbox 1147 1519 1266 1585; x_wconf 88' lang='lat' dir='ltr'><strong>EX</strong></span> <span class='ocrx_word' id='word_1_84' title='bbox 1310 1517 1794 1625; x_wconf 64' lang='lat' dir='ltr'><strong>PAPIRmNO</strong></span> <span class='ocrx_word' id='word_1_85' title='bbox 1841 1515 2038 1583; x_wconf 84' lang='lat' dir='ltr'>ISTA</span> <span class='ocrx_word' id='word_1_86' title='bbox 2085 1515 2538 1586; x_wconf 83' lang='lat' dir='ltr'>COLLECTA</span> <span class='ocrx_word' id='word_1_87' title='bbox 2584 1461 2812 1583; x_wconf 84' lang='lat' dir='ltr'>SVNT</span> 
     </span>
    </p>
   </div>
   <div class='ocr_carea' id='block_1_4' title="bbox 576 1652 3273 3017">
    <p class='ocr_par' dir='ltr' id='par_1_7' title="bbox 576 1652 3271 2166">
     <span class='ocr_line' id='line_1_12' title="bbox 754 1652 3271 1740; baseline -0.003 -20"><span class='ocrx_word' id='word_1_88' title='bbox 754 1658 838 1720; x_wconf 82' lang='grc' dir='ltr'><strong>Αε</strong></span> <span class='ocrx_word' id='word_1_89' title='bbox 884 1658 1127 1740; x_wconf 79' lang='lat' dir='ltr'>syllaba,</span> <span class='ocrx_word' id='word_1_90' title='bbox 1183 1677 1358 1738; x_wconf 89' lang='lat' dir='ltr'><strong>quam</strong></span> <span class='ocrx_word' id='word_1_91' title='bbox 1406 1677 1567 1719; x_wconf 90' lang='lat' dir='ltr'><strong>nunc</strong></span> <span class='ocrx_word' id='word_1_92' title='bbox 1612 1660 1675 1719; x_wconf 90' lang='lat' dir='ltr'><strong>in</strong></span> <span class='ocrx_word' id='word_1_93' title='bbox 1735 1659 1853 1720; x_wconf 88' lang='lat' dir='ltr'><strong>fine</strong></span> <span class='ocrx_word' id='word_1_94' title='bbox 1902 1659 2193 1720; x_wconf 90' lang='lat' dir='ltr'><strong>sermonis</strong></span> <span class='ocrx_word' id='word_1_95' title='bbox 2231 1676 2351 1735; x_wconf 84' lang='lat' dir='ltr'><strong>per</strong></span> <span class='ocrx_word' id='word_1_96' title='bbox 2395 1655 2801 1736; x_wconf 82' lang='lat' dir='ltr'><strong>diphthongon</strong></span> <span class='ocrx_word' id='word_1_97' title='bbox 2850 1652 3188 1736; x_wconf 89' lang='lat' dir='ltr'><strong>scribimus,</strong></span> <span class='ocrx_word' id='word_1_98' title='bbox 3217 1672 3271 1712; x_wconf 90' lang='lat'><strong>10</strong></span> 
     </span>
     <span class='ocr_line' id='line_1_13' title="bbox 577 1760 3185 1846; baseline -0.003 -18"><span class='ocrx_word' id='word_1_99' title='bbox 577 1774 645 1828; x_wconf 88' lang='lat' dir='ltr'><strong>ut</strong></span> <span class='ocrx_word' id='word_1_100' title='bbox 691 1760 1088 1846; x_wconf 75' lang='lat' dir='ltr'><strong>‘cogitationis</strong></span> <span class='ocrx_word' id='word_1_101' title='bbox 1143 1760 1438 1845; x_wconf 86' lang='lat' dir='ltr'><strong>magnae&#39;,</strong></span> <span class='ocrx_word' id='word_1_102' title='bbox 1495 1765 1651 1846; x_wconf 89' lang='lat' dir='ltr'><strong>apud</strong></span> <span class='ocrx_word' id='word_1_103' title='bbox 1706 1768 1985 1845; x_wconf 87' lang='lat' dir='ltr'><strong>antiquos</strong></span> <span class='ocrx_word' id='word_1_104' title='bbox 2039 1783 2148 1844; x_wconf 88' lang='lat' dir='ltr'><strong>per</strong></span> <span class='ocrx_word' id='word_1_105' title='bbox 2202 1782 2234 1825; x_wconf 87' lang='lat' dir='ltr'><strong>a</strong></span> <span class='ocrx_word' id='word_1_106' title='bbox 2280 1771 2342 1824; x_wconf 90' lang='lat' dir='ltr'><strong>et</strong></span> <span class='ocrx_word' id='word_1_107' title='bbox 2388 1765 2408 1824; x_wconf 93' lang='lat' dir='ltr'><strong>i</strong></span> <span class='ocrx_word' id='word_1_108' title='bbox 2464 1762 2865 1843; x_wconf 82' lang='lat' dir='ltr'><strong>scribebatur,</strong></span> <span class='ocrx_word' id='word_1_109' title='bbox 2911 1770 2980 1823; x_wconf 89' lang='lat' dir='ltr'><strong>ut</strong></span> <span class='ocrx_word' id='word_1_110' title='bbox 3023 1768 3185 1821; x_wconf 91' lang='lat' dir='ltr'><strong>esset</strong></span> 
     </span>
     <span class='ocr_line' id='line_1_14' title="bbox 576 1867 3190 1952; baseline -0.002 -19"><span class='ocrx_word' id='word_1_111' title='bbox 576 1871 851 1934; x_wconf 82' lang='lat' dir='ltr'><strong>distantia</strong></span> <span class='ocrx_word' id='word_1_112' title='bbox 897 1875 1307 1952; x_wconf 87' lang='lat' dir='ltr'><strong>genetivorum</strong></span> <span class='ocrx_word' id='word_1_113' title='bbox 1354 1891 1383 1933; x_wconf 93' lang='lat' dir='ltr'><strong>a</strong></span> <span class='ocrx_word' id='word_1_114' title='bbox 1431 1872 1658 1934; x_wconf 85' lang='lat' dir='ltr'><strong>dativis.</strong></span> <span class='ocrx_word' id='word_1_115' title='bbox 1733 1890 1867 1933; x_wconf 90' lang='lat' dir='ltr'><strong>nam</strong></span> <span class='ocrx_word' id='word_1_116' title='bbox 1914 1874 2185 1951; x_wconf 79' lang='lat' dir='ltr'><strong>genetivo</strong></span> <span class='ocrx_word' id='word_1_117' title='bbox 2231 1870 2383 1931; x_wconf 90' lang='lat' dir='ltr'><strong>hanc</strong></span> <span class='ocrx_word' id='word_1_118' title='bbox 2430 1869 2778 1931; x_wconf 85' lang='lat' dir='ltr'><strong>divisionem</strong></span> <span class='ocrx_word' id='word_1_119' title='bbox 2825 1867 3076 1948; x_wconf 87' lang='lat' dir='ltr'><strong>dabant,</strong></span> <span class='ocrx_word' id='word_1_120' title='bbox 3122 1874 3190 1928; x_wconf 88' lang='lat' dir='ltr'><strong>ut</strong></span> 
     </span>
     <span class='ocr_line' id='line_1_15' title="bbox 580 1974 3190 2061; baseline -0.003 -22"><span class='ocrx_word' id='word_1_121' title='bbox 580 1997 699 2039; x_wconf 88' lang='lat' dir='ltr'><strong>non</strong></span> <span class='ocrx_word' id='word_1_122' title='bbox 747 1988 906 2041; x_wconf 89' lang='lat' dir='ltr'><strong>esset</strong></span> <span class='ocrx_word' id='word_1_123' title='bbox 952 1978 1271 2060; x_wconf 83' lang='lat' dir='ltr'><strong>disyllabus</strong></span> <span class='ocrx_word' id='word_1_124' title='bbox 1319 1978 1526 2040; x_wconf 89' lang='lat' dir='ltr'><strong>similis</strong></span> <span class='ocrx_word' id='word_1_125' title='bbox 1573 1978 1795 2061; x_wconf 90' lang='lat' dir='ltr'><strong>dativo,</strong></span> <span class='ocrx_word' id='word_1_126' title='bbox 1852 1977 1956 2040; x_wconf 91' lang='lat' dir='ltr'><strong>sed</strong></span> <span class='ocrx_word' id='word_1_127' title='bbox 2019 1976 2353 2058; x_wconf 82' lang='lat' dir='ltr'><strong>trisyllabus</strong></span> <span class='ocrx_word' id='word_1_128' title='bbox 2399 1979 2793 2057; x_wconf 85' lang='lat' dir='ltr'><strong>inveniretur,</strong></span> <span class='ocrx_word' id='word_1_129' title='bbox 2849 1982 2916 2037; x_wconf 93' lang='lat' dir='ltr'><strong>ut</strong></span> <span class='ocrx_word' id='word_1_130' title='bbox 2962 1974 3190 2053; x_wconf 86' lang='lat' dir='ltr'><strong>magnai</strong></span> 
     </span>
     <span class='ocr_line' id='line_1_16' title="bbox 578 2086 1307 2166; baseline 0.001 -21"><span class='ocrx_word' id='word_1_131' title='bbox 578 2086 739 2146; x_wconf 80' lang='lat' dir='ltr'><strong>Asiai</strong></span> <span class='ocrx_word' id='word_1_132' title='bbox 785 2086 939 2148; x_wconf 91' lang='lat' dir='ltr'><strong>aulai</strong></span> <span class='ocrx_word' id='word_1_133' title='bbox 984 2087 1307 2166; x_wconf 77' lang='lat' dir='ltr'><strong>frugiferai.</strong></span> 
     </span>
    </p>

    <p class='ocr_par' dir='ltr' id='par_1_8' title="bbox 580 2189 3273 2485">
     <span class='ocr_line' id='line_1_17' title="bbox 754 2189 3273 2272; baseline -0.002 -21"><span class='ocrx_word' id='word_1_134' title='bbox 754 2190 1015 2253; x_wconf 88' lang='lat' dir='ltr'><strong>Reliciae</strong></span> <span class='ocrx_word' id='word_1_135' title='bbox 1062 2201 1123 2253; x_wconf 90' lang='lat' dir='ltr'><strong>et</strong></span> <span class='ocrx_word' id='word_1_136' title='bbox 1170 2192 1375 2253; x_wconf 91' lang='lat' dir='ltr'><strong>relicui</strong></span> <span class='ocrx_word' id='word_1_137' title='bbox 1422 2210 1531 2271; x_wconf 90' lang='lat' dir='ltr'><strong>per</strong></span> <span class='ocrx_word' id='word_1_138' title='bbox 1577 2210 1610 2251; x_wconf 88' lang='lat' dir='ltr'><strong>c</strong></span> <span class='ocrx_word' id='word_1_139' title='bbox 1657 2190 2098 2272; x_wconf 82' lang='lat' dir='ltr'><strong>scribebantur,</strong></span> <span class='ocrx_word' id='word_1_140' title='bbox 2145 2199 2212 2252; x_wconf 89' lang='lat' dir='ltr'><strong>ut</strong></span> <span class='ocrx_word' id='word_1_141' title='bbox 2257 2192 2336 2252; x_wconf 90' lang='lat' dir='ltr'><strong>sit</strong></span> <span class='ocrx_word' id='word_1_142' title='bbox 2380 2190 2642 2252; x_wconf 89' lang='lat' dir='ltr'><strong>relicuus</strong></span> <span class='ocrx_word' id='word_1_143' title='bbox 2689 2198 2756 2250; x_wconf 93' lang='lat' dir='ltr'><strong>ut</strong></span> <span class='ocrx_word' id='word_1_144' title='bbox 2801 2206 3051 2269; x_wconf 85' lang='lat' dir='ltr'><strong>vacuus,</strong></span> <span class='ocrx_word' id='word_1_145' title='bbox 3098 2189 3184 2249; x_wconf 92' lang='lat' dir='ltr'><strong>sic</strong></span> <span class='ocrx_word' id='word_1_146' title='bbox 3221 2206 3273 2246; x_wconf 85' lang='lat'><strong>15</strong></span> 
     </span>
     <span class='ocr_line' id='line_1_18' title="bbox 580 2294 3188 2380; baseline -0.002 -21"><span class='ocrx_word' id='word_1_147' title='bbox 580 2298 789 2359; x_wconf 87' lang='lat' dir='ltr'><strong>relicui</strong></span> <span class='ocrx_word' id='word_1_148' title='bbox 826 2306 887 2359; x_wconf 91' lang='lat' dir='ltr'><strong>et</strong></span> <span class='ocrx_word' id='word_1_149' title='bbox 924 2302 1118 2380; x_wconf 85' lang='lat' dir='ltr'><strong>vacui,</strong></span> <span class='ocrx_word' id='word_1_150' title='bbox 1164 2301 1321 2360; x_wconf 89' lang='lat' dir='ltr'><strong>sicut</strong></span> <span class='ocrx_word' id='word_1_151' title='bbox 1358 2306 1631 2360; x_wconf 89' lang='lat' dir='ltr'><strong>mortuus</strong></span> <span class='ocrx_word' id='word_1_152' title='bbox 1668 2300 1916 2380; x_wconf 87' lang='lat' dir='ltr'><strong>mortui,</strong></span> <span class='ocrx_word' id='word_1_153' title='bbox 1962 2306 2244 2359; x_wconf 88' lang='lat' dir='ltr'><strong>strenuus</strong></span> <span class='ocrx_word' id='word_1_154' title='bbox 2283 2299 2530 2360; x_wconf 86' lang='lat' dir='ltr'><strong>strenui.</strong></span> <span class='ocrx_word' id='word_1_155' title='bbox 2606 2304 2664 2358; x_wconf 87' lang='lat' dir='ltr'><strong>at</strong></span> <span class='ocrx_word' id='word_1_156' title='bbox 2701 2314 2861 2357; x_wconf 90' lang='lat' dir='ltr'><strong>nuuc</strong></span> <span class='ocrx_word' id='word_1_157' title='bbox 2900 2294 3188 2372; x_wconf 86' lang='lat' dir='ltr'><strong>reliquiae</strong></span> 
     </span>
     <span class='ocr_line' id='line_1_19' title="bbox 582 2405 1628 2485; baseline 0.002 -20"><span class='ocrx_word' id='word_1_158' title='bbox 582 2413 649 2466; x_wconf 91' lang='lat' dir='ltr'><strong>ut</strong></span> <span class='ocrx_word' id='word_1_159' title='bbox 696 2407 978 2484; x_wconf 88' lang='lat' dir='ltr'><strong>exequiae</strong></span> <span class='ocrx_word' id='word_1_160' title='bbox 1025 2422 1134 2485; x_wconf 90' lang='lat' dir='ltr'><strong>per</strong></span> <span class='ocrx_word' id='word_1_161' title='bbox 1180 2424 1218 2485; x_wconf 91' lang='lat' dir='ltr'>q</span> <span class='ocrx_word' id='word_1_162' title='bbox 1265 2405 1628 2467; x_wconf 89' lang='lat' dir='ltr'><strong>scribuntur.</strong></span> 
     </span>
    </p>

    <p class='ocr_par' dir='ltr' id='par_1_9' title="bbox 582 2509 3193 2699">
     <span class='ocr_line' id='line_1_20' title="bbox 756 2509 3193 2594; baseline -0.001 -22"><span class='ocrx_word' id='word_1_163' title='bbox 756 2511 983 2573; x_wconf 86' lang='lat' dir='ltr'><strong>Cotidie</strong></span> <span class='ocrx_word' id='word_1_164' title='bbox 1037 2531 1147 2592; x_wconf 90' lang='lat' dir='ltr'><strong>per</strong></span> <span class='ocrx_word' id='word_1_165' title='bbox 1201 2530 1233 2572; x_wconf 94' lang='lat' dir='ltr'><strong>c</strong></span> <span class='ocrx_word' id='word_1_166' title='bbox 1289 2522 1351 2573; x_wconf 85' lang='lat' dir='ltr'><strong>et</strong></span> <span class='ocrx_word' id='word_1_167' title='bbox 1397 2512 1488 2590; x_wconf 96' lang='lat' dir='ltr'><strong>[o]</strong></span> <span class='ocrx_word' id='word_1_168' title='bbox 1548 2513 1766 2574; x_wconf 88' lang='lat' dir='ltr'><strong>dicitur</strong></span> <span class='ocrx_word' id='word_1_169' title='bbox 1824 2520 1884 2574; x_wconf 89' lang='lat' dir='ltr'><strong>et</strong></span> <span class='ocrx_word' id='word_1_170' title='bbox 1939 2511 2250 2594; x_wconf 82' lang='lat' dir='ltr'><strong>scribitur,</strong></span> <span class='ocrx_word' id='word_1_171' title='bbox 2306 2530 2425 2572; x_wconf 92' lang='lat' dir='ltr'><strong>non</strong></span> <span class='ocrx_word' id='word_1_172' title='bbox 2486 2529 2593 2591; x_wconf 91' lang='lat' dir='ltr'><strong>per</strong></span> <span class='ocrx_word' id='word_1_173' title='bbox 2654 2530 2718 2593; x_wconf 90' lang='lat' dir='ltr'><strong>q,</strong></span> <span class='ocrx_word' id='word_1_174' title='bbox 2778 2509 2935 2589; x_wconf 84' lang='lat' dir='ltr'><strong>quod</strong></span> <span class='ocrx_word' id='word_1_175' title='bbox 2997 2528 3113 2570; x_wconf 90' lang='lat' dir='ltr'><strong>non</strong></span> <span class='ocrx_word' id='word_1_176' title='bbox 3162 2529 3193 2569; x_wconf 92' lang='lat' dir='ltr'><strong>a</strong></span> 
     </span>
     <span class='ocr_line' id='line_1_21' title="bbox 582 2618 2118 2699; baseline 0.001 -22"><span class='ocrx_word' id='word_1_177' title='bbox 582 2625 768 2696; x_wconf 88' lang='lat' dir='ltr'><strong>quoto</strong></span> <span class='ocrx_word' id='word_1_178' title='bbox 815 2619 941 2699; x_wconf 92' lang='lat' dir='ltr'><strong>die,</strong></span> <span class='ocrx_word' id='word_1_179' title='bbox 989 2618 1091 2679; x_wconf 92' lang='lat' dir='ltr'><strong>sed</strong></span> <span class='ocrx_word' id='word_1_180' title='bbox 1141 2637 1172 2679; x_wconf 90' lang='lat' dir='ltr'><strong>a</strong></span> <span class='ocrx_word' id='word_1_181' title='bbox 1220 2620 1549 2680; x_wconf 87' lang='lat' dir='ltr'><strong>continenti</strong></span> <span class='ocrx_word' id='word_1_182' title='bbox 1594 2618 1689 2679; x_wconf 92' lang='lat' dir='ltr'><strong>die</strong></span> <span class='ocrx_word' id='word_1_183' title='bbox 1736 2618 1961 2679; x_wconf 88' lang='lat' dir='ltr'><strong>dictum</strong></span> <span class='ocrx_word' id='word_1_184' title='bbox 2009 2626 2118 2679; x_wconf 90' lang='lat' dir='ltr'><strong>est.</strong></span> 
     </span>
    </p>

    <p class='ocr_par' dir='ltr' id='par_1_10' title="bbox 582 2723 3272 3017">
     <span class='ocr_line' id='line_1_22' title="bbox 759 2723 3272 2808; baseline -0.002 -22"><span class='ocrx_word' id='word_1_185' title='bbox 759 2724 954 2808; x_wconf 87' lang='lat' dir='ltr'><strong>Haud,</strong></span> <span class='ocrx_word' id='word_1_186' title='bbox 1001 2725 1234 2806; x_wconf 89' lang='lat' dir='ltr'><strong>quaudo</strong></span> <span class='ocrx_word' id='word_1_187' title='bbox 1272 2725 1615 2788; x_wconf 84' lang='lat' dir='ltr'><strong>adverbium</strong></span> <span class='ocrx_word' id='word_1_188' title='bbox 1654 2732 1747 2787; x_wconf 88' lang='lat' dir='ltr'><strong>est</strong></span> <span class='ocrx_word' id='word_1_189' title='bbox 1791 2723 2071 2807; x_wconf 70' lang='lat' dir='ltr'><strong>negandi,</strong></span> <span class='ocrx_word' id='word_1_190' title='bbox 2116 2724 2153 2786; x_wconf 94' lang='lat' dir='ltr'><strong>d</strong></span> <span class='ocrx_word' id='word_1_191' title='bbox 2201 2725 2398 2787; x_wconf 87' lang='lat' dir='ltr'><strong>littera</strong></span> <span class='ocrx_word' id='word_1_192' title='bbox 2436 2726 2790 2786; x_wconf 88' lang='lat' dir='ltr'><strong>terminatur</strong></span> <span class='ocrx_word' id='word_1_193' title='bbox 2827 2730 2887 2785; x_wconf 89' lang='lat' dir='ltr'><strong>et</strong></span> <span class='ocrx_word' id='word_1_194' title='bbox 2929 2723 3186 2804; x_wconf 90' lang='lat' dir='ltr'><strong>adspira·</strong></span> <span class='ocrx_word' id='word_1_195' title='bbox 3218 2741 3272 2780; x_wconf 81' lang='lat'><strong>20</strong></span> 
     </span>
     <span class='ocr_line' id='line_1_23' title="bbox 583 2831 3194 2915; baseline 0 -24"><span class='ocrx_word' id='word_1_196' title='bbox 583 2837 682 2892; x_wconf 89' lang='lat' dir='ltr'><strong>tur</strong></span> <span class='ocrx_word' id='word_1_197' title='bbox 719 2832 781 2892; x_wconf 90' lang='lat' dir='ltr'><strong>in</strong></span> <span class='ocrx_word' id='word_1_198' title='bbox 820 2835 1040 2914; x_wconf 81' lang='lat' dir='ltr'><strong>capite3</strong></span> <span class='ocrx_word' id='word_1_199' title='bbox 1088 2834 1322 2913; x_wconf 90' lang='lat' dir='ltr'><strong>quando</strong></span> <span class='ocrx_word' id='word_1_200' title='bbox 1361 2842 1558 2896; x_wconf 89' lang='lat' dir='ltr'><strong>autem</strong></span> <span class='ocrx_word' id='word_1_201' title='bbox 1596 2833 1938 2894; x_wconf 87' lang='lat' dir='ltr'><strong>coniunctio</strong></span> <span class='ocrx_word' id='word_1_202' title='bbox 1986 2832 2341 2894; x_wconf 85' lang='lat' dir='ltr'><strong>disiunctiva</strong></span> <span class='ocrx_word' id='word_1_203' title='bbox 2379 2840 2497 2915; x_wconf 87' lang='lat' dir='ltr'><strong>est,</strong></span> <span class='ocrx_word' id='word_1_204' title='bbox 2541 2850 2651 2913; x_wconf 91' lang='lat' dir='ltr'><strong>per</strong></span> <span class='ocrx_word' id='word_1_205' title='bbox 2689 2840 2714 2894; x_wconf 89' lang='lat' dir='ltr'><strong>t</strong></span> <span class='ocrx_word' id='word_1_206' title='bbox 2758 2831 3017 2893; x_wconf 85' lang='lat' dir='ltr'><strong>litteram</strong></span> <span class='ocrx_word' id='word_1_207' title='bbox 3065 2832 3194 2892; x_wconf 88' lang='lat' dir='ltr'><strong>sine</strong></span> 
     </span>
     <span class='ocr_line' id='line_1_24' title="bbox 582 2936 1325 3017; baseline 0.008 -21"><span class='ocrx_word' id='word_1_208' title='bbox 582 2936 978 3017; x_wconf 83' lang='lat' dir='ltr'><strong>adspiratione</strong></span> <span class='ocrx_word' id='word_1_209' title='bbox 1026 2939 1325 3002; x_wconf 89' lang='lat' dir='ltr'><strong>scribitur.</strong></span> 
     </span>
    </p>
   </div>
   <div class='ocr_carea' id='block_1_5' title="bbox 765 3072 3195 3147">
    <p class='ocr_par' dir='ltr' id='par_1_11' title="bbox 765 3072 3195 3147">
     <span class='ocr_line' id='line_1_25' title="bbox 765 3072 3195 3147; baseline -0.001 -18"><span class='ocrx_word' id='word_1_210' title='bbox 765 3082 830 3130; x_wconf 87' lang='lat'><strong>10</strong></span> <span class='ocrx_word' id='word_1_211' title='bbox 860 3076 942 3130; x_wconf 90' lang='lat' dir='ltr'><strong>Ae</strong></span> <span class='ocrx_word' id='word_1_212' title='bbox 972 3077 1194 3147; x_wconf 82' lang='lat' dir='ltr'><strong>syllaba</strong></span> <span class='ocrx_word' id='word_1_213' title='bbox 1225 3076 1334 3132; x_wconf 78' lang='lat' dir='ltr'><strong>Vel.</strong></span> <span class='ocrx_word' id='word_1_214' title='bbox 1367 3077 1539 3146; x_wconf 74' lang='lat' dir='ltr'><strong>Lonq.</strong></span> <span class='ocrx_word' id='word_1_215' title='bbox 1571 3079 1662 3142; x_wconf 83' lang='lat'><strong>57,</strong></span> <span class='ocrx_word' id='word_1_216' title='bbox 1688 3080 1768 3131; x_wconf 79' lang='lat'><strong>20</strong></span> <span class='ocrx_word' id='word_1_217' title='bbox 1879 3081 1944 3130; x_wconf 89' lang='lat'><strong>18</strong></span> <span class='ocrx_word' id='word_1_218' title='bbox 1975 3073 2194 3129; x_wconf 82' lang='lat' dir='ltr'><strong>Cotidie</strong></span> <span class='ocrx_word' id='word_1_219' title='bbox 2224 3074 2334 3129; x_wconf 78' lang='lat' dir='ltr'><strong>Vel.</strong></span> <span class='ocrx_word' id='word_1_220' title='bbox 2357 3074 2532 3143; x_wconf 74' lang='lat' dir='ltr'><strong>Lony.</strong></span> <span class='ocrx_word' id='word_1_221' title='bbox 2563 3076 2652 3142; x_wconf 74' lang='lat'><strong>¹79,</strong></span> <span class='ocrx_word' id='word_1_222' title='bbox 2673 3076 2746 3126; x_wconf 89' lang='lat'><strong>16</strong></span> <span class='ocrx_word' id='word_1_223' title='bbox 2776 3072 3000 3128; x_wconf 72' lang='lat' dir='ltr'><strong>Gomut.</strong></span> <span class='ocrx_word' id='word_1_224' title='bbox 3016 3078 3140 3140; x_wconf 78' lang='lat'><strong>149,</strong></span> <span class='ocrx_word' id='word_1_225' title='bbox 3158 3078 3195 3127; x_wconf 91' lang='lat'><strong><em>6</em></strong></span> 
     </span>
    </p>
   </div>
   <div class='ocr_carea' id='block_1_6' title="bbox 581 3041 1006 3054">
    <p class='ocr_par' dir='ltr' id='par_1_12' title="bbox 581 3041 1006 3054">
     <span class='ocr_line' id='line_1_26' title="bbox 581 3041 1006 3054; baseline 0 2474"><span class='ocrx_word' id='word_1_226' title='bbox 581 3041 1006 3054; x_wconf 95' lang='lat' dir='ltr'><strong> </strong></span> 
     </span>
    </p>
   </div>
   <div class='ocr_carea' id='block_1_7' title="bbox 584 3167 1011 3178">
    <p class='ocr_par' dir='ltr' id='par_1_13' title="bbox 584 3167 1011 3178">
     <span class='ocr_line' id='line_1_27' title="bbox 584 3167 1011 3178; baseline 0 2350"><span class='ocrx_word' id='word_1_227' title='bbox 584 3167 1011 3178; x_wconf 95' lang='lat' dir='ltr'><strong> </strong></span> 
     </span>
    </p>
   </div>
   <div class='ocr_carea' id='block_1_8' title="bbox 579 3196 3207 4955">
    <p class='ocr_par' dir='ltr' id='par_1_14' title="bbox 579 3196 3207 4955">
     <span class='ocr_line' id='line_1_28' title="bbox 762 3196 3197 3278; baseline 0 -25"><span class='ocrx_word' id='word_1_228' title='bbox 762 3204 788 3253; x_wconf 91' lang='lat'>1</span> <span class='ocrx_word' id='word_1_229' title='bbox 842 3219 879 3254; x_wconf 96' lang='lat' dir='ltr'><strong>u</strong></span> <span class='ocrx_word' id='word_1_230' title='bbox 925 3202 1173 3257; x_wconf 87' lang='lat' dir='ltr'><strong>litteram</strong></span> <span class='ocrx_word' id='word_1_231' title='bbox 1218 3201 1337 3257; x_wconf 83' lang='lat' dir='ltr'><strong>AG</strong></span> <span class='ocrx_word' id='word_1_232' title='bbox 1510 3207 1542 3253; x_wconf 80' lang='lat'><strong>2</strong></span> <span class='ocrx_word' id='word_1_233' title='bbox 1588 3198 1875 3270; x_wconf 87' lang='lat' dir='ltr'><strong>poblicum</strong></span> <span class='ocrx_word' id='word_1_234' title='bbox 1913 3199 2062 3278; x_wconf 80' lang='lat' dir='ltr'><strong>enim</strong></span> <span class='ocrx_word' id='word_1_235' title='bbox 2110 3215 2252 3267; x_wconf 86' lang='lat' dir='ltr'><strong>quae</strong></span> <span class='ocrx_word' id='word_1_236' title='bbox 2289 3216 2389 3254; x_wconf 88' lang='lat' dir='ltr'><strong>nos</strong></span> <span class='ocrx_word' id='word_1_237' title='bbox 2432 3196 2720 3267; x_wconf 89' lang='lat' dir='ltr'><strong>publicum</strong></span> <span class='ocrx_word' id='word_1_238' title='bbox 2758 3198 3017 3253; x_wconf 84' lang='lat' dir='ltr'><strong>dixerunt</strong></span> <span class='ocrx_word' id='word_1_239' title='bbox 3053 3214 3197 3267; x_wconf 91' lang='lat' dir='ltr'><strong>quae</strong></span> 
     </span>
     <span class='ocr_line' id='line_1_29' title="bbox 579 3277 3197 3352; baseline -0.002 -17"><span class='ocrx_word' id='word_1_240' title='bbox 579 3297 686 3336; x_wconf 86' lang='lat' dir='ltr'><strong>nos</strong></span> <span class='ocrx_word' id='word_1_241' title='bbox 723 3281 947 3351; x_wconf 88' lang='lat' dir='ltr'><strong>culpam</strong></span> <span class='ocrx_word' id='word_1_242' title='bbox 986 3282 1073 3337; x_wconf 90' lang='lat' dir='ltr'><strong>illi</strong></span> <span class='ocrx_word' id='word_1_243' title='bbox 1109 3283 1349 3352; x_wconf 88' lang='lat' dir='ltr'><strong>colpam.</strong></span> <span class='ocrx_word' id='word_1_244' title='bbox 1407 3282 1599 3351; x_wconf 84' lang='lat' dir='ltr'><strong>supter</strong></span> <span class='ocrx_word' id='word_1_245' title='bbox 1638 3279 1695 3334; x_wconf 86' lang='lat' dir='ltr'><strong>C.</strong></span> <span class='ocrx_word' id='word_1_246' title='bbox 1751 3279 2038 3349; x_wconf 78' lang='lat' dir='ltr'><strong>poblicum</strong></span> <span class='ocrx_word' id='word_1_247' title='bbox 2072 3295 2174 3349; x_wconf 88' lang='lat' dir='ltr'><strong>pro</strong></span> <span class='ocrx_word' id='word_1_248' title='bbox 2212 3278 2527 3349; x_wconf 86' lang='lat' dir='ltr'><strong>publicum,</strong></span> <span class='ocrx_word' id='word_1_249' title='bbox 2568 3277 2719 3347; x_wconf 91' lang='lat' dir='ltr'><strong>quod</strong></span> <span class='ocrx_word' id='word_1_250' title='bbox 2754 3278 2998 3332; x_wconf 84' lang='lat' dir='ltr'><strong>testatur</strong></span> <span class='ocrx_word' id='word_1_251' title='bbox 3032 3277 3197 3347; x_wconf 84' lang='lat' dir='ltr'><strong>Papi·</strong></span> 
     </span>
     <span class='ocr_line' id='line_1_30' title="bbox 582 3357 3200 3432; baseline -0.001 -18"><span class='ocrx_word' id='word_1_252' title='bbox 582 3361 770 3416; x_wconf 86' lang='lat' dir='ltr'><strong>rianus</strong></span> <span class='ocrx_word' id='word_1_253' title='bbox 808 3361 877 3416; x_wconf 89' lang='lat' dir='ltr'><strong>de</strong></span> <span class='ocrx_word' id='word_1_254' title='bbox 913 3361 1345 3432; x_wconf 74' lang='lat' dir='ltr'><strong>orthographia,</strong></span> <span class='ocrx_word' id='word_1_255' title='bbox 1381 3361 1673 3431; x_wconf 89' lang='lat' dir='ltr'><strong>polchrum</strong></span> <span class='ocrx_word' id='word_1_256' title='bbox 1710 3377 1813 3429; x_wconf 87' lang='lat' dir='ltr'><strong>pro</strong></span> <span class='ocrx_word' id='word_1_257' title='bbox 1848 3358 2168 3429; x_wconf 89' lang='lat' dir='ltr'><strong>pulchrum,</strong></span> <span class='ocrx_word' id='word_1_258' title='bbox 2216 3359 2439 3430; x_wconf 85' lang='lat' dir='ltr'><strong>colpam</strong></span> <span class='ocrx_word' id='word_1_259' title='bbox 2473 3374 2576 3430; x_wconf 87' lang='lat' dir='ltr'><strong>pro</strong></span> <span class='ocrx_word' id='word_1_260' title='bbox 2615 3357 2838 3427; x_wconf 89' lang='lat' dir='ltr'><strong>eulpam</strong></span> <span class='ocrx_word' id='word_1_261' title='bbox 2874 3358 3200 3413; x_wconf 73' lang='lat' dir='ltr'><strong>Priscianus</strong></span> 
     </span>
     <span class='ocr_line' id='line_1_31' title="bbox 582 3437 3094 3513; baseline -0.001 -20"><span class='ocrx_word' id='word_1_262' title='bbox 582 3441 617 3496; x_wconf 85' lang='grc' dir='ltr'><strong>Ζ.</strong></span> <span class='ocrx_word' id='word_1_263' title='bbox 658 3442 701 3494; x_wconf 95' lang='grc' dir='ltr'><em>Ι</em></span> <span class='ocrx_word' id='word_1_264' title='bbox 728 3458 788 3511; x_wconf 79' lang='lat' dir='ltr'><strong>p.</strong></span> <span class='ocrx_word' id='word_1_265' title='bbox 825 3446 923 3508; x_wconf 80' lang='lat'><strong>27,</strong></span> <span class='ocrx_word' id='word_1_266' title='bbox 959 3447 1026 3496; x_wconf 92' lang='lat'><strong>11</strong></span> <span class='ocrx_word' id='word_1_267' title='bbox 1175 3441 1325 3510; x_wconf 90' lang='lat' dir='ltr'><strong>quod</strong></span> <span class='ocrx_word' id='word_1_268' title='bbox 1362 3441 1487 3513; x_wconf 88' lang='lat' dir='ltr'><strong>nos]</strong></span> <span class='ocrx_word' id='word_1_269' title='bbox 1524 3457 1669 3509; x_wconf 88' lang='lat' dir='ltr'><strong>quae</strong></span> <span class='ocrx_word' id='word_1_270' title='bbox 1706 3455 1809 3493; x_wconf 83' lang='lat' dir='ltr'><strong>nos</strong></span> <span class='ocrx_word' id='word_1_271' title='bbox 1844 3443 2072 3508; x_wconf 75' lang='lat' dir='ltr'><strong>utroque</strong></span> <span class='ocrx_word' id='word_1_272' title='bbox 2108 3440 2220 3494; x_wconf 83' lang='lat' dir='ltr'><strong>loco</strong></span> <span class='ocrx_word' id='word_1_273' title='bbox 2255 3439 2312 3493; x_wconf 90' lang='grc' dir='ltr'><strong><em>Β</em></strong></span> <span class='ocrx_word' id='word_1_274' title='bbox 2456 3440 2513 3495; x_wconf 84' lang='lat' dir='ltr'><strong>et</strong></span> <span class='ocrx_word' id='word_1_275' title='bbox 2549 3443 2676 3493; x_wconf 79' lang='lat' dir='ltr'><strong>ante</strong></span> <span class='ocrx_word' id='word_1_276' title='bbox 2711 3437 2863 3508; x_wconf 89' lang='lat' dir='ltr'><strong>quod</strong></span> <span class='ocrx_word' id='word_1_277' title='bbox 2899 3454 3000 3492; x_wconf 84' lang='lat' dir='ltr'><strong>om.</strong></span> <span class='ocrx_word' id='word_1_278' title='bbox 3037 3437 3094 3491; x_wconf 94' lang='lat' dir='ltr'><strong><em>A</em></strong></span> 
     </span>
     <span class='ocr_line' id='line_1_32' title="bbox 582 3517 3202 3588; baseline 0 -15"><span class='ocrx_word' id='word_1_279' title='bbox 582 3525 615 3573; x_wconf 83' lang='lat'>4</span> <span class='ocrx_word' id='word_1_280' title='bbox 662 3519 1016 3575; x_wconf 87' lang='lat' dir='ltr'><strong>scribendum</strong></span> <span class='ocrx_word' id='word_1_281' title='bbox 1060 3538 1161 3576; x_wconf 84' lang='lat' dir='ltr'><strong>om.</strong></span> <span class='ocrx_word' id='word_1_282' title='bbox 1212 3520 1261 3574; x_wconf 81' lang='lat' dir='ltr'><strong><em>G</em></strong></span> <span class='ocrx_word' id='word_1_283' title='bbox 1447 3528 1479 3575; x_wconf 83' lang='grc'>6</span> <span class='ocrx_word' id='word_1_284' title='bbox 1526 3518 1813 3574; x_wconf 80' lang='lat' dir='ltr'><strong>Eutalium</strong></span> <span class='ocrx_word' id='word_1_285' title='bbox 1857 3518 2104 3588; x_wconf 90' lang='lat' dir='ltr'><strong>eupolim</strong></span> <span class='ocrx_word' id='word_1_286' title='bbox 2146 3517 2263 3572; x_wconf 84' lang='lat' dir='ltr'><strong>BG</strong></span> <span class='ocrx_word' id='word_1_287' title='bbox 2312 3519 2507 3588; x_wconf 78' lang='lat' dir='ltr'><strong>ylyum</strong></span> <span class='ocrx_word' id='word_1_288' title='bbox 2553 3517 2796 3587; x_wconf 82' lang='lat' dir='ltr'><strong>eypolim</strong></span> <span class='ocrx_word' id='word_1_289' title='bbox 2842 3518 2922 3572; x_wconf 83' lang='lat' dir='ltr'><strong>A:</strong></span> <span class='ocrx_word' id='word_1_290' title='bbox 2968 3517 3202 3585; x_wconf 65' lang='lat' dir='ltr'><strong>fona-sae</strong></span> 
     </span>
     <span class='ocr_line' id='line_1_33' title="bbox 582 3597 3200 3670; baseline -0 -17"><span class='ocrx_word' id='word_1_291' title='bbox 582 3599 888 3669; x_wconf 78' lang='lat' dir='ltr'><strong>Euryalum</strong></span> <span class='ocrx_word' id='word_1_292' title='bbox 923 3601 1167 3670; x_wconf 88' lang='lat' dir='ltr'><strong>Eupolin</strong></span> <span class='ocrx_word' id='word_1_293' title='bbox 1343 3607 1375 3656; x_wconf 87' lang='grc'>6</span> <span class='ocrx_word' id='word_1_294' title='bbox 1414 3598 1708 3655; x_wconf 81' lang='lat' dir='ltr'><strong>scribenda</strong></span> <span class='ocrx_word' id='word_1_295' title='bbox 1743 3613 1845 3652; x_wconf 86' lang='lat' dir='ltr'><strong>om.</strong></span> <span class='ocrx_word' id='word_1_296' title='bbox 1883 3598 2064 3652; x_wconf 82' lang='lat' dir='ltr'><strong>ABG</strong></span> <span class='ocrx_word' id='word_1_297' title='bbox 2237 3606 2269 3655; x_wconf 85' lang='lat'>9</span> <span class='ocrx_word' id='word_1_298' title='bbox 2307 3597 2729 3654; x_wconf 81' lang='lat' dir='ltr'><strong><em>PAPERIANO</em></strong></span> <span class='ocrx_word' id='word_1_299' title='bbox 2770 3597 2818 3652; x_wconf 83' lang='lat'><em>0</em></span> <span class='ocrx_word' id='word_1_300' title='bbox 2993 3604 3061 3653; x_wconf 92' lang='grc'><strong>10</strong></span> <span class='ocrx_word' id='word_1_301' title='bbox 3097 3614 3200 3667; x_wconf 84' lang='grc' dir='ltr'>ρει·</span> 
     </span>
     <span class='ocr_line' id='line_1_34' title="bbox 582 3676 3200 3749; baseline -0.001 -16"><span class='ocrx_word' id='word_1_302' title='bbox 582 3685 710 3734; x_wconf 78' lang='lat' dir='ltr'><strong>ante</strong></span> <span class='ocrx_word' id='word_1_303' title='bbox 745 3679 1137 3749; x_wconf 75' lang='lat' dir='ltr'><strong>diphthongon</strong></span> <span class='ocrx_word' id='word_1_304' title='bbox 1174 3696 1275 3736; x_wconf 86' lang='lat' dir='ltr'><strong>om.</strong></span> <span class='ocrx_word' id='word_1_305' title='bbox 1314 3678 1493 3734; x_wconf 81' lang='lat' dir='ltr'><strong>ABG</strong></span> <span class='ocrx_word' id='word_1_306' title='bbox 1633 3684 1698 3732; x_wconf 92' lang='lat'><strong>11</strong></span> <span class='ocrx_word' id='word_1_307' title='bbox 1738 3680 1803 3734; x_wconf 88' lang='lat' dir='ltr'><strong>ut</strong></span> <span class='ocrx_word' id='word_1_308' title='bbox 1841 3677 2200 3749; x_wconf 76' lang='lat' dir='ltr'><strong>cogitationis</strong></span> <span class='ocrx_word' id='word_1_309' title='bbox 2235 3679 2290 3733; x_wconf 91' lang='lat' dir='ltr'><strong><em>A</em></strong></span> <span class='ocrx_word' id='word_1_310' title='bbox 2338 3681 2403 3734; x_wconf 91' lang='lat' dir='ltr'><strong>ut</strong></span> <span class='ocrx_word' id='word_1_311' title='bbox 2439 3677 2810 3749; x_wconf 82' lang='lat' dir='ltr'><strong>cogitationes</strong></span> <span class='ocrx_word' id='word_1_312' title='bbox 2845 3676 2962 3731; x_wconf 85' lang='lat' dir='ltr'><strong>BG</strong></span> <span class='ocrx_word' id='word_1_313' title='bbox 3096 3693 3200 3747; x_wconf 89' lang='grc' dir='ltr'>ρει·</span> 
     </span>
     <span class='ocr_line' id='line_1_35' title="bbox 580 3756 3199 3829; baseline -0.001 -16"><span class='ocrx_word' id='word_1_314' title='bbox 580 3759 637 3813; x_wconf 86' lang='lat' dir='ltr'><strong>ai</strong></span> <span class='ocrx_word' id='word_1_315' title='bbox 672 3760 729 3814; x_wconf 90' lang='grc' dir='ltr'><strong><em>Β</em></strong></span> <span class='ocrx_word' id='word_1_316' title='bbox 911 3765 977 3813; x_wconf 81' lang='lat'><strong>14</strong></span> <span class='ocrx_word' id='word_1_317' title='bbox 1013 3758 1186 3829; x_wconf 85' lang='lat' dir='ltr'><strong>aulai]</strong></span> <span class='ocrx_word' id='word_1_318' title='bbox 1239 3759 1392 3829; x_wconf 76' lang='lat' dir='ltr'><strong>Very.</strong></span> <span class='ocrx_word' id='word_1_319' title='bbox 1433 3761 1570 3816; x_wconf 76' lang='lat' dir='ltr'><strong>Aen.</strong></span> <span class='ocrx_word' id='word_1_320' title='bbox 1610 3760 1737 3814; x_wconf 95' lang='lat' dir='ltr'><strong>III</strong></span> <span class='ocrx_word' id='word_1_321' title='bbox 1771 3762 1880 3813; x_wconf 83' lang='lat'><strong>354</strong></span> <span class='ocrx_word' id='word_1_322' title='bbox 1919 3759 2073 3814; x_wconf 90' lang='lat' dir='ltr'><strong>aulai</strong></span> <span class='ocrx_word' id='word_1_323' title='bbox 2111 3759 2292 3815; x_wconf 90' lang='lat' dir='ltr'><strong>medio</strong></span> <span class='ocrx_word' id='word_1_324' title='bbox 2470 3758 2722 3813; x_wconf 80' lang='lat' dir='ltr'><strong>fruiferai</strong></span> <span class='ocrx_word' id='word_1_325' title='bbox 2762 3757 2810 3812; x_wconf 84' lang='lat' dir='ltr'><em>C</em></span> <span class='ocrx_word' id='word_1_326' title='bbox 2840 3756 3025 3828; x_wconf 82' lang='lat' dir='ltr'><strong>frngai</strong></span> <span class='ocrx_word' id='word_1_327' title='bbox 3059 3756 3199 3813; x_wconf 81' lang='lat' dir='ltr'><strong>ferai</strong></span> 
     </span>
     <span class='ocr_line' id='line_1_36' title="bbox 580 3837 3202 3910; baseline -0.001 -15"><span class='ocrx_word' id='word_1_328' title='bbox 580 3842 741 3897; x_wconf 63' lang='lat' dir='ltr'><strong>Pam</strong></span> <span class='ocrx_word' id='word_1_329' title='bbox 781 3840 936 3894; x_wconf 63' lang='lat' dir='ltr'><strong>Emi.</strong></span> <span class='ocrx_word' id='word_1_330' title='bbox 975 3841 1165 3894; x_wconf 78' lang='lat' dir='ltr'><strong>annal.</strong></span> <span class='ocrx_word' id='word_1_331' title='bbox 1204 3844 1313 3896; x_wconf 79' lang='lat'><strong>479</strong></span> <span class='ocrx_word' id='word_1_332' title='bbox 1351 3842 1429 3897; x_wconf 81' lang='lat' dir='ltr'><strong>ed.</strong></span> <span class='ocrx_word' id='word_1_333' title='bbox 1482 3841 1642 3896; x_wconf 74' lang='lat' dir='ltr'><strong>VaM.</strong></span> <span class='ocrx_word' id='word_1_334' title='bbox 1681 3838 1855 3894; x_wconf 84' lang='lat' dir='ltr'><strong>terrai</strong></span> <span class='ocrx_word' id='word_1_335' title='bbox 1889 3838 2154 3908; x_wconf 82' lang='lat' dir='ltr'><strong>fugiferai</strong></span> <span class='ocrx_word' id='word_1_336' title='bbox 2272 3845 2336 3894; x_wconf 80' lang='lat'><strong>15</strong></span> <span class='ocrx_word' id='word_1_337' title='bbox 2373 3839 2667 3910; x_wconf 81' lang='lat' dir='ltr'><strong>Reliquiae</strong></span> <span class='ocrx_word' id='word_1_338' title='bbox 2703 3841 2763 3895; x_wconf 88' lang='lat' dir='ltr'><strong>et</strong></span> <span class='ocrx_word' id='word_1_339' title='bbox 2797 3837 3000 3906; x_wconf 89' lang='lat' dir='ltr'><strong>reliqui</strong></span> <span class='ocrx_word' id='word_1_340' title='bbox 3035 3853 3136 3906; x_wconf 87' lang='lat' dir='ltr'><strong>per</strong></span> <span class='ocrx_word' id='word_1_341' title='bbox 3171 3853 3202 3892; x_wconf 88' lang='lat' dir='ltr'><strong>c</strong></span> 
     </span>
     <span class='ocr_line' id='line_1_37' title="bbox 580 3916 3200 3988; baseline -0.002 -13"><span class='ocrx_word' id='word_1_342' title='bbox 580 3920 970 3976; x_wconf 81' lang='lat' dir='ltr'><strong>scribebantur</strong></span> <span class='ocrx_word' id='word_1_343' title='bbox 1014 3920 1080 3972; x_wconf 85' lang='lat' dir='ltr'><strong>ut</strong></span> <span class='ocrx_word' id='word_1_344' title='bbox 1125 3918 1273 3974; x_wconf 88' lang='lat' dir='ltr'><strong>sicut</strong></span> <span class='ocrx_word' id='word_1_345' title='bbox 1315 3918 1565 3988; x_wconf 86' lang='lat' dir='ltr'><strong>reliquus</strong></span> <span class='ocrx_word' id='word_1_346' title='bbox 1613 3921 1671 3974; x_wconf 87' lang='lat' dir='ltr'><strong>et</strong></span> <span class='ocrx_word' id='word_1_347' title='bbox 1716 3935 1930 3974; x_wconf 84' lang='lat' dir='ltr'><strong>uacuus</strong></span> <span class='ocrx_word' id='word_1_348' title='bbox 1975 3918 2052 3973; x_wconf 85' lang='lat' dir='ltr'><strong>sic</strong></span> <span class='ocrx_word' id='word_1_349' title='bbox 2099 3919 2294 3975; x_wconf 88' lang='lat' dir='ltr'><strong>relicui</strong></span> <span class='ocrx_word' id='word_1_350' title='bbox 2340 3923 2399 3975; x_wconf 87' lang='lat' dir='ltr'><strong>et</strong></span> <span class='ocrx_word' id='word_1_351' title='bbox 2443 3919 2610 3976; x_wconf 88' lang='lat' dir='ltr'><strong>uacui</strong></span> <span class='ocrx_word' id='word_1_352' title='bbox 2645 3920 2727 3974; x_wconf 90' lang='lat' dir='ltr'><strong>sic</strong></span> <span class='ocrx_word' id='word_1_353' title='bbox 2764 3921 2823 3974; x_wconf 91' lang='lat' dir='ltr'><strong>et</strong></span> <span class='ocrx_word' id='word_1_354' title='bbox 2867 3920 2947 3987; x_wconf 88' lang='lat' dir='ltr'><strong>(et</strong></span> <span class='ocrx_word' id='word_1_355' title='bbox 2980 3933 3090 3972; x_wconf 69' lang='lat' dir='ltr'><strong>ras.</strong></span> <span class='ocrx_word' id='word_1_356' title='bbox 3128 3916 3200 3986; x_wconf 89' lang='lat' dir='ltr'><strong>B,</strong></span> 
     </span>
     <span class='ocr_line' id='line_1_38' title="bbox 582 3997 3203 4070; baseline -0.003 -12"><span class='ocrx_word' id='word_1_357' title='bbox 582 4019 683 4058; x_wconf 85' lang='lat' dir='ltr'><strong>om.</strong></span> <span class='ocrx_word' id='word_1_358' title='bbox 720 4002 892 4056; x_wconf 78' lang='lat' dir='ltr'><strong>Rern.</strong></span> <span class='ocrx_word' id='word_1_359' title='bbox 931 4003 1066 4070; x_wconf 79' lang='lat'>243)</span> <span class='ocrx_word' id='word_1_360' title='bbox 1104 4001 1358 4056; x_wconf 86' lang='lat' dir='ltr'><strong>mortuus</strong></span> <span class='ocrx_word' id='word_1_361' title='bbox 1396 4002 1454 4054; x_wconf 87' lang='lat' dir='ltr'><strong>et</strong></span> <span class='ocrx_word' id='word_1_362' title='bbox 1491 4002 1705 4055; x_wconf 88' lang='lat' dir='ltr'><strong>mortui</strong></span> <span class='ocrx_word' id='word_1_363' title='bbox 1740 4002 1997 4055; x_wconf 85' lang='lat' dir='ltr'><strong>strenuus</strong></span> <span class='ocrx_word' id='word_1_364' title='bbox 2034 3998 2246 4054; x_wconf 84' lang='lat' dir='ltr'><strong>strenui</strong></span> <span class='ocrx_word' id='word_1_365' title='bbox 2279 3999 2336 4053; x_wconf 92' lang='grc' dir='ltr'><strong><em>Β</em></strong></span> <span class='ocrx_word' id='word_1_366' title='bbox 2373 3999 2611 4069; x_wconf 89' lang='lat' dir='ltr'><strong>Reliquo</strong></span> <span class='ocrx_word' id='word_1_367' title='bbox 2648 4002 2709 4055; x_wconf 86' lang='lat' dir='ltr'><strong>et</strong></span> <span class='ocrx_word' id='word_1_368' title='bbox 2754 3997 2999 4068; x_wconf 75' lang='lat' dir='ltr'><strong>relinqui</strong></span> <span class='ocrx_word' id='word_1_369' title='bbox 3034 4014 3136 4067; x_wconf 88' lang='lat' dir='ltr'><strong>per</strong></span> <span class='ocrx_word' id='word_1_370' title='bbox 3170 4013 3203 4050; x_wconf 88' lang='lat' dir='ltr'><strong>c</strong></span> 
     </span>
     <span class='ocr_line' id='line_1_39' title="bbox 584 4076 3205 4140; baseline -0.003 0"><span class='ocrx_word' id='word_1_371' title='bbox 584 4083 973 4140; x_wconf 73' lang='lat' dir='ltr'><strong>scribebantur</strong></span> <span class='ocrx_word' id='word_1_372' title='bbox 1008 4082 1068 4135; x_wconf 89' lang='lat' dir='ltr'><strong>et</strong></span> <span class='ocrx_word' id='word_1_373' title='bbox 1104 4079 1249 4135; x_wconf 87' lang='lat' dir='ltr'><strong>sicut</strong></span> <span class='ocrx_word' id='word_1_374' title='bbox 1284 4080 1488 4135; x_wconf 84' lang='lat' dir='ltr'><strong>relicus</strong></span> <span class='ocrx_word' id='word_1_375' title='bbox 1527 4083 1586 4136; x_wconf 80' lang='lat' dir='ltr'><strong>et</strong></span> <span class='ocrx_word' id='word_1_376' title='bbox 1620 4085 1872 4137; x_wconf 87' lang='lat' dir='ltr'><strong>mortuus</strong></span> <span class='ocrx_word' id='word_1_377' title='bbox 1906 4080 1986 4136; x_wconf 85' lang='lat' dir='ltr'><strong>sie</strong></span> <span class='ocrx_word' id='word_1_378' title='bbox 2013 4078 2223 4135; x_wconf 84' lang='lat' dir='ltr'><strong>relicui·</strong></span> <span class='ocrx_word' id='word_1_379' title='bbox 2246 4082 2306 4134; x_wconf 87' lang='lat' dir='ltr'><strong>et</strong></span> <span class='ocrx_word' id='word_1_380' title='bbox 2339 4080 2550 4136; x_wconf 89' lang='lat' dir='ltr'><strong>mortui</strong></span> <span class='ocrx_word' id='word_1_381' title='bbox 2583 4081 2664 4136; x_wconf 86' lang='lat' dir='ltr'><strong>sic</strong></span> <span class='ocrx_word' id='word_1_382' title='bbox 2701 4082 2760 4135; x_wconf 88' lang='lat' dir='ltr'><strong>et</strong></span> <span class='ocrx_word' id='word_1_383' title='bbox 2795 4094 3003 4134; x_wconf 85' lang='lat' dir='ltr'><strong>vacuus</strong></span> <span class='ocrx_word' id='word_1_384' title='bbox 3040 4076 3205 4132; x_wconf 85' lang='lat' dir='ltr'><strong>vacui</strong></span> 
     </span>
     <span class='ocr_line' id='line_1_40' title="bbox 587 4158 3204 4232; baseline -0.005 -11"><span class='ocrx_word' id='word_1_385' title='bbox 587 4170 846 4221; x_wconf 86' lang='lat' dir='ltr'><strong>strenuus</strong></span> <span class='ocrx_word' id='word_1_386' title='bbox 883 4162 1096 4219; x_wconf 87' lang='lat' dir='ltr'><strong>strenui</strong></span> <span class='ocrx_word' id='word_1_387' title='bbox 1131 4164 1185 4217; x_wconf 93' lang='lat' dir='ltr'><strong><em>A</em></strong></span> <span class='ocrx_word' id='word_1_388' title='bbox 1222 4162 1459 4232; x_wconf 76' lang='lat' dir='ltr'><strong>Reliqua</strong></span> <span class='ocrx_word' id='word_1_389' title='bbox 1497 4164 1556 4217; x_wconf 89' lang='lat' dir='ltr'><strong>et</strong></span> <span class='ocrx_word' id='word_1_390' title='bbox 1592 4162 1833 4231; x_wconf 89' lang='lat' dir='ltr'><strong>relinqui</strong></span> <span class='ocrx_word' id='word_1_391' title='bbox 1868 4177 1970 4232; x_wconf 88' lang='lat' dir='ltr'><strong>per</strong></span> <span class='ocrx_word' id='word_1_392' title='bbox 2006 4177 2036 4215; x_wconf 90' lang='lat' dir='ltr'><strong>c</strong></span> <span class='ocrx_word' id='word_1_393' title='bbox 2072 4159 2456 4215; x_wconf 80' lang='lat' dir='ltr'><strong>scribebantur</strong></span> <span class='ocrx_word' id='word_1_394' title='bbox 2492 4163 2558 4216; x_wconf 90' lang='lat' dir='ltr'><strong>ut</strong></span> <span class='ocrx_word' id='word_1_395' title='bbox 2591 4161 2640 4215; x_wconf 88' lang='lat' dir='ltr'><strong>si</strong></span> <span class='ocrx_word' id='word_1_396' title='bbox 2675 4159 2923 4228; x_wconf 89' lang='lat' dir='ltr'><strong>reliquus</strong></span> <span class='ocrx_word' id='word_1_397' title='bbox 2960 4158 3020 4211; x_wconf 87' lang='lat' dir='ltr'><strong>et</strong></span> <span class='ocrx_word' id='word_1_398' title='bbox 3055 4172 3204 4211; x_wconf 89' lang='lat' dir='ltr'><strong>mor-</strong></span> 
     </span>
     <span class='ocr_line' id='line_1_41' title="bbox 582 4236 3204 4305; baseline -0.004 -4"><span class='ocrx_word' id='word_1_399' title='bbox 582 4249 711 4301; x_wconf 86' lang='lat' dir='ltr'><strong>tuus</strong></span> <span class='ocrx_word' id='word_1_400' title='bbox 739 4244 819 4299; x_wconf 88' lang='lat' dir='ltr'><strong>sic</strong></span> <span class='ocrx_word' id='word_1_401' title='bbox 845 4240 1041 4299; x_wconf 88' lang='lat' dir='ltr'><strong>relicui</strong></span> <span class='ocrx_word' id='word_1_402' title='bbox 1069 4244 1129 4297; x_wconf 88' lang='lat' dir='ltr'><strong>et</strong></span> <span class='ocrx_word' id='word_1_403' title='bbox 1155 4242 1359 4298; x_wconf 87' lang='lat' dir='ltr'><strong>mortui</strong></span> <span class='ocrx_word' id='word_1_404' title='bbox 1388 4242 1469 4298; x_wconf 88' lang='lat' dir='ltr'><strong>sic</strong></span> <span class='ocrx_word' id='word_1_405' title='bbox 1498 4245 1557 4298; x_wconf 85' lang='lat' dir='ltr'><strong>et</strong></span> <span class='ocrx_word' id='word_1_406' title='bbox 1583 4260 1793 4300; x_wconf 88' lang='lat' dir='ltr'><strong>uacuus</strong></span> <span class='ocrx_word' id='word_1_407' title='bbox 1831 4241 1996 4297; x_wconf 88' lang='lat' dir='ltr'><strong>uacui</strong></span> <span class='ocrx_word' id='word_1_408' title='bbox 2023 4241 2315 4296; x_wconf 79' lang='lat' dir='ltr'><strong>strennuus</strong></span> <span class='ocrx_word' id='word_1_409' title='bbox 2353 4240 2602 4296; x_wconf 87' lang='lat' dir='ltr'><strong>strennui</strong></span> <span class='ocrx_word' id='word_1_410' title='bbox 2641 4240 2689 4294; x_wconf 81' lang='lat' dir='ltr'><em>O</em></span> <span class='ocrx_word' id='word_1_411' title='bbox 2830 4245 2893 4294; x_wconf 83' lang='lat'><strong>16</strong></span> <span class='ocrx_word' id='word_1_412' title='bbox 2931 4236 3204 4305; x_wconf 81' lang='lat' dir='ltr'><strong>reliquiae</strong></span> 
     </span>
     <span class='ocr_line' id='line_1_42' title="bbox 584 4307 3203 4394; baseline -0.004 -12"><span class='ocrx_word' id='word_1_413' title='bbox 584 4326 677 4382; x_wconf 91' lang='lat' dir='ltr'><strong>uel</strong></span> <span class='ocrx_word' id='word_1_414' title='bbox 723 4322 992 4394; x_wconf 83' lang='lat' dir='ltr'><strong>exequiae</strong></span> <span class='ocrx_word' id='word_1_415' title='bbox 1040 4322 1094 4375; x_wconf 91' lang='lat' dir='ltr'><strong><em>A</em></strong></span> <span class='ocrx_word' id='word_1_416' title='bbox 1147 4319 1423 4392; x_wconf 81' lang='lat' dir='ltr'><strong>reliquiae</strong></span> <span class='ocrx_word' id='word_1_417' title='bbox 1468 4324 1563 4378; x_wconf 88' lang='lat' dir='ltr'><strong>uel</strong></span> <span class='ocrx_word' id='word_1_418' title='bbox 1609 4324 1911 4394; x_wconf 85' lang='lat' dir='ltr'><strong>exaequiae</strong></span> <span class='ocrx_word' id='word_1_419' title='bbox 1958 4321 2014 4374; x_wconf 92' lang='lat' dir='ltr'><em>B</em></span> <span class='ocrx_word' id='word_1_420' title='bbox 2074 4319 2347 4390; x_wconf 77' lang='lat' dir='ltr'><strong>reliquiae</strong></span> <span class='ocrx_word' id='word_1_421' title='bbox 2391 4320 2484 4376; x_wconf 90' lang='lat' dir='ltr'><strong>uel</strong></span> <span class='ocrx_word' id='word_1_422' title='bbox 2530 4336 2778 4394; x_wconf 71' lang='lat' dir='ltr'><strong>exequae</strong></span> <span class='ocrx_word' id='word_1_423' title='bbox 2823 4319 2872 4374; x_wconf 82' lang='lat'><em>0</em></span> <span class='ocrx_word' id='word_1_424' title='bbox 2930 4307 3203 4387; x_wconf 81' lang='lat' dir='ltr'><strong>reliquiae</strong></span> 
     </span>
     <span class='ocr_line' id='line_1_43' title="bbox 583 4399 3202 4475; baseline -0.004 -13"><span class='ocrx_word' id='word_1_425' title='bbox 583 4406 742 4462; x_wconf 86' lang='lat' dir='ltr'><strong>uelut</strong></span> <span class='ocrx_word' id='word_1_426' title='bbox 780 4402 1077 4474; x_wconf 80' lang='lat' dir='ltr'><strong>exsequiae</strong></span> <span class='ocrx_word' id='word_1_427' title='bbox 1118 4402 1329 4458; x_wconf 84' lang='lat' dir='ltr'><strong>Carrio.</strong></span> <span class='ocrx_word' id='word_1_428' title='bbox 1389 4404 1683 4475; x_wconf 86' lang='lat' dir='ltr'><strong>exequiae,</strong></span> <span class='ocrx_word' id='word_1_429' title='bbox 1723 4421 1834 4460; x_wconf 90' lang='lat' dir='ltr'><strong>non</strong></span> <span class='ocrx_word' id='word_1_430' title='bbox 1873 4399 2094 4458; x_wconf 72' lang='lat' dir='ltr'><strong>ezeciae</strong></span> <span class='ocrx_word' id='word_1_431' title='bbox 2133 4399 2300 4454; x_wconf 86' lang='lat' dir='ltr'><strong>Prob.</strong></span> <span class='ocrx_word' id='word_1_432' title='bbox 2339 4417 2468 4471; x_wconf 81' lang='lat' dir='ltr'><strong>app.</strong></span> <span class='ocrx_word' id='word_1_433' title='bbox 2499 4418 2560 4470; x_wconf 80' lang='lat' dir='ltr'><strong>p.</strong></span> <span class='ocrx_word' id='word_1_434' title='bbox 2598 4405 2725 4468; x_wconf 83' lang='lat'><strong>197,</strong></span> <span class='ocrx_word' id='word_1_435' title='bbox 2762 4404 2841 4455; x_wconf 82' lang='lat'><strong>27</strong></span> <span class='ocrx_word' id='word_1_436' title='bbox 2987 4403 3053 4452; x_wconf 86' lang='lat'><strong>18</strong></span> <span class='ocrx_word' id='word_1_437' title='bbox 3090 4413 3202 4451; x_wconf 91' lang='lat' dir='ltr'><strong>non</strong></span> 
     </span>
     <span class='ocr_line' id='line_1_44' title="bbox 587 4476 3206 4556; baseline -0.005 -13"><span class='ocrx_word' id='word_1_438' title='bbox 587 4493 713 4543; x_wconf 76' lang='lat' dir='ltr'><strong>ante</strong></span> <span class='ocrx_word' id='word_1_439' title='bbox 759 4503 860 4556; x_wconf 90' lang='lat' dir='ltr'><strong>per</strong></span> <span class='ocrx_word' id='word_1_440' title='bbox 893 4501 995 4541; x_wconf 83' lang='lat' dir='ltr'><strong>om.</strong></span> <span class='ocrx_word' id='word_1_441' title='bbox 1034 4483 1081 4538; x_wconf 80' lang='lat' dir='ltr'><strong><em>G</em></strong></span> <span class='ocrx_word' id='word_1_442' title='bbox 1258 4485 1409 4553; x_wconf 89' lang='lat' dir='ltr'><strong>quod</strong></span> <span class='ocrx_word' id='word_1_443' title='bbox 1453 4501 1565 4540; x_wconf 91' lang='lat' dir='ltr'><strong>non</strong></span> <span class='ocrx_word' id='word_1_444' title='bbox 1602 4503 1638 4540; x_wconf 90' lang='lat' dir='ltr'><strong>a</strong></span> <span class='ocrx_word' id='word_1_445' title='bbox 1673 4482 1925 4554; x_wconf 89' lang='lat' dir='ltr'><strong>qnotidie</strong></span> <span class='ocrx_word' id='word_1_446' title='bbox 1964 4481 2013 4536; x_wconf 82' lang='lat'><em>0</em></span> <span class='ocrx_word' id='word_1_447' title='bbox 2045 4495 2189 4550; x_wconf 85' lang='lat' dir='ltr'><strong>quae</strong></span> <span class='ocrx_word' id='word_1_448' title='bbox 2227 4495 2340 4534; x_wconf 87' lang='lat' dir='ltr'><strong>non</strong></span> <span class='ocrx_word' id='word_1_449' title='bbox 2375 4496 2410 4533; x_wconf 88' lang='lat' dir='ltr'><strong>a</strong></span> <span class='ocrx_word' id='word_1_450' title='bbox 2446 4480 2700 4549; x_wconf 87' lang='lat' dir='ltr'><strong>quotidie</strong></span> <span class='ocrx_word' id='word_1_451' title='bbox 2735 4480 2791 4533; x_wconf 92' lang='lat' dir='ltr'><strong><em>B</em></strong></span> <span class='ocrx_word' id='word_1_452' title='bbox 2833 4476 2982 4549; x_wconf 85' lang='lat' dir='ltr'><strong>quod</strong></span> <span class='ocrx_word' id='word_1_453' title='bbox 3020 4493 3132 4530; x_wconf 89' lang='lat' dir='ltr'><strong>non</strong></span> <span class='ocrx_word' id='word_1_454' title='bbox 3169 4492 3206 4530; x_wconf 88' lang='lat' dir='ltr'><strong>a</strong></span> 
     </span>
     <span class='ocr_line' id='line_1_45' title="bbox 587 4558 3205 4636; baseline -0.004 -14"><span class='ocrx_word' id='word_1_455' title='bbox 587 4570 727 4636; x_wconf 89' lang='lat' dir='ltr'><strong>quot</strong></span> <span class='ocrx_word' id='word_1_456' title='bbox 773 4566 969 4621; x_wconf 84' lang='lat' dir='ltr'><strong>diebus</strong></span> <span class='ocrx_word' id='word_1_457' title='bbox 1016 4565 1070 4618; x_wconf 92' lang='lat' dir='ltr'><strong><em>A</em></strong></span> <span class='ocrx_word' id='word_1_458' title='bbox 1118 4562 1383 4633; x_wconf 87' lang='lat' dir='ltr'><strong>quoniam</strong></span> <span class='ocrx_word' id='word_1_459' title='bbox 1428 4581 1543 4618; x_wconf 88' lang='lat' dir='ltr'><strong>non</strong></span> <span class='ocrx_word' id='word_1_460' title='bbox 1587 4581 1622 4618; x_wconf 87' lang='lat' dir='ltr'><strong>a</strong></span> <span class='ocrx_word' id='word_1_461' title='bbox 1673 4565 1850 4633; x_wconf 81' lang='lat' dir='ltr'><strong>quota</strong></span> <span class='ocrx_word' id='word_1_462' title='bbox 1895 4562 1987 4617; x_wconf 91' lang='lat' dir='ltr'><strong>die</strong></span> <span class='ocrx_word' id='word_1_463' title='bbox 2029 4561 2183 4628; x_wconf 60' lang='lat' dir='ltr'><strong>Par„</strong></span> <span class='ocrx_word' id='word_1_464' title='bbox 2229 4560 2363 4630; x_wconf 88' lang='lat' dir='ltr'><strong>quia</strong></span> <span class='ocrx_word' id='word_1_465' title='bbox 2409 4577 2522 4615; x_wconf 88' lang='lat' dir='ltr'><strong>non</strong></span> <span class='ocrx_word' id='word_1_466' title='bbox 2565 4578 2602 4616; x_wconf 87' lang='lat' dir='ltr'><strong>a</strong></span> <span class='ocrx_word' id='word_1_467' title='bbox 2637 4562 2811 4629; x_wconf 87' lang='lat' dir='ltr'><strong>quoto</strong></span> <span class='ocrx_word' id='word_1_468' title='bbox 2860 4558 2953 4612; x_wconf 90' lang='lat' dir='ltr'><strong>die</strong></span> <span class='ocrx_word' id='word_1_469' title='bbox 2989 4573 3038 4616; x_wconf 84' lang='grc' dir='ltr'><strong>ς.</strong></span> <span class='ocrx_word' id='word_1_470' title='bbox 3092 4573 3205 4612; x_wconf 89' lang='lat' dir='ltr'><strong>non</strong></span> 
     </span>
     <span class='ocr_line' id='line_1_46' title="bbox 587 4633 3206 4715; baseline -0.003 -14"><span class='ocrx_word' id='word_1_471' title='bbox 587 4647 733 4701; x_wconf 87' lang='lat' dir='ltr'><strong>enirn</strong></span> <span class='ocrx_word' id='word_1_472' title='bbox 780 4648 870 4701; x_wconf 86' lang='lat' dir='ltr'><strong>est</strong></span> <span class='ocrx_word' id='word_1_473' title='bbox 915 4663 950 4700; x_wconf 86' lang='lat' dir='ltr'><strong>a</strong></span> <span class='ocrx_word' id='word_1_474' title='bbox 1003 4648 1177 4715; x_wconf 87' lang='lat' dir='ltr'><strong>quoto</strong></span> <span class='ocrx_word' id='word_1_475' title='bbox 1225 4645 1316 4700; x_wconf 90' lang='lat' dir='ltr'><strong>die</strong></span> <span class='ocrx_word' id='word_1_476' title='bbox 1363 4647 1420 4714; x_wconf 86' lang='lat' dir='ltr'><strong>(a</strong></span> <span class='ocrx_word' id='word_1_477' title='bbox 1463 4642 1714 4714; x_wconf 87' lang='lat' dir='ltr'><strong>quotidie</strong></span> <span class='ocrx_word' id='word_1_478' title='bbox 1762 4643 1902 4713; x_wconf 85' lang='lat' dir='ltr'><strong>cod.)</strong></span> <span class='ocrx_word' id='word_1_479' title='bbox 1946 4639 2198 4712; x_wconf 90' lang='lat' dir='ltr'><strong>quotidie</strong></span> <span class='ocrx_word' id='word_1_480' title='bbox 2243 4639 2482 4709; x_wconf 90' lang='lat' dir='ltr'><strong>dictum,</strong></span> <span class='ocrx_word' id='word_1_481' title='bbox 2534 4639 2630 4694; x_wconf 89' lang='lat' dir='ltr'><strong>sed</strong></span> <span class='ocrx_word' id='word_1_482' title='bbox 2678 4655 2713 4694; x_wconf 81' lang='lat' dir='ltr'><strong>a</strong></span> <span class='ocrx_word' id='word_1_483' title='bbox 2758 4633 3067 4692; x_wconf 84' lang='lat' dir='ltr'><strong>continenti</strong></span> <span class='ocrx_word' id='word_1_484' title='bbox 3114 4636 3206 4692; x_wconf 90' lang='lat' dir='ltr'><strong>die</strong></span> 
     </span>
     <span class='ocr_line' id='line_1_47' title="bbox 588 4716 3207 4802; baseline -0.004 -21"><span class='ocrx_word' id='word_1_485' title='bbox 588 4725 796 4781; x_wconf 86' lang='lat' dir='ltr'><strong>cotidie</strong></span> <span class='ocrx_word' id='word_1_486' title='bbox 833 4728 1078 4781; x_wconf 84' lang='lat' dir='ltr'><strong>tractum</strong></span> <span class='ocrx_word' id='word_1_487' title='bbox 1127 4726 1312 4781; x_wconf 73' lang='lat' dir='ltr'><strong>Velius</strong></span> <span class='ocrx_word' id='word_1_488' title='bbox 1347 4724 1597 4802; x_wconf 74' lang='lat' dir='ltr'><strong>Lpnyus,</strong></span> <span class='ocrx_word' id='word_1_489' title='bbox 1650 4722 1831 4776; x_wconf 87' lang='lat' dir='ltr'><strong>scient</strong></span> <span class='ocrx_word' id='word_1_490' title='bbox 1867 4719 2118 4791; x_wconf 88' lang='lat' dir='ltr'><strong>quotidie</strong></span> <span class='ocrx_word' id='word_1_491' title='bbox 2155 4722 2400 4774; x_wconf 85' lang='lat' dir='ltr'><strong>tractum</strong></span> <span class='ocrx_word' id='word_1_492' title='bbox 2437 4736 2557 4774; x_wconf 87' lang='lat' dir='ltr'><strong>esse</strong></span> <span class='ocrx_word' id='word_1_493' title='bbox 2594 4736 2630 4774; x_wconf 86' lang='lat' dir='ltr'><strong>a</strong></span> <span class='ocrx_word' id='word_1_494' title='bbox 2665 4720 2805 4786; x_wconf 83' lang='lat' dir='ltr'><strong>quot</strong></span> <span class='ocrx_word' id='word_1_495' title='bbox 2839 4716 3062 4786; x_wconf 85' lang='lat' dir='ltr'><strong>diebus,</strong></span> <span class='ocrx_word' id='word_1_496' title='bbox 3096 4717 3207 4772; x_wconf 91' lang='lat' dir='ltr'><strong>hoc</strong></span> 
     </span>
     <span class='ocr_line' id='line_1_48' title="bbox 592 4795 3062 4872; baseline -0.003 -12"><span class='ocrx_word' id='word_1_497' title='bbox 592 4807 676 4860; x_wconf 84' lang='lat' dir='ltr'><strong>est</strong></span> <span class='ocrx_word' id='word_1_498' title='bbox 713 4804 970 4860; x_wconf 86' lang='lat' dir='ltr'><strong>omnibus</strong></span> <span class='ocrx_word' id='word_1_499' title='bbox 1008 4804 1202 4861; x_wconf 87' lang='lat' dir='ltr'><strong>diebus</strong></span> <span class='ocrx_word' id='word_1_500' title='bbox 1239 4808 1491 4872; x_wconf 66' lang='lat' dir='ltr'><strong>exem-pta</strong></span> <span class='ocrx_word' id='word_1_501' title='bbox 1530 4801 1762 4857; x_wconf 77' lang='lat' dir='ltr'><strong>Cornuti</strong></span> <span class='ocrx_word' id='word_1_502' title='bbox 1918 4805 1987 4853; x_wconf 85' lang='lat'><strong>20</strong></span> <span class='ocrx_word' id='word_1_503' title='bbox 2024 4797 2248 4867; x_wconf 90' lang='lat' dir='ltr'><strong>quando</strong></span> <span class='ocrx_word' id='word_1_504' title='bbox 2285 4799 2340 4852; x_wconf 98' lang='lat' dir='ltr'><strong><em>A</em></strong></span> <span class='ocrx_word' id='word_1_505' title='bbox 2378 4804 2491 4868; x_wconf 72' lang='lat' dir='ltr'><strong>qiiB</strong></span> <span class='ocrx_word' id='word_1_506' title='bbox 2528 4800 2584 4853; x_wconf 91' lang='lat' dir='ltr'><strong><em>B</em></strong></span> <span class='ocrx_word' id='word_1_507' title='bbox 2622 4801 2718 4868; x_wconf 74' lang='lat' dir='ltr'><strong>qffi</strong></span> <span class='ocrx_word' id='word_1_508' title='bbox 2760 4798 2807 4852; x_wconf 82' lang='lat' dir='ltr'><em>G</em></span> <span class='ocrx_word' id='word_1_509' title='bbox 2839 4795 2991 4867; x_wconf 87' lang='lat' dir='ltr'><strong>quod</strong></span> <span class='ocrx_word' id='word_1_510' title='bbox 3027 4810 3062 4852; x_wconf 81' lang='grc' dir='ltr'><strong><em>ς</em></strong></span> 
     </span>
     <span class='ocr_line' id='line_1_49' title="bbox 586 4877 3066 4955; baseline -0.004 -15"><span class='ocrx_word' id='word_1_511' title='bbox 586 4886 623 4940; x_wconf 85' lang='lat' dir='ltr'><strong>d</strong></span> <span class='ocrx_word' id='word_1_512' title='bbox 651 4885 842 4939; x_wconf 80' lang='lat' dir='ltr'><strong>littera</strong></span> <span class='ocrx_word' id='word_1_513' title='bbox 868 4883 1220 4955; x_wconf 87' lang='lat' dir='ltr'><strong>terminatur]</strong></span> <span class='ocrx_word' id='word_1_514' title='bbox 1261 4901 1359 4953; x_wconf 90' lang='lat' dir='ltr'><strong>per</strong></span> <span class='ocrx_word' id='word_1_515' title='bbox 1387 4885 1420 4937; x_wconf 92' lang='lat' dir='ltr'><strong>d</strong></span> <span class='ocrx_word' id='word_1_516' title='bbox 1460 4883 1652 4938; x_wconf 83' lang='lat' dir='ltr'><strong>littera</strong></span> <span class='ocrx_word' id='word_1_517' title='bbox 1680 4879 1939 4937; x_wconf 87' lang='lat' dir='ltr'><strong>scribitur</strong></span> <span class='ocrx_word' id='word_1_518' title='bbox 1977 4877 2025 4932; x_wconf 77' lang='grc' dir='ltr'><em>Ο</em></span> <span class='ocrx_word' id='word_1_519' title='bbox 2162 4886 2228 4934; x_wconf 79' lang='lat'><strong>21</strong></span> <span class='ocrx_word' id='word_1_520' title='bbox 2269 4879 2494 4948; x_wconf 86' lang='lat' dir='ltr'><strong>quando</strong></span> <span class='ocrx_word' id='word_1_521' title='bbox 2525 4880 2621 4937; x_wconf 82' lang='grc' dir='ltr'><strong>ςΑ</strong></span> <span class='ocrx_word' id='word_1_522' title='bbox 2660 4883 2770 4948; x_wconf 76' lang='grc' dir='ltr'><strong>(Ῑίῑό</strong></span> <span class='ocrx_word' id='word_1_523' title='bbox 2800 4878 2852 4931; x_wconf 92' lang='grc' dir='ltr'><strong><em>Β</em></strong></span> <span class='ocrx_word' id='word_1_524' title='bbox 2891 4883 2986 4948; x_wconf 74' lang='lat' dir='ltr'><strong>qffi</strong></span> <span class='ocrx_word' id='word_1_525' title='bbox 3017 4877 3066 4930; x_wconf 80' lang='lat'><em>0</em></span> 
     </span>
    </p>
   </div>
  </div>
 </body>
</html>
