<?xml version="1.0" encoding="UTF-8"?>
<!DOCTYPE html PUBLIC "-//W3C//DTD XHTML 1.0 Transitional//EN"
    "http://www.w3.org/TR/xhtml1/DTD/xhtml1-transitional.dtd">
<html xmlns="http://www.w3.org/1999/xhtml" xml:lang="en" lang="en">
 <head>
  <title>
</title>
<meta http-equiv="Content-Type" content="text/html;charset=utf-8" />
  <meta name='ocr-system' content='tesseract 3.04.00' />
  <meta name='ocr-capabilities' content='ocr_page ocr_carea ocr_par ocr_line ocrx_word'/>
</head>
<body>
  <div class='ocr_page' id='page_1' title='image "./grammaticilatin09keilgoog_0469.png"; bbox 0 0 3613 5528; ppageno 0'>
   <div class='ocr_carea' id='block_1_1' title="bbox 371 473 2971 629">
    <p class='ocr_par' dir='ltr' id='par_1_1' title="bbox 371 473 2971 629">
     <span class='ocr_line' id='line_1_1' title="bbox 1215 473 2971 543; baseline 0.006 -12"><span class='ocrx_word' id='word_1_1' title='bbox 1215 473 1564 533; x_wconf 83' lang='lat' dir='ltr'>EXEMPLA</span> <span class='ocrx_word' id='word_1_2' title='bbox 1603 475 2133 534; x_wconf 85' lang='lat' dir='ltr'><strong>ELOCVTIONVM</strong></span> <span class='ocrx_word' id='word_1_3' title='bbox 2840 477 2971 543; x_wconf 84' lang='lat'><strong>459</strong></span> 
     </span>
     <span class='ocr_line' id='line_1_2' title="bbox 371 573 1211 629; baseline -0.001 -11"><span class='ocrx_word' id='word_1_4' title='bbox 371 593 415 629; x_wconf 75' lang='lat' dir='ltr'><strong>p.</strong></span> <span class='ocrx_word' id='word_1_5' title='bbox 443 578 536 617; x_wconf 79' lang='lat'>218.</span> <span class='ocrx_word' id='word_1_6' title='bbox 564 578 643 618; x_wconf 73' lang='lat'><strong>819</strong></span> <span class='ocrx_word' id='word_1_7' title='bbox 672 577 725 617; x_wconf 80' lang='lat' dir='ltr'><strong>L.</strong></span> <span class='ocrx_word' id='word_1_8' title='bbox 1207 573 1211 578; x_wconf 83' lang='grc'><em>·</em></span> 
     </span>
    </p>
   </div>
   <div class='ocr_carea' id='block_1_2' title="bbox 320 661 2979 1600">
    <p class='ocr_par' dir='ltr' id='par_1_2' title="bbox 373 661 2977 1065">
     <span class='ocr_line' id='line_1_3' title="bbox 551 661 2974 744; baseline 0 -21"><span class='ocrx_word' id='word_1_9' title='bbox 551 661 726 723; x_wconf 90' lang='lat' dir='ltr'><strong>Certo</strong></span> <span class='ocrx_word' id='word_1_10' title='bbox 775 671 978 724; x_wconf 87' lang='lat' dir='ltr'><strong>contra</strong></span> <span class='ocrx_word' id='word_1_11' title='bbox 1027 673 1114 744; x_wconf 89' lang='lat' dir='ltr'><strong>te,</strong></span> <span class='ocrx_word' id='word_1_12' title='bbox 1163 662 1275 724; x_wconf 92' lang='lat' dir='ltr'><strong>Sal.</strong></span> <span class='ocrx_word' id='word_1_13' title='bbox 1324 662 1487 724; x_wconf 87' lang='lat' dir='ltr'><strong>Catil.</strong></span> <span class='ocrx_word' id='word_1_14' title='bbox 1536 663 1741 738; x_wconf 84' lang='lat'><em>(59‚5)</em></span> <span class='ocrx_word' id='word_1_15' title='bbox 1790 671 2041 725; x_wconf 87' lang='lat' dir='ltr'><strong>contra</strong></span> <span class='ocrx_word' id='word_1_16' title='bbox 2097 662 2425 725; x_wconf 90' lang='lat' dir='ltr'><strong>latrones</strong></span> <span class='ocrx_word' id='word_1_17' title='bbox 2479 665 2791 725; x_wconf 89' lang='lat' dir='ltr'><strong>inermes</strong></span> <span class='ocrx_word' id='word_1_18' title='bbox 2845 682 2974 742; x_wconf 90' lang='lat' dir='ltr'><strong>pro</strong></span> 
     </span>
     <span class='ocr_line' id='line_1_4' title="bbox 373 769 2977 850; baseline 0 -20"><span class='ocrx_word' id='word_1_19' title='bbox 373 771 602 848; x_wconf 90' lang='lat' dir='ltr'><strong>patria</strong></span> <span class='ocrx_word' id='word_1_20' title='bbox 675 778 962 831; x_wconf 88' lang='lat' dir='ltr'><strong>certare</strong></span> <span class='ocrx_word' id='word_1_21' title='bbox 1038 818 1050 830; x_wconf 92' lang='lat'>.</span> <span class='ocrx_word' id='word_1_22' title='bbox 1126 778 1290 831; x_wconf 89' lang='lat' dir='ltr'><strong>certo</strong></span> <span class='ocrx_word' id='word_1_23' title='bbox 1363 769 1498 844; x_wconf 87' lang='lat' dir='ltr'><strong>tibi,</strong></span> <span class='ocrx_word' id='word_1_24' title='bbox 1573 770 1741 850; x_wconf 83' lang='lat' dir='ltr'><strong>Verg.</strong></span> <span class='ocrx_word' id='word_1_25' title='bbox 1817 769 1949 831; x_wconf 89' lang='lat' dir='ltr'><strong>buc.</strong></span> <span class='ocrx_word' id='word_1_26' title='bbox 2025 771 2183 846; x_wconf 82' lang='grc'><em>(5,8)</em></span> <span class='ocrx_word' id='word_1_27' title='bbox 2267 770 2463 832; x_wconf 90' lang='lat' dir='ltr'><strong>solus</strong></span> <span class='ocrx_word' id='word_1_28' title='bbox 2535 771 2668 831; x_wconf 91' lang='lat' dir='ltr'><strong>tibi</strong></span> <span class='ocrx_word' id='word_1_29' title='bbox 2743 779 2977 831; x_wconf 89' lang='lat' dir='ltr'><strong>certet</strong></span> 
     </span>
     <span class='ocr_line' id='line_1_5' title="bbox 374 876 2976 959; baseline 0.001 -24"><span class='ocrx_word' id='word_1_30' title='bbox 374 878 705 956; x_wconf 78' lang='lat' dir='ltr'><strong>Amyntas</strong></span> <span class='ocrx_word' id='word_1_31' title='bbox 760 925 772 938; x_wconf 92' lang='lat'><strong>.</strong></span> <span class='ocrx_word' id='word_1_32' title='bbox 829 886 994 938; x_wconf 85' lang='lat' dir='ltr'><strong>certo</strong></span> <span class='ocrx_word' id='word_1_33' title='bbox 1060 895 1195 937; x_wconf 90' lang='lat' dir='ltr'><strong>cum</strong></span> <span class='ocrx_word' id='word_1_34' title='bbox 1261 878 1384 959; x_wconf 85' lang='lat' dir='ltr'><strong>his,</strong></span> <span class='ocrx_word' id='word_1_35' title='bbox 1452 877 1563 938; x_wconf 93' lang='lat' dir='ltr'><strong>Sal.</strong></span> <span class='ocrx_word' id='word_1_36' title='bbox 1631 877 1756 957; x_wconf 86' lang='lat' dir='ltr'><strong>Ing.</strong></span> <span class='ocrx_word' id='word_1_37' title='bbox 1823 877 1983 953; x_wconf 81' lang='lat'><em>(6,1)</em></span> <span class='ocrx_word' id='word_1_38' title='bbox 2049 896 2265 939; x_wconf 91' lang='lat' dir='ltr'><strong>cursu</strong></span> <span class='ocrx_word' id='word_1_39' title='bbox 2331 896 2484 939; x_wconf 91' lang='lat' dir='ltr'><strong>cum</strong></span> <span class='ocrx_word' id='word_1_40' title='bbox 2552 876 2976 957; x_wconf 82' lang='lat' dir='ltr'>aequalibus</span> 
     </span>
     <span class='ocr_line' id='line_1_6' title="bbox 374 982 2975 1065; baseline 0.001 -22"><span class='ocrx_word' id='word_1_41' title='bbox 374 991 655 1045; x_wconf 90' lang='lat' dir='ltr'><strong>certare</strong></span> <span class='ocrx_word' id='word_1_42' title='bbox 705 1032 718 1044; x_wconf 91' lang='lat'><em>.</em></span> <span class='ocrx_word' id='word_1_43' title='bbox 766 993 1063 1045; x_wconf 79' lang='lat' dir='ltr'><strong>certamus</strong></span> <span class='ocrx_word' id='word_1_44' title='bbox 1109 986 1266 1045; x_wconf 90' lang='lat' dir='ltr'><strong>inter</strong></span> <span class='ocrx_word' id='word_1_45' title='bbox 1312 1003 1448 1065; x_wconf 89' lang='lat' dir='ltr'><strong>nos,</strong></span> <span class='ocrx_word' id='word_1_46' title='bbox 1505 985 1662 1045; x_wconf 88' lang='lat' dir='ltr'><strong>idem</strong></span> <span class='ocrx_word' id='word_1_47' title='bbox 1710 982 1833 1063; x_wconf 85' lang='lat' dir='ltr'><strong>lug.</strong></span> <span class='ocrx_word' id='word_1_48' title='bbox 1882 985 2081 1060; x_wconf 80' lang='lat'><em>(52,1)</em></span> <span class='ocrx_word' id='word_1_49' title='bbox 2129 987 2322 1047; x_wconf 90' lang='lat' dir='ltr'><strong>inter</strong></span> <span class='ocrx_word' id='word_1_50' title='bbox 2368 1004 2441 1046; x_wconf 89' lang='lat' dir='ltr'><strong>se</strong></span> <span class='ocrx_word' id='word_1_51' title='bbox 2489 985 2624 1047; x_wconf 88' lang='lat' dir='ltr'><strong>duo</strong></span> <span class='ocrx_word' id='word_1_52' title='bbox 2673 987 2975 1065; x_wconf 84' lang='lat' dir='ltr'><strong>impera-</strong></span> 
     </span>
    </p>

    <p class='ocr_par' dir='ltr' id='par_1_3' title="bbox 320 1088 1552 1172">
     <span class='ocr_line' id='line_1_7' title="bbox 320 1088 1552 1172; baseline 0.002 -23"><span class='ocrx_word' id='word_1_53' title='bbox 320 1097 598 1172; x_wconf 78' lang='lat' dir='ltr'><strong>6tore3‚</strong></span> <span class='ocrx_word' id='word_1_54' title='bbox 646 1093 899 1152; x_wconf 88' lang='lat' dir='ltr'><strong>summi</strong></span> <span class='ocrx_word' id='word_1_55' title='bbox 944 1093 1108 1171; x_wconf 85' lang='lat' dir='ltr'><strong>viri,</strong></span> <span class='ocrx_word' id='word_1_56' title='bbox 1154 1088 1552 1151; x_wconf 81' lang='lat' dir='ltr'><strong>certabant.</strong></span> 
     </span>
    </p>

    <p class='ocr_par' dir='ltr' id='par_1_4' title="bbox 376 1197 2978 1474">
     <span class='ocr_line' id='line_1_8' title="bbox 551 1197 2978 1279; baseline 0 -21"><span class='ocrx_word' id='word_1_57' title='bbox 551 1197 856 1258; x_wconf 83' lang='lat' dir='ltr'>Contendo</span> <span class='ocrx_word' id='word_1_58' title='bbox 886 1207 1110 1278; x_wconf 87' lang='lat' dir='ltr'><strong>tecum,</strong></span> <span class='ocrx_word' id='word_1_59' title='bbox 1140 1197 1252 1258; x_wconf 84' lang='lat' dir='ltr'><strong>Sal.</strong></span> <span class='ocrx_word' id='word_1_60' title='bbox 1282 1198 1446 1258; x_wconf 84' lang='lat' dir='ltr'><strong>Catil.</strong></span> <span class='ocrx_word' id='word_1_61' title='bbox 1478 1199 1681 1274; x_wconf 82' lang='lat'><em>(53,3)</em></span> <span class='ocrx_word' id='word_1_62' title='bbox 1711 1216 1867 1259; x_wconf 89' lang='lat' dir='ltr'><strong>cum</strong></span> <span class='ocrx_word' id='word_1_63' title='bbox 1908 1201 2178 1278; x_wconf 84' lang='lat' dir='ltr'><strong>magnis</strong></span> <span class='ocrx_word' id='word_1_64' title='bbox 2216 1198 2627 1279; x_wconf 82' lang='lat' dir='ltr'><strong>legionibus</strong></span> <span class='ocrx_word' id='word_1_65' title='bbox 2665 1199 2978 1261; x_wconf 87' lang='lat' dir='ltr'><strong>hostium</strong></span> 
     </span>
     <span class='ocr_line' id='line_1_9' title="bbox 376 1303 2977 1386; baseline 0 -21"><span class='ocrx_word' id='word_1_66' title='bbox 376 1305 848 1367; x_wconf 79' lang='lat' dir='ltr'><strong>contendisse</strong></span> <span class='ocrx_word' id='word_1_67' title='bbox 914 1354 928 1366; x_wconf 91' lang='lat'><em>.</em></span> <span class='ocrx_word' id='word_1_68' title='bbox 994 1304 1289 1366; x_wconf 91' lang='lat' dir='ltr'><strong>contendo</strong></span> <span class='ocrx_word' id='word_1_69' title='bbox 1353 1303 1490 1386; x_wconf 85' lang='lat' dir='ltr'><strong>tihi,</strong></span> <span class='ocrx_word' id='word_1_70' title='bbox 1554 1303 1724 1384; x_wconf 84' lang='lat' dir='ltr'><strong>Verg.</strong></span> <span class='ocrx_word' id='word_1_71' title='bbox 1781 1323 1941 1384; x_wconf 86' lang='lat' dir='ltr'><strong>geor.</strong></span> <span class='ocrx_word' id='word_1_72' title='bbox 2001 1304 2053 1365; x_wconf 92' lang='grc' dir='ltr'>Π</span> <span class='ocrx_word' id='word_1_73' title='bbox 2109 1306 2254 1379; x_wconf 89' lang='grc'><em>(96)</em></span> <span class='ocrx_word' id='word_1_74' title='bbox 2321 1325 2448 1367; x_wconf 87' lang='lat' dir='ltr'><strong>nec</strong></span> <span class='ocrx_word' id='word_1_75' title='bbox 2523 1306 2733 1367; x_wconf 91' lang='lat' dir='ltr'><strong>cellis</strong></span> <span class='ocrx_word' id='word_1_76' title='bbox 2806 1305 2977 1367; x_wconf 88' lang='lat' dir='ltr'><strong>adeo</strong></span> 
     </span>
     <span class='ocr_line' id='line_1_10' title="bbox 376 1411 1129 1474; baseline 0 -1"><span class='ocrx_word' id='word_1_77' title='bbox 376 1412 735 1474; x_wconf 80' lang='lat' dir='ltr'><strong>contende</strong></span> <span class='ocrx_word' id='word_1_78' title='bbox 783 1411 1129 1473; x_wconf 88' lang='lat' dir='ltr'><strong>Falernis.</strong></span> 
     </span>
    </p>

    <p class='ocr_par' dir='ltr' id='par_1_5' title="bbox 555 1517 2979 1600">
     <span class='ocr_line' id='line_1_11' title="bbox 555 1517 2979 1600; baseline 0 -20"><span class='ocrx_word' id='word_1_79' title='bbox 555 1518 866 1582; x_wconf 83' lang='lat' dir='ltr'><strong>Certamen</strong></span> <span class='ocrx_word' id='word_1_80' title='bbox 914 1520 995 1580; x_wconf 91' lang='lat' dir='ltr'><strong>illi</strong></span> <span class='ocrx_word' id='word_1_81' title='bbox 1043 1538 1179 1581; x_wconf 90' lang='lat' dir='ltr'><strong>cum</strong></span> <span class='ocrx_word' id='word_1_82' title='bbox 1226 1518 1324 1579; x_wconf 91' lang='lat' dir='ltr'><strong>illo</strong></span> <span class='ocrx_word' id='word_1_83' title='bbox 1373 1527 1490 1600; x_wconf 87' lang='lat' dir='ltr'><strong>est,</strong></span> <span class='ocrx_word' id='word_1_84' title='bbox 1537 1519 1656 1581; x_wconf 87' lang='lat' dir='ltr'><strong>Cic.</strong></span> <span class='ocrx_word' id='word_1_85' title='bbox 1704 1537 1815 1600; x_wconf 88' lang='lat' dir='ltr'><strong>pro</strong></span> <span class='ocrx_word' id='word_1_86' title='bbox 1862 1518 1994 1580; x_wconf 90' lang='lat' dir='ltr'><strong>Cor.</strong></span> <span class='ocrx_word' id='word_1_87' title='bbox 2035 1518 2060 1578; x_wconf 91' lang='grc' dir='ltr'>Ι</span> <span class='ocrx_word' id='word_1_88' title='bbox 2108 1520 2276 1599; x_wconf 89' lang='lat' dir='ltr'><strong>quid</strong></span> <span class='ocrx_word' id='word_1_89' title='bbox 2325 1517 2556 1581; x_wconf 81' lang='lat' dir='ltr'><strong>enim?</strong></span> <span class='ocrx_word' id='word_1_90' title='bbox 2601 1520 2777 1580; x_wconf 91' lang='lat' dir='ltr'><strong>mihi</strong></span> <span class='ocrx_word' id='word_1_91' title='bbox 2824 1538 2979 1581; x_wconf 89' lang='lat' dir='ltr'><strong>cer·</strong></span> 
     </span>
    </p>
   </div>
   <div class='ocr_carea' id='block_1_3' title="bbox 175 1623 2979 1690">
    <p class='ocr_par' dir='ltr' id='par_1_6' title="bbox 175 1623 2979 1690">
     <span class='ocr_line' id='line_1_12' title="bbox 175 1623 2979 1690; baseline 0 -4"><span class='ocrx_word' id='word_1_92' title='bbox 175 1637 182 1646; x_wconf 83' lang='lat'>&#39;</span> <span class='ocrx_word' id='word_1_93' title='bbox 299 1639 350 1678; x_wconf 89' lang='lat'><strong>10</strong></span> <span class='ocrx_word' id='word_1_94' title='bbox 378 1635 609 1687; x_wconf 88' lang='lat' dir='ltr'><strong>tamen</strong></span> <span class='ocrx_word' id='word_1_95' title='bbox 666 1638 775 1689; x_wconf 91' lang='lat' dir='ltr'><strong>est</strong></span> <span class='ocrx_word' id='word_1_96' title='bbox 830 1646 985 1690; x_wconf 88' lang='lat' dir='ltr'><strong>cum</strong></span> <span class='ocrx_word' id='word_1_97' title='bbox 1040 1635 1464 1687; x_wconf 78' lang='lat' dir='ltr'><strong>accusatore</strong></span> <span class='ocrx_word' id='word_1_98' title='bbox 1522 1636 1640 1688; x_wconf 88' lang='lat' dir='ltr'><strong>aut</strong></span> <span class='ocrx_word' id='word_1_99' title='bbox 1696 1629 2079 1688; x_wconf 90' lang='lat' dir='ltr'><strong>contentio</strong></span> <span class='ocrx_word' id='word_1_100' title='bbox 2125 1623 2159 1688; x_wconf 67' lang='lat' dir='ltr'><em>P</em></span> <span class='ocrx_word' id='word_1_101' title='bbox 2205 1637 2506 1689; x_wconf 87' lang='lat' dir='ltr'><strong>certamen</strong></span> <span class='ocrx_word' id='word_1_102' title='bbox 2561 1639 2654 1689; x_wconf 89' lang='lat' dir='ltr'><strong>est</strong></span> <span class='ocrx_word' id='word_1_103' title='bbox 2700 1626 2797 1688; x_wconf 88' lang='lat' dir='ltr'><strong>ille</strong></span> <span class='ocrx_word' id='word_1_104' title='bbox 2845 1645 2979 1687; x_wconf 90' lang='lat' dir='ltr'><strong>cum</strong></span> 
     </span>
    </p>
   </div>
   <div class='ocr_carea' id='block_1_4' title="bbox 303 1732 2993 3742">
    <p class='ocr_par' dir='ltr' id='par_1_7' title="bbox 303 1732 2993 3742">
     <span class='ocr_line' id='line_1_13' title="bbox 377 1732 1155 1814; baseline -0.001 -21"><span class='ocrx_word' id='word_1_105' title='bbox 377 1732 502 1814; x_wconf 86' lang='lat' dir='ltr'><strong>illo,</strong></span> <span class='ocrx_word' id='word_1_106' title='bbox 548 1732 717 1814; x_wconf 84' lang='lat' dir='ltr'><strong>Verg.</strong></span> <span class='ocrx_word' id='word_1_107' title='bbox 765 1733 900 1795; x_wconf 90' lang='lat' dir='ltr'><strong>huc.</strong></span> <span class='ocrx_word' id='word_1_108' title='bbox 948 1733 1155 1808; x_wconf 86' lang='grc'><em>(7,16)</em></span> 
     </span>
     <span class='ocr_line' id='line_1_14' title="bbox 626 1839 2726 1922; baseline 0.001 -21"><span class='ocrx_word' id='word_1_109' title='bbox 626 1848 694 1901; x_wconf 89' lang='lat' dir='ltr'><strong>et</strong></span> <span class='ocrx_word' id='word_1_110' title='bbox 740 1850 1103 1901; x_wconf 90' lang='lat' dir='ltr'><strong>certamen</strong></span> <span class='ocrx_word' id='word_1_111' title='bbox 1151 1848 1304 1901; x_wconf 91' lang='lat' dir='ltr'><strong>erat</strong></span> <span class='ocrx_word' id='word_1_112' title='bbox 1352 1839 1678 1921; x_wconf 84' lang='lat' dir='ltr'><strong>Corydon</strong></span> <span class='ocrx_word' id='word_1_113' title='bbox 1725 1860 1880 1902; x_wconf 89' lang='lat' dir='ltr'><strong>cum</strong></span> <span class='ocrx_word' id='word_1_114' title='bbox 1927 1840 2287 1920; x_wconf 88' lang='lat' dir='ltr'><strong>Thyrside</strong></span> <span class='ocrx_word' id='word_1_115' title='bbox 2336 1860 2664 1922; x_wconf 84' lang='lat' dir='ltr'><strong>magnum</strong></span> <span class='ocrx_word' id='word_1_116' title='bbox 2713 1890 2726 1903; x_wconf 93' lang='lat'><em>.</em></span> 
     </span>
     <span class='ocr_line' id='line_1_15' title="bbox 556 1946 2983 2030; baseline 0 -23"><span class='ocrx_word' id='word_1_117' title='bbox 556 1946 713 2027; x_wconf 87' lang='lat' dir='ltr'><strong>Cogo</strong></span> <span class='ocrx_word' id='word_1_118' title='bbox 744 1947 983 2009; x_wconf 90' lang='lat' dir='ltr'><strong>domum</strong></span> <span class='ocrx_word' id='word_1_119' title='bbox 1013 1958 1096 2029; x_wconf 86' lang='lat' dir='ltr'><strong>te,</strong></span> <span class='ocrx_word' id='word_1_120' title='bbox 1128 1946 1240 2008; x_wconf 90' lang='lat' dir='ltr'><strong>Sal.</strong></span> <span class='ocrx_word' id='word_1_121' title='bbox 1272 1948 1407 2009; x_wconf 88' lang='lat' dir='ltr'><strong>hist.</strong></span> <span class='ocrx_word' id='word_1_122' title='bbox 1441 1947 1462 2006; x_wconf 99' lang='lat' dir='ltr'>I</span> <span class='ocrx_word' id='word_1_123' title='bbox 1493 1956 2037 2009; x_wconf 86' lang='lat' dir='ltr'><strong>maturaverunt</strong></span> <span class='ocrx_word' id='word_1_124' title='bbox 2083 1951 2480 2010; x_wconf 87' lang='lat' dir='ltr'><strong>exercitum</strong></span> <span class='ocrx_word' id='word_1_125' title='bbox 2518 1948 2983 2030; x_wconf 78' lang='lat' dir='ltr'><strong>Dyrrachium</strong></span> 
     </span>
     <span class='ocr_line' id='line_1_16' title="bbox 382 2053 1885 2136; baseline 0.001 -22"><span class='ocrx_word' id='word_1_126' title='bbox 382 2072 637 2133; x_wconf 84' lang='lat' dir='ltr'><strong>cogere</strong></span> <span class='ocrx_word' id='word_1_127' title='bbox 686 2102 698 2114; x_wconf 94' lang='lat'><strong>.</strong></span> <span class='ocrx_word' id='word_1_128' title='bbox 747 2074 892 2134; x_wconf 84' lang='lat' dir='ltr'><strong>cogo</strong></span> <span class='ocrx_word' id='word_1_129' title='bbox 940 2063 998 2116; x_wconf 83' lang='lat' dir='ltr'><strong>te</strong></span> <span class='ocrx_word' id='word_1_130' title='bbox 1047 2055 1230 2136; x_wconf 85' lang='lat' dir='ltr'><strong>domi,</strong></span> <span class='ocrx_word' id='word_1_131' title='bbox 1277 2053 1446 2135; x_wconf 82' lang='lat' dir='ltr'><strong>Verg.</strong></span> <span class='ocrx_word' id='word_1_132' title='bbox 1495 2055 1627 2118; x_wconf 86' lang='lat' dir='ltr'><strong>huc.</strong></span> <span class='ocrx_word' id='word_1_133' title='bbox 1677 2055 1885 2130; x_wconf 85' lang='grc'><em>(6,85)</em></span> 
     </span>
     <span class='ocr_line' id='line_1_17' title="bbox 305 2162 2692 2250; baseline 0.001 -29"><span class='ocrx_word' id='word_1_134' title='bbox 305 2173 355 2214; x_wconf 76' lang='lat'><strong>1⁵</strong></span> <span class='ocrx_word' id='word_1_135' title='bbox 600 2193 612 2204; x_wconf 91' lang='lat'><strong>·</strong></span> <span class='ocrx_word' id='word_1_136' title='bbox 693 2180 950 2241; x_wconf 87' lang='lat' dir='ltr'><strong>cogere</strong></span> <span class='ocrx_word' id='word_1_137' title='bbox 999 2162 1227 2224; x_wconf 91' lang='lat' dir='ltr'><strong>donec</strong></span> <span class='ocrx_word' id='word_1_138' title='bbox 1275 2181 1441 2223; x_wconf 85' lang='lat' dir='ltr'><strong>oves</strong></span> <span class='ocrx_word' id='word_1_139' title='bbox 1490 2162 1801 2224; x_wconf 85' lang='lat' dir='ltr'><strong>stabulis</strong></span> <span class='ocrx_word' id='word_1_140' title='bbox 1850 2163 2692 2250; x_wconf 34' lang='lat' dir='ltr'><strong>numerumque-referre</strong></span> 
     </span>
     <span class='ocr_line' id='line_1_18' title="bbox 696 2271 932 2330; baseline 0.008 -2"><span class='ocrx_word' id='word_1_141' title='bbox 696 2271 932 2330; x_wconf 66' lang='lat' dir='ltr'><strong>iussit</strong></span> 
     </span>
     <span class='ocr_line' id='line_1_19' title="bbox 557 2374 2029 2457; baseline 0.001 -22"><span class='ocrx_word' id='word_1_142' title='bbox 557 2374 938 2438; x_wconf 83' lang='lat' dir='ltr'><strong>Concurrunt</strong></span> <span class='ocrx_word' id='word_1_143' title='bbox 983 2379 1138 2438; x_wconf 90' lang='lat' dir='ltr'><strong>inter</strong></span> <span class='ocrx_word' id='word_1_144' title='bbox 1186 2396 1278 2453; x_wconf 85' lang='lat' dir='ltr'><strong>se,</strong></span> <span class='ocrx_word' id='word_1_145' title='bbox 1325 2376 1495 2457; x_wconf 85' lang='lat' dir='ltr'><strong>Verg.</strong></span> <span class='ocrx_word' id='word_1_146' title='bbox 1545 2377 1686 2439; x_wconf 80' lang='lat' dir='ltr'><strong>Aen.</strong></span> <span class='ocrx_word' id='word_1_147' title='bbox 1734 2376 1786 2436; x_wconf 90' lang='lat' dir='ltr'>X</span> <span class='ocrx_word' id='word_1_148' title='bbox 1837 2377 2029 2451; x_wconf 80' lang='grc'><em>(436)</em></span> 
     </span>
     <span class='ocr_line' id='line_1_20' title="bbox 1602 2487 2596 2566; baseline 0.002 -21"><span class='ocrx_word' id='word_1_149' title='bbox 1602 2487 1801 2566; x_wconf 88' lang='lat' dir='ltr'><strong>ipsos</strong></span> <span class='ocrx_word' id='word_1_150' title='bbox 1850 2503 2293 2546; x_wconf 87' lang='lat' dir='ltr'><strong>concurrere</strong></span> <span class='ocrx_word' id='word_1_151' title='bbox 2340 2504 2596 2565; x_wconf 90' lang='lat' dir='ltr'><strong>passus</strong></span> 
     </span>
     <span class='ocr_line' id='line_1_21' title="bbox 764 2591 2612 2673; baseline 0.001 -21"><span class='ocrx_word' id='word_1_152' title='bbox 764 2591 932 2653; x_wconf 90' lang='lat' dir='ltr'><strong>haut</strong></span> <span class='ocrx_word' id='word_1_153' title='bbox 978 2600 1212 2654; x_wconf 91' lang='lat' dir='ltr'><strong>tamen</strong></span> <span class='ocrx_word' id='word_1_154' title='bbox 1261 2594 1455 2654; x_wconf 89' lang='lat' dir='ltr'><strong>inter</strong></span> <span class='ocrx_word' id='word_1_155' title='bbox 1502 2611 1573 2653; x_wconf 93' lang='lat' dir='ltr'><strong>se</strong></span> <span class='ocrx_word' id='word_1_156' title='bbox 1622 2594 1875 2654; x_wconf 89' lang='lat' dir='ltr'><strong>summi</strong></span> <span class='ocrx_word' id='word_1_157' title='bbox 1922 2600 2264 2671; x_wconf 87' lang='lat' dir='ltr'><strong>regnator</strong></span> <span class='ocrx_word' id='word_1_158' title='bbox 2318 2591 2612 2673; x_wconf 79' lang='lat' dir='ltr'><strong>Olympi.</strong></span> 
     </span>
     <span class='ocr_line' id='line_1_22' title="bbox 303 2698 2985 2782; baseline 0.001 -24"><span class='ocrx_word' id='word_1_159' title='bbox 303 2711 357 2751; x_wconf 73' lang='lat'><strong>20</strong></span> <span class='ocrx_word' id='word_1_160' title='bbox 384 2700 689 2760; x_wconf 85' lang='lat' dir='ltr'><strong>concurrit</strong></span> <span class='ocrx_word' id='word_1_161' title='bbox 752 2698 850 2760; x_wconf 91' lang='lat' dir='ltr'><strong>ille</strong></span> <span class='ocrx_word' id='word_1_162' title='bbox 916 2698 1027 2782; x_wconf 84' lang='lat' dir='ltr'><strong>illi,</strong></span> <span class='ocrx_word' id='word_1_163' title='bbox 1099 2699 1269 2781; x_wconf 86' lang='lat' dir='ltr'><strong>Verg.</strong></span> <span class='ocrx_word' id='word_1_164' title='bbox 1336 2701 1478 2760; x_wconf 84' lang='lat' dir='ltr'><strong>Aen.</strong></span> <span class='ocrx_word' id='word_1_165' title='bbox 1544 2698 1672 2759; x_wconf 86' lang='lat' dir='ltr'>VIII</span> <span class='ocrx_word' id='word_1_166' title='bbox 1742 2699 1932 2774; x_wconf 82' lang='grc'><em>(692)</em></span> <span class='ocrx_word' id='word_1_167' title='bbox 1999 2707 2468 2761; x_wconf 89' lang='lat' dir='ltr'><strong>aut-montes</strong></span> <span class='ocrx_word' id='word_1_168' title='bbox 2542 2717 2985 2760; x_wconf 90' lang='lat' dir='ltr'><strong>concurrere</strong></span> 
     </span>
     <span class='ocr_line' id='line_1_23' title="bbox 387 2806 2986 2889; baseline 0 -21"><span class='ocrx_word' id='word_1_169' title='bbox 387 2806 751 2868; x_wconf 89' lang='lat' dir='ltr'><strong>montibus</strong></span> <span class='ocrx_word' id='word_1_170' title='bbox 789 2807 1001 2889; x_wconf 81' lang='lat' dir='ltr'><strong>altoS‚</strong></span> <span class='ocrx_word' id='word_1_171' title='bbox 1038 2808 1195 2868; x_wconf 91' lang='lat' dir='ltr'><strong>idem</strong></span> <span class='ocrx_word' id='word_1_172' title='bbox 1224 2807 1368 2868; x_wconf 80' lang='lat' dir='ltr'><strong>Aen.</strong></span> <span class='ocrx_word' id='word_1_173' title='bbox 1400 2807 1425 2867; x_wconf 91' lang='grc' dir='ltr'>Ι</span> <span class='ocrx_word' id='word_1_174' title='bbox 1453 2807 1641 2882; x_wconf 85' lang='grc'><em>(493)</em></span> <span class='ocrx_word' id='word_1_175' title='bbox 1671 2807 2035 2887; x_wconf 87' lang='lat' dir='ltr'><strong>audetque</strong></span> <span class='ocrx_word' id='word_1_176' title='bbox 2075 2810 2253 2868; x_wconf 85' lang='lat' dir='ltr'><strong>viris</strong></span> <span class='ocrx_word' id='word_1_177' title='bbox 2291 2826 2732 2868; x_wconf 90' lang='lat' dir='ltr'><strong>concurrere</strong></span> <span class='ocrx_word' id='word_1_178' title='bbox 2769 2809 2986 2886; x_wconf 84' lang='lat' dir='ltr'><strong>virgo.</strong></span> 
     </span>
     <span class='ocr_line' id='line_1_24' title="bbox 563 2912 2987 2997; baseline 0 -23"><span class='ocrx_word' id='word_1_179' title='bbox 563 2912 861 2975; x_wconf 87' lang='lat' dir='ltr'><strong>Coruscus</strong></span> <span class='ocrx_word' id='word_1_180' title='bbox 906 2914 1015 2975; x_wconf 93' lang='lat' dir='ltr'><strong>hac</strong></span> <span class='ocrx_word' id='word_1_181' title='bbox 1071 2933 1165 2995; x_wconf 86' lang='lat' dir='ltr'><strong>re,</strong></span> <span class='ocrx_word' id='word_1_182' title='bbox 1220 2914 1389 2997; x_wconf 87' lang='lat' dir='ltr'><strong>Verg.</strong></span> <span class='ocrx_word' id='word_1_183' title='bbox 1439 2914 1579 2975; x_wconf 88' lang='lat' dir='ltr'><strong>Aen.</strong></span> <span class='ocrx_word' id='word_1_184' title='bbox 1629 2912 1681 2974; x_wconf 92' lang='grc' dir='ltr'>Π</span> <span class='ocrx_word' id='word_1_185' title='bbox 1723 2914 1929 2988; x_wconf 83' lang='grc'><em>(470)</em></span> <span class='ocrx_word' id='word_1_186' title='bbox 1987 2922 2054 2975; x_wconf 90' lang='lat' dir='ltr'><strong>et</strong></span> <span class='ocrx_word' id='word_1_187' title='bbox 2119 2913 2275 2975; x_wconf 91' lang='lat' dir='ltr'><strong>luce</strong></span> <span class='ocrx_word' id='word_1_188' title='bbox 2341 2933 2691 2976; x_wconf 89' lang='lat' dir='ltr'><strong>coruscus</strong></span> <span class='ocrx_word' id='word_1_189' title='bbox 2757 2920 2927 2975; x_wconf 72' lang='lat' dir='ltr'><strong>aena</strong></span> <span class='ocrx_word' id='word_1_190' title='bbox 2975 2961 2987 2975; x_wconf 93' lang='lat'><em>.</em></span> 
     </span>
     <span class='ocr_line' id='line_1_25' title="bbox 388 3019 2987 3104; baseline 0.001 -24"><span class='ocrx_word' id='word_1_191' title='bbox 388 3030 659 3082; x_wconf 87' lang='lat' dir='ltr'><strong>coruscat</strong></span> <span class='ocrx_word' id='word_1_192' title='bbox 708 3022 816 3082; x_wconf 89' lang='lat' dir='ltr'><strong>hac</strong></span> <span class='ocrx_word' id='word_1_193' title='bbox 862 3041 955 3104; x_wconf 84' lang='lat' dir='ltr'><strong>re,</strong></span> <span class='ocrx_word' id='word_1_194' title='bbox 1001 3021 1156 3082; x_wconf 89' lang='lat' dir='ltr'><strong>idem</strong></span> <span class='ocrx_word' id='word_1_195' title='bbox 1196 3022 1364 3101; x_wconf 85' lang='lat' dir='ltr'><strong>geor.&#39;</strong></span> <span class='ocrx_word' id='word_1_196' title='bbox 1395 3019 1500 3081; x_wconf 88' lang='lat'>1111</span> <span class='ocrx_word' id='word_1_197' title='bbox 1543 3022 1685 3094; x_wconf 87' lang='grc'><em>(98)</em></span> <span class='ocrx_word' id='word_1_198' title='bbox 1733 3021 2025 3082; x_wconf 88' lang='lat' dir='ltr'><strong>elucent</strong></span> <span class='ocrx_word' id='word_1_199' title='bbox 2071 3020 2251 3082; x_wconf 92' lang='lat' dir='ltr'><strong>aliae</strong></span> <span class='ocrx_word' id='word_1_200' title='bbox 2298 3029 2367 3082; x_wconf 88' lang='lat' dir='ltr'><strong>et</strong></span> <span class='ocrx_word' id='word_1_201' title='bbox 2414 3022 2696 3101; x_wconf 79' lang='lat' dir='ltr'><strong>fulgore</strong></span> <span class='ocrx_word' id='word_1_202' title='bbox 2743 3039 2987 3082; x_wconf 89' lang='lat' dir='ltr'><strong>corus·</strong></span> 
     </span>
     <span class='ocr_line' id='line_1_26' title="bbox 388 3128 2992 3210; baseline -0.001 -21"><span class='ocrx_word' id='word_1_203' title='bbox 388 3137 552 3189; x_wconf 87' lang='lat' dir='ltr'><strong>cant</strong></span> <span class='ocrx_word' id='word_1_204' title='bbox 598 3177 609 3188; x_wconf 94' lang='lat'>.</span> <span class='ocrx_word' id='word_1_205' title='bbox 658 3138 932 3191; x_wconf 87' lang='lat' dir='ltr'><strong>coruscat</strong></span> <span class='ocrx_word' id='word_1_206' title='bbox 978 3130 1128 3191; x_wconf 90' lang='lat' dir='ltr'><strong>hanc</strong></span> <span class='ocrx_word' id='word_1_207' title='bbox 1177 3147 1331 3210; x_wconf 86' lang='lat' dir='ltr'><strong>rem,</strong></span> <span class='ocrx_word' id='word_1_208' title='bbox 1379 3130 1536 3190; x_wconf 91' lang='lat' dir='ltr'><strong>idem</strong></span> <span class='ocrx_word' id='word_1_209' title='bbox 1585 3129 1729 3189; x_wconf 84' lang='lat' dir='ltr'><strong>Aen.</strong></span> <span class='ocrx_word' id='word_1_210' title='bbox 1777 3128 1830 3188; x_wconf 89' lang='lat' dir='ltr'>X</span> <span class='ocrx_word' id='word_1_211' title='bbox 1878 3128 2069 3202; x_wconf 82' lang='lat'><em>(652)</em></span> <span class='ocrx_word' id='word_1_212' title='bbox 2118 3130 2597 3208; x_wconf 89' lang='lat' dir='ltr'><strong>strictumque</strong></span> <span class='ocrx_word' id='word_1_213' title='bbox 2655 3135 2992 3188; x_wconf 88' lang='lat' dir='ltr'><strong>coruscat</strong></span> 
     </span>
     <span class='ocr_line' id='line_1_27' title="bbox 308 3250 1116 3325; baseline 0.007 -35"><span class='ocrx_word' id='word_1_214' title='bbox 308 3250 361 3290; x_wconf 71' lang='lat'><strong>85</strong></span> <span class='ocrx_word' id='word_1_215' title='bbox 390 3254 814 3297; x_wconf 85' lang='lat' dir='ltr'><strong>mucronem.</strong></span> <span class='ocrx_word' id='word_1_216' title='bbox 1111 3320 1116 3325; x_wconf 16' lang='grc' dir='ltr'><strong><em>ι</em></strong></span> 
     </span>
     <span class='ocr_line' id='line_1_28' title="bbox 565 3341 2001 3423; baseline -0.002 -19"><span class='ocrx_word' id='word_1_217' title='bbox 565 3342 822 3404; x_wconf 83' lang='lat' dir='ltr'><strong>Consule</strong></span> <span class='ocrx_word' id='word_1_218' title='bbox 870 3341 1028 3403; x_wconf 86' lang='lat' dir='ltr'><strong>illam</strong></span> <span class='ocrx_word' id='word_1_219' title='bbox 1074 3360 1229 3423; x_wconf 87' lang='lat' dir='ltr'><strong>rem,</strong></span> <span class='ocrx_word' id='word_1_220' title='bbox 1278 3341 1445 3423; x_wconf 87' lang='lat' dir='ltr'><strong>Verg.</strong></span> <span class='ocrx_word' id='word_1_221' title='bbox 1493 3343 1635 3402; x_wconf 84' lang='lat' dir='ltr'><strong>Aen.</strong></span> <span class='ocrx_word' id='word_1_222' title='bbox 1683 3341 1763 3401; x_wconf 89' lang='lat' dir='ltr'><strong>XI</strong></span> <span class='ocrx_word' id='word_1_223' title='bbox 1813 3342 2001 3416; x_wconf 78' lang='lat'><em>(343)</em></span> 
     </span>
     <span class='ocr_line' id='line_1_29' title="bbox 706 3448 2639 3528; baseline -0.001 -17"><span class='ocrx_word' id='word_1_224' title='bbox 706 3467 852 3511; x_wconf 89' lang='lat' dir='ltr'><strong>rem</strong></span> <span class='ocrx_word' id='word_1_225' title='bbox 899 3448 1082 3510; x_wconf 91' lang='lat' dir='ltr'><strong>nulli</strong></span> <span class='ocrx_word' id='word_1_226' title='bbox 1128 3449 1508 3509; x_wconf 86' lang='lat' dir='ltr'><strong>obscuram</strong></span> <span class='ocrx_word' id='word_1_227' title='bbox 1553 3456 1847 3509; x_wconf 90' lang='lat' dir='ltr'><strong>nostrae</strong></span> <span class='ocrx_word' id='word_1_228' title='bbox 1894 3467 2021 3509; x_wconf 88' lang='lat' dir='ltr'><strong>nec</strong></span> <span class='ocrx_word' id='word_1_229' title='bbox 2071 3450 2267 3509; x_wconf 87' lang='lat' dir='ltr'><strong>vocis</strong></span> <span class='ocrx_word' id='word_1_230' title='bbox 2314 3457 2639 3528; x_wconf 84' lang='lat' dir='ltr'><strong>egentem</strong></span> 
     </span>
     <span class='ocr_line' id='line_1_30' title="bbox 706 3554 1618 3637; baseline -0.002 -19"><span class='ocrx_word' id='word_1_231' title='bbox 706 3555 1058 3637; x_wconf 78' lang='lat' dir='ltr'><strong>consuliS,</strong></span> <span class='ocrx_word' id='word_1_232' title='bbox 1104 3575 1139 3615; x_wconf 98' lang='lat' dir='ltr'><strong>o</strong></span> <span class='ocrx_word' id='word_1_233' title='bbox 1189 3554 1370 3615; x_wconf 88' lang='lat' dir='ltr'><strong>bone</strong></span> <span class='ocrx_word' id='word_1_234' title='bbox 1418 3574 1567 3636; x_wconf 82' lang='lat' dir='ltr'><strong>rex,</strong></span> <span class='ocrx_word' id='word_1_235' title='bbox 1608 3556 1618 3630; x_wconf 86' lang='grc' dir='ltr'>Ι</span> 
     </span>
     <span class='ocr_line' id='line_1_31' title="bbox 391 3661 2993 3742; baseline -0 -16"><span class='ocrx_word' id='word_1_236' title='bbox 391 3673 450 3726; x_wconf 93' lang='lat' dir='ltr'><strong>et</strong></span> <span class='ocrx_word' id='word_1_237' title='bbox 496 3664 610 3725; x_wconf 89' lang='lat' dir='ltr'><strong>Sal.</strong></span> <span class='ocrx_word' id='word_1_238' title='bbox 657 3663 822 3725; x_wconf 89' lang='lat' dir='ltr'><strong>Catil.</strong></span> <span class='ocrx_word' id='word_1_239' title='bbox 870 3664 1070 3739; x_wconf 82' lang='grc'><em>(51,4)</em></span> <span class='ocrx_word' id='word_1_240' title='bbox 1120 3681 1296 3742; x_wconf 86' lang='lat' dir='ltr'><strong>quae</strong></span> <span class='ocrx_word' id='word_1_241' title='bbox 1345 3681 1552 3742; x_wconf 84' lang='lat' dir='ltr'><strong>reges</strong></span> <span class='ocrx_word' id='word_1_242' title='bbox 1609 3670 1821 3742; x_wconf 88' lang='lat' dir='ltr'><strong>atque</strong></span> <span class='ocrx_word' id='word_1_243' title='bbox 1877 3661 2125 3742; x_wconf 90' lang='lat' dir='ltr'><strong>populi</strong></span> <span class='ocrx_word' id='word_1_244' title='bbox 2182 3663 2358 3725; x_wconf 89' lang='lat' dir='ltr'><strong>male</strong></span> <span class='ocrx_word' id='word_1_245' title='bbox 2417 3662 2933 3725; x_wconf 89' lang='lat' dir='ltr'><strong>consuluerint</strong></span> <span class='ocrx_word' id='word_1_246' title='bbox 2979 3711 2993 3725; x_wconf 92' lang='lat'>.</span> 
     </span>
    </p>
   </div>
   <div class='ocr_carea' id='block_1_5' title="bbox 401 3782 820 3789">
    <p class='ocr_par' dir='ltr' id='par_1_8' title="bbox 401 3782 820 3789">
     <span class='ocr_line' id='line_1_32' title="bbox 401 3782 820 3789; baseline 0 1739"><span class='ocrx_word' id='word_1_247' title='bbox 401 3782 820 3789; x_wconf 95' lang='lat' dir='ltr'><strong> </strong></span> 
     </span>
    </p>
   </div>
   <div class='ocr_carea' id='block_1_6' title="bbox 392 3815 2999 4049">
    <p class='ocr_par' dir='ltr' id='par_1_9' title="bbox 392 3815 2999 4049">
     <span class='ocr_line' id='line_1_33' title="bbox 572 3815 2999 3888; baseline -0 -16"><span class='ocrx_word' id='word_1_248' title='bbox 572 3817 754 3873; x_wconf 73' lang='lat' dir='ltr'><strong>Codex</strong></span> <span class='ocrx_word' id='word_1_249' title='bbox 808 3817 1103 3873; x_wconf 80' lang='lat' dir='ltr'><strong>Parrhasii</strong></span> <span class='ocrx_word' id='word_1_250' title='bbox 1189 3823 1220 3870; x_wconf 88' lang='lat'><strong>3</strong></span> <span class='ocrx_word' id='word_1_251' title='bbox 1277 3816 1462 3888; x_wconf 87' lang='lat' dir='ltr'><strong>cursu]</strong></span> <span class='ocrx_word' id='word_1_252' title='bbox 1524 3833 1689 3871; x_wconf 87' lang='lat' dir='ltr'><strong>curru</strong></span> <span class='ocrx_word' id='word_1_253' title='bbox 1850 3821 1885 3869; x_wconf 87' lang='lat'>4</span> <span class='ocrx_word' id='word_1_254' title='bbox 1920 3815 2069 3870; x_wconf 88' lang='lat' dir='ltr'><strong>idem</strong></span> <span class='ocrx_word' id='word_1_255' title='bbox 2114 3816 2175 3871; x_wconf 88' lang='lat' dir='ltr'><strong>in</strong></span> <span class='ocrx_word' id='word_1_256' title='bbox 2225 3818 2341 3887; x_wconf 83' lang='lat' dir='ltr'><strong>Iug.</strong></span> <span class='ocrx_word' id='word_1_257' title='bbox 2505 3823 2537 3871; x_wconf 82' lang='lat'>9</span> <span class='ocrx_word' id='word_1_258' title='bbox 2578 3818 2875 3873; x_wconf 69' lang='lat' dir='ltr'><strong>Cart-amen</strong></span> <span class='ocrx_word' id='word_1_259' title='bbox 2909 3816 2999 3872; x_wconf 85' lang='lat' dir='ltr'><strong>illi</strong></span> 
     </span>
     <span class='ocr_line' id='line_1_34' title="bbox 392 3894 2855 3969; baseline -0.001 -17"><span class='ocrx_word' id='word_1_260' title='bbox 392 3915 513 3952; x_wconf 84' lang='lat' dir='ltr'><strong>cum</strong></span> <span class='ocrx_word' id='word_1_261' title='bbox 551 3896 657 3952; x_wconf 72' lang='lat' dir='ltr'><strong>illa,</strong></span> <span class='ocrx_word' id='word_1_262' title='bbox 690 3899 778 3952; x_wconf 75' lang='lat' dir='ltr'><strong>est</strong></span> <span class='ocrx_word' id='word_1_263' title='bbox 941 3903 1006 3952; x_wconf 89' lang='grc'><strong>10</strong></span> <span class='ocrx_word' id='word_1_264' title='bbox 1042 3897 1167 3969; x_wconf 88' lang='lat' dir='ltr'><strong>ille]</strong></span> <span class='ocrx_word' id='word_1_265' title='bbox 1204 3896 1292 3951; x_wconf 89' lang='lat' dir='ltr'><strong>illi</strong></span> <span class='ocrx_word' id='word_1_266' title='bbox 1455 3902 1519 3950; x_wconf 84' lang='lat'><strong>13</strong></span> <span class='ocrx_word' id='word_1_267' title='bbox 1558 3894 1949 3968; x_wconf 75' lang='lat' dir='ltr'><strong>Dyrrachium]</strong></span> <span class='ocrx_word' id='word_1_268' title='bbox 2002 3896 2291 3951; x_wconf 77' lang='lat' dir='ltr'><strong>brachium</strong></span> <span class='ocrx_word' id='word_1_269' title='bbox 2454 3903 2518 3950; x_wconf 83' lang='lat'><strong>19</strong></span> <span class='ocrx_word' id='word_1_270' title='bbox 2554 3896 2717 3968; x_wconf 78' lang='lat' dir='ltr'><strong>haut]</strong></span> <span class='ocrx_word' id='word_1_271' title='bbox 2756 3898 2855 3951; x_wconf 78' lang='lat' dir='ltr'><strong>aut</strong></span> 
     </span>
     <span class='ocr_line' id='line_1_35' title="bbox 394 3974 2998 4049; baseline -0.001 -16"><span class='ocrx_word' id='word_1_272' title='bbox 394 3978 605 4049; x_wconf 90' lang='lat' dir='ltr'><strong>Olimpi</strong></span> <span class='ocrx_word' id='word_1_273' title='bbox 745 3983 815 4032; x_wconf 88' lang='grc'><strong>20</strong></span> <span class='ocrx_word' id='word_1_274' title='bbox 850 3977 972 4049; x_wconf 90' lang='lat' dir='ltr'><strong>ille]</strong></span> <span class='ocrx_word' id='word_1_275' title='bbox 1009 3976 1109 4032; x_wconf 92' lang='lat' dir='ltr'><strong>illo</strong></span> <span class='ocrx_word' id='word_1_276' title='bbox 1251 3982 1321 4031; x_wconf 89' lang='grc'><strong>22</strong></span> <span class='ocrx_word' id='word_1_277' title='bbox 1361 3975 1669 4032; x_wconf 83' lang='lat' dir='ltr'><strong>Concursus</strong></span> <span class='ocrx_word' id='word_1_278' title='bbox 1694 3974 1883 4044; x_wconf 75' lang='lat' dir='ltr'><strong>primo</strong></span> <span class='ocrx_word' id='word_1_279' title='bbox 1927 3976 2043 4030; x_wconf 77' lang='lat' dir='ltr'><strong>loco</strong></span> <span class='ocrx_word' id='word_1_280' title='bbox 2078 3992 2217 4031; x_wconf 79' lang='lat' dir='ltr'><strong>corr.</strong></span> <span class='ocrx_word' id='word_1_281' title='bbox 2256 3992 2513 4032; x_wconf 80' lang='lat' dir='ltr'><strong>coruscus</strong></span> <span class='ocrx_word' id='word_1_282' title='bbox 2549 3977 2668 4032; x_wconf 78' lang='lat' dir='ltr'><strong>alia</strong></span> <span class='ocrx_word' id='word_1_283' title='bbox 2702 3993 2899 4043; x_wconf 78' lang='lat' dir='ltr'><strong>manu,</strong></span> <span class='ocrx_word' id='word_1_284' title='bbox 2934 3982 2998 4031; x_wconf 81' lang='lat' dir='ltr'><strong>ut</strong></span> 
     </span>
    </p>
   </div>
   <div class='ocr_carea' id='block_1_7' title="bbox 390 4057 1105 4129">
    <p class='ocr_par' dir='ltr' id='par_1_10' title="bbox 390 4057 1105 4129">
     <span class='ocr_line' id='line_1_36' title="bbox 390 4057 1105 4129; baseline -0.006 -15"><span class='ocrx_word' id='word_1_285' title='bbox 390 4060 608 4114; x_wconf 76' lang='lat' dir='ltr'><strong>videtur</strong></span> <span class='ocrx_word' id='word_1_286' title='bbox 751 4065 818 4113; x_wconf 79' lang='lat'><strong>23</strong></span> <span class='ocrx_word' id='word_1_287' title='bbox 857 4057 987 4129; x_wconf 90' lang='lat'>1111]</span> <span class='ocrx_word' id='word_1_288' title='bbox 1026 4057 1105 4111; x_wconf 89' lang='lat'><strong>111</strong></span> 
     </span>
    </p>
   </div>
   <div class='ocr_carea' id='block_1_8' title="bbox 397 4150 3001 4412">
    <p class='ocr_par' dir='ltr' id='par_1_11' title="bbox 397 4150 3001 4412">
     <span class='ocr_line' id='line_1_37' title="bbox 570 4150 2998 4255; baseline -0.002 -14"><span class='ocrx_word' id='word_1_289' title='bbox 570 4192 602 4241; x_wconf 83' lang='lat'>2</span> <span class='ocrx_word' id='word_1_290' title='bbox 641 4185 845 4255; x_wconf 80' lang='lat' dir='ltr'><strong>certet]</strong></span> <span class='ocrx_word' id='word_1_291' title='bbox 902 4184 1084 4239; x_wconf 73' lang='lat' dir='ltr'><strong>certat</strong></span> <span class='ocrx_word' id='word_1_292' title='bbox 1125 4182 1176 4237; x_wconf 78' lang='lat' dir='ltr'><em>G</em></span> <span class='ocrx_word' id='word_1_293' title='bbox 1333 4188 1364 4236; x_wconf 87' lang='grc'><strong>3</strong></span> <span class='ocrx_word' id='word_1_294' title='bbox 1406 4199 1566 4237; x_wconf 84' lang='lat' dir='ltr'><strong>cursu</strong></span> <span class='ocrx_word' id='word_1_295' title='bbox 1620 4150 1921 4237; x_wconf 71' lang='lat' dir='ltr'><strong>Sallustius</strong></span> <span class='ocrx_word' id='word_1_296' title='bbox 2083 4188 2112 4236; x_wconf 83' lang='lat'>7</span> <span class='ocrx_word' id='word_1_297' title='bbox 2153 4180 2317 4251; x_wconf 80' lang='lat' dir='ltr'><strong>adeo]</strong></span> <span class='ocrx_word' id='word_1_298' title='bbox 2373 4179 2502 4234; x_wconf 89' lang='lat' dir='ltr'><strong>ideo</strong></span> <span class='ocrx_word' id='word_1_299' title='bbox 2550 4180 2847 4252; x_wconf 50' lang='lat' dir='ltr'><strong>Vergilius,</strong></span> <span class='ocrx_word' id='word_1_300' title='bbox 2966 4189 2998 4237; x_wconf 89' lang='grc'><em>9</em></span> 
     </span>
     <span class='ocr_line' id='line_1_38' title="bbox 398 4261 2869 4334; baseline -0.002 -13"><span class='ocrx_word' id='word_1_301' title='bbox 398 4267 544 4334; x_wconf 91' lang='lat' dir='ltr'><strong>quod</strong></span> <span class='ocrx_word' id='word_1_302' title='bbox 581 4265 733 4321; x_wconf 88' lang='lat' dir='ltr'><strong>enim</strong></span> <span class='ocrx_word' id='word_1_303' title='bbox 769 4265 911 4320; x_wconf 84' lang='lat' dir='ltr'><strong>mihi</strong></span> <span class='ocrx_word' id='word_1_304' title='bbox 948 4266 1234 4319; x_wconf 82' lang='lat' dir='ltr'><strong>certamen</strong></span> <span class='ocrx_word' id='word_1_305' title='bbox 1273 4261 1560 4316; x_wconf 72' lang='lat' dir='ltr'><strong>Patricius</strong></span> <span class='ocrx_word' id='word_1_306' title='bbox 1594 4263 1658 4317; x_wconf 80' lang='lat' dir='ltr'><strong>in</strong></span> <span class='ocrx_word' id='word_1_307' title='bbox 1697 4262 1808 4320; x_wconf 79' lang='lat' dir='ltr'><strong>Cic.</strong></span> <span class='ocrx_word' id='word_1_308' title='bbox 1846 4264 2045 4333; x_wconf 70' lang='lat' dir='ltr'><strong>fraym.</strong></span> <span class='ocrx_word' id='word_1_309' title='bbox 2084 4267 2223 4318; x_wconf 76' lang='lat' dir='ltr'><strong>orat.</strong></span> <span class='ocrx_word' id='word_1_310' title='bbox 2251 4279 2313 4330; x_wconf 78' lang='lat' dir='ltr'><strong>p.</strong></span> <span class='ocrx_word' id='word_1_311' title='bbox 2352 4265 2464 4315; x_wconf 87' lang='grc'><em>976</em></span> <span class='ocrx_word' id='word_1_312' title='bbox 2500 4262 2579 4315; x_wconf 84' lang='lat' dir='ltr'><strong>ed.</strong></span> <span class='ocrx_word' id='word_1_313' title='bbox 2625 4261 2819 4317; x_wconf 79' lang='lat' dir='ltr'><strong>Graev.</strong></span> <span class='ocrx_word' id='word_1_314' title='bbox 2864 4280 2869 4285; x_wconf 89' lang='lat'><strong>·</strong></span> 
     </span>
     <span class='ocr_line' id='line_1_39' title="bbox 397 4341 3001 4412; baseline -0.002 -11"><span class='ocrx_word' id='word_1_315' title='bbox 397 4352 463 4400; x_wconf 90' lang='lat'><strong>10</strong></span> <span class='ocrx_word' id='word_1_316' title='bbox 501 4347 780 4401; x_wconf 75' lang='lat' dir='ltr'><strong>certamen</strong></span> <span class='ocrx_word' id='word_1_317' title='bbox 826 4345 912 4399; x_wconf 78' lang='lat' dir='ltr'><strong>est:</strong></span> <span class='ocrx_word' id='word_1_318' title='bbox 964 4343 1062 4398; x_wconf 89' lang='lat' dir='ltr'><strong>ille</strong></span> <span class='ocrx_word' id='word_1_319' title='bbox 1109 4359 1236 4396; x_wconf 89' lang='lat' dir='ltr'><strong>cum</strong></span> <span class='ocrx_word' id='word_1_320' title='bbox 1280 4341 1382 4396; x_wconf 89' lang='lat' dir='ltr'><strong>illo</strong></span> <span class='ocrx_word' id='word_1_321' title='bbox 1417 4341 1781 4397; x_wconf 76' lang='lat' dir='ltr'><strong>Burmannus</strong></span> <span class='ocrx_word' id='word_1_322' title='bbox 1828 4344 1982 4412; x_wconf 77' lang='lat' dir='ltr'><strong>apud</strong></span> <span class='ocrx_word' id='word_1_323' title='bbox 2018 4344 2346 4398; x_wconf 77' lang='lat' dir='ltr'><strong>Houvenum</strong></span> <span class='ocrx_word' id='word_1_324' title='bbox 2382 4359 2443 4410; x_wconf 80' lang='lat' dir='ltr'><strong>p.</strong></span> <span class='ocrx_word' id='word_1_325' title='bbox 2483 4347 2558 4397; x_wconf 82' lang='lat'><strong>38</strong></span> <span class='ocrx_word' id='word_1_326' title='bbox 2594 4343 2711 4396; x_wconf 83' lang='lat' dir='ltr'><strong>coll.</strong></span> <span class='ocrx_word' id='word_1_327' title='bbox 2749 4341 2898 4397; x_wconf 77' lang='lat' dir='ltr'><strong>Serv.</strong></span> <span class='ocrx_word' id='word_1_328' title='bbox 2936 4343 3001 4396; x_wconf 75' lang='lat' dir='ltr'><strong>in</strong></span> 
     </span>
    </p>
   </div>
   <div class='ocr_carea' id='block_1_9' title="bbox 406 4421 2999 4496">
    <p class='ocr_par' dir='ltr' id='par_1_12' title="bbox 406 4421 2999 4496">
     <span class='ocr_line' id='line_1_40' title="bbox 406 4421 2999 4496; baseline -0 -17"><span class='ocrx_word' id='word_1_329' title='bbox 406 4424 562 4496; x_wconf 74' lang='lat' dir='ltr'><strong>Ver-9.</strong></span> <span class='ocrx_word' id='word_1_330' title='bbox 620 4426 656 4482; x_wconf 83' lang='grc' dir='ltr'><strong>Ζ.</strong></span> <span class='ocrx_word' id='word_1_331' title='bbox 712 4442 775 4492; x_wconf 87' lang='lat' dir='ltr'><strong>c.‚</strong></span> <span class='ocrx_word' id='word_1_332' title='bbox 831 4426 1065 4496; x_wconf 77' lang='lat' dir='ltr'><strong>figurate</strong></span> <span class='ocrx_word' id='word_1_333' title='bbox 1118 4423 1344 4478; x_wconf 75' lang='lat' dir='ltr'><strong>locutus</strong></span> <span class='ocrx_word' id='word_1_334' title='bbox 1392 4424 1477 4476; x_wconf 76' lang='lat' dir='ltr'><strong>est</strong></span> <span class='ocrx_word' id='word_1_335' title='bbox 1521 4439 1790 4493; x_wconf 82' lang='lat' dir='ltr'><strong>magnum</strong></span> <span class='ocrx_word' id='word_1_336' title='bbox 1839 4426 2121 4481; x_wconf 73' lang='lat' dir='ltr'><strong>certamen</strong></span> <span class='ocrx_word' id='word_1_337' title='bbox 2166 4422 2263 4477; x_wconf 86' lang='lat' dir='ltr'><strong>ille</strong></span> <span class='ocrx_word' id='word_1_338' title='bbox 2302 4438 2431 4476; x_wconf 88' lang='lat' dir='ltr'><strong>eum</strong></span> <span class='ocrx_word' id='word_1_339' title='bbox 2473 4421 2576 4476; x_wconf 87' lang='lat' dir='ltr'><strong>illo</strong></span> <span class='ocrx_word' id='word_1_340' title='bbox 2633 4426 2756 4476; x_wconf 78' lang='lat' dir='ltr'><strong>erat</strong></span> <span class='ocrx_word' id='word_1_341' title='bbox 2934 4430 2999 4478; x_wconf 85' lang='lat'><strong>13</strong></span> 
     </span>
    </p>
   </div>
   <div class='ocr_carea' id='block_1_10' title="bbox 395 4506 3003 4627">
    <p class='ocr_par' dir='ltr' id='par_1_13' title="bbox 395 4506 3003 4627">
     <span class='ocr_line' id='line_1_41' title="bbox 395 4506 3003 4627; baseline -0.002 -11"><span class='ocrx_word' id='word_1_342' title='bbox 395 4506 685 4616; x_wconf 43' lang='lat' dir='ltr'><strong>ma</strong></span> <span class='ocrx_word' id='word_1_343' title='bbox 718 4558 774 4613; x_wconf 90' lang='lat' dir='ltr'><em>P</em></span> <span class='ocrx_word' id='word_1_344' title='bbox 796 4557 1138 4613; x_wconf 81' lang='lat' dir='ltr'><strong>Durachium</strong></span> <span class='ocrx_word' id='word_1_345' title='bbox 1168 4556 1236 4612; x_wconf 75' lang='lat' dir='ltr'><strong>G.</strong></span> <span class='ocrx_word' id='word_1_346' title='bbox 1278 4555 1710 4626; x_wconf 80' lang='lat' dir='ltr'><strong>‘Dyrrhachium</strong></span> <span class='ocrx_word' id='word_1_347' title='bbox 1740 4561 1919 4611; x_wconf 83' lang='lat' dir='ltr'><strong>autem</strong></span> <span class='ocrx_word' id='word_1_348' title='bbox 1946 4557 2116 4627; x_wconf 74' lang='lat' dir='ltr'><strong>posui</strong></span> <span class='ocrx_word' id='word_1_349' title='bbox 2144 4571 2250 4624; x_wconf 79' lang='lat' dir='ltr'><strong>pro</strong></span> <span class='ocrx_word' id='word_1_350' title='bbox 2286 4552 2576 4609; x_wconf 66' lang='lat' dir='ltr'><strong>brachium</strong></span> <span class='ocrx_word' id='word_1_351' title='bbox 2592 4595 2605 4619; x_wconf 93' lang='lat'>‚</span> <span class='ocrx_word' id='word_1_352' title='bbox 2642 4554 2787 4623; x_wconf 77' lang='lat' dir='ltr'><strong>quod</strong></span> <span class='ocrx_word' id='word_1_353' title='bbox 2820 4555 2904 4609; x_wconf 80' lang='lat' dir='ltr'><strong>ita</strong></span> <span class='ocrx_word' id='word_1_354' title='bbox 2940 4556 3003 4610; x_wconf 80' lang='lat' dir='ltr'><strong>in</strong></span> 
     </span>
    </p>
   </div>
   <div class='ocr_carea' id='block_1_11' title="bbox 397 4634 3005 5031">
    <p class='ocr_par' dir='ltr' id='par_1_14' title="bbox 397 4634 3005 5031">
     <span class='ocr_line' id='line_1_42' title="bbox 398 4634 3004 4708; baseline -0 -15"><span class='ocrx_word' id='word_1_355' title='bbox 398 4639 536 4694; x_wconf 79' lang='lat' dir='ltr'><strong>libro</strong></span> <span class='ocrx_word' id='word_1_356' title='bbox 572 4639 887 4695; x_wconf 74' lang='lat' dir='ltr'><strong>Elmnensi</strong></span> <span class='ocrx_word' id='word_1_357' title='bbox 921 4639 1073 4693; x_wconf 80' lang='lat' dir='ltr'><strong>esset&#39;</strong></span> <span class='ocrx_word' id='word_1_358' title='bbox 1117 4637 1315 4692; x_wconf 78' lang='lat' dir='ltr'><strong>Carrio</strong></span> <span class='ocrx_word' id='word_1_359' title='bbox 1351 4640 1415 4691; x_wconf 81' lang='lat' dir='ltr'><strong>in</strong></span> <span class='ocrx_word' id='word_1_360' title='bbox 1434 4637 1567 4692; x_wconf 79' lang='lat' dir='ltr'><strong>Sall.</strong></span> <span class='ocrx_word' id='word_1_361' title='bbox 1599 4639 1722 4693; x_wconf 70' lang='lat' dir='ltr'><strong>hist.</strong></span> <span class='ocrx_word' id='word_1_362' title='bbox 1751 4640 1951 4708; x_wconf 78' lang='lat' dir='ltr'><strong>fraym.</strong></span> <span class='ocrx_word' id='word_1_363' title='bbox 1973 4653 2032 4705; x_wconf 79' lang='lat' dir='ltr'><strong>p.</strong></span> <span class='ocrx_word' id='word_1_364' title='bbox 2064 4639 2138 4689; x_wconf 88' lang='lat'><strong>35</strong></span> <span class='ocrx_word' id='word_1_365' title='bbox 2164 4635 2229 4689; x_wconf 82' lang='lat' dir='ltr'><strong>ed</strong></span> <span class='ocrx_word' id='word_1_366' title='bbox 2256 4634 2402 4689; x_wconf 86' lang='lat' dir='ltr'><strong>Hav.</strong></span> <span class='ocrx_word' id='word_1_367' title='bbox 2551 4639 2616 4688; x_wconf 90' lang='grc'><em>19</em></span> <span class='ocrx_word' id='word_1_368' title='bbox 2646 4635 2784 4688; x_wconf 79' lang='lat' dir='ltr'><strong>haut</strong></span> <span class='ocrx_word' id='word_1_369' title='bbox 2810 4636 3004 4692; x_wconf 80' lang='lat' dir='ltr'><strong>tamen</strong></span> 
     </span>
     <span class='ocr_line' id='line_1_43' title="bbox 397 4712 3005 4791; baseline -0.002 -17"><span class='ocrx_word' id='word_1_370' title='bbox 397 4718 543 4776; x_wconf 71' lang='lat' dir='ltr'><strong>inter</strong></span> <span class='ocrx_word' id='word_1_371' title='bbox 578 4736 638 4776; x_wconf 84' lang='lat' dir='ltr'><strong>se</strong></span> <span class='ocrx_word' id='word_1_372' title='bbox 675 4719 868 4791; x_wconf 64' lang='lat' dir='ltr'><strong>magni</strong></span> <span class='ocrx_word' id='word_1_373' title='bbox 903 4721 1167 4787; x_wconf 79' lang='lat' dir='ltr'><strong>regnator</strong></span> <span class='ocrx_word' id='word_1_374' title='bbox 1213 4718 1488 4788; x_wconf 73' lang='lat' dir='ltr'><strong>Veryilius</strong></span> <span class='ocrx_word' id='word_1_375' title='bbox 1629 4725 1696 4773; x_wconf 84' lang='grc'><strong>22</strong></span> <span class='ocrx_word' id='word_1_376' title='bbox 1736 4719 1866 4773; x_wconf 76' lang='lat' dir='ltr'><strong>telis</strong></span> <span class='ocrx_word' id='word_1_377' title='bbox 1913 4717 1971 4772; x_wconf 79' lang='lat' dir='ltr'><strong>et:</strong></span> <span class='ocrx_word' id='word_1_378' title='bbox 2015 4716 2141 4769; x_wconf 88' lang='lat' dir='ltr'><strong>luce</strong></span> <span class='ocrx_word' id='word_1_379' title='bbox 2188 4731 2447 4769; x_wconf 84' lang='lat' dir='ltr'><strong>coruscus</strong></span> <span class='ocrx_word' id='word_1_380' title='bbox 2497 4712 2797 4783; x_wconf 74' lang='lat' dir='ltr'><strong>Verqilius,</strong></span> <span class='ocrx_word' id='word_1_381' title='bbox 2841 4714 3005 4784; x_wconf 74' lang='lat' dir='ltr'><strong>idque</strong></span> 
     </span>
     <span class='ocr_line' id='line_1_44' title="bbox 397 4794 3005 4869; baseline -0.002 -13"><span class='ocrx_word' id='word_1_382' title='bbox 397 4801 745 4856; x_wconf 74' lang='lat' dir='ltr'><strong>Aru-sianum</strong></span> <span class='ocrx_word' id='word_1_383' title='bbox 771 4799 1020 4869; x_wconf 75' lang='lat' dir='ltr'><strong>posuisse</strong></span> <span class='ocrx_word' id='word_1_384' title='bbox 1046 4804 1187 4868; x_wconf 79' lang='lat' dir='ltr'><strong>puto</strong></span> <span class='ocrx_word' id='word_1_385' title='bbox 1340 4804 1408 4853; x_wconf 85' lang='grc'><strong>23</strong></span> <span class='ocrx_word' id='word_1_386' title='bbox 1447 4801 1505 4852; x_wconf 80' lang='lat' dir='ltr'><strong>et</strong></span> <span class='ocrx_word' id='word_1_387' title='bbox 1539 4799 1730 4854; x_wconf 78' lang='lat' dir='ltr'><strong>lucent</strong></span> <span class='ocrx_word' id='word_1_388' title='bbox 1766 4798 1881 4853; x_wconf 75' lang='lat' dir='ltr'><strong>PG</strong></span> <span class='ocrx_word' id='word_1_389' title='bbox 2034 4801 2101 4849; x_wconf 84' lang='grc'><strong>29</strong></span> <span class='ocrx_word' id='word_1_390' title='bbox 2142 4795 2240 4865; x_wconf 87' lang='lat' dir='ltr'><strong>qui</strong></span> <span class='ocrx_word' id='word_1_391' title='bbox 2286 4810 2446 4863; x_wconf 83' lang='lat' dir='ltr'><strong>reges</strong></span> <span class='ocrx_word' id='word_1_392' title='bbox 2482 4796 2653 4863; x_wconf 74' lang='lat' dir='ltr'><strong>atque</strong></span> <span class='ocrx_word' id='word_1_393' title='bbox 2689 4794 2882 4864; x_wconf 79' lang='lat' dir='ltr'><strong>populi</strong></span> <span class='ocrx_word' id='word_1_394' title='bbox 2917 4794 3005 4851; x_wconf 79' lang='lat' dir='ltr'><strong>ira</strong></span> 
     </span>
     <span class='ocr_line' id='line_1_45' title="bbox 398 4873 3003 4949; baseline -0.003 -13"><span class='ocrx_word' id='word_1_395' title='bbox 398 4883 498 4936; x_wconf 66' lang='lat' dir='ltr'><strong>aab</strong></span> <span class='ocrx_word' id='word_1_396' title='bbox 531 4879 914 4936; x_wconf 79' lang='lat' dir='ltr'><strong>misericordia</strong></span> <span class='ocrx_word' id='word_1_397' title='bbox 949 4879 1178 4949; x_wconf 81' lang='lat' dir='ltr'><strong>impulsi</strong></span> <span class='ocrx_word' id='word_1_398' title='bbox 1204 4879 1351 4934; x_wconf 81' lang='lat' dir='ltr'><strong>male</strong></span> <span class='ocrx_word' id='word_1_399' title='bbox 1380 4879 1760 4934; x_wconf 79' lang='lat' dir='ltr'><strong>consuluerint</strong></span> <span class='ocrx_word' id='word_1_400' title='bbox 1787 4877 2115 4941; x_wconf 61' lang='lat' dir='ltr'><strong>Sallu-stim,</strong></span> <span class='ocrx_word' id='word_1_401' title='bbox 2152 4875 2252 4929; x_wconf 81' lang='lat' dir='ltr'><strong>ubi</strong></span> <span class='ocrx_word' id='word_1_402' title='bbox 2288 4890 2430 4943; x_wconf 77' lang='lat' dir='ltr'><strong>qnae</strong></span> <span class='ocrx_word' id='word_1_403' title='bbox 2459 4890 2569 4944; x_wconf 81' lang='lat' dir='ltr'><strong>pro</strong></span> <span class='ocrx_word' id='word_1_404' title='bbox 2606 4873 2703 4943; x_wconf 88' lang='lat' dir='ltr'><strong>qui</strong></span> <span class='ocrx_word' id='word_1_405' title='bbox 2739 4892 2777 4928; x_wconf 85' lang='lat' dir='ltr'><strong>a</strong></span> <span class='ocrx_word' id='word_1_406' title='bbox 2803 4890 3003 4929; x_wconf 82' lang='lat' dir='ltr'><strong>eorrec-</strong></span> 
     </span>
     <span class='ocr_line' id='line_1_46' title="bbox 397 4953 2929 5031; baseline -0.002 -14"><span class='ocrx_word' id='word_1_407' title='bbox 397 4962 612 5017; x_wconf 74' lang='lat' dir='ltr'><strong>toribus</strong></span> <span class='ocrx_word' id='word_1_408' title='bbox 647 4961 892 5017; x_wconf 79' lang='lat' dir='ltr'><strong>codicum</strong></span> <span class='ocrx_word' id='word_1_409' title='bbox 924 4962 1189 5031; x_wconf 79' lang='lat' dir='ltr'><strong>seriptum</strong></span> <span class='ocrx_word' id='word_1_410' title='bbox 1226 4966 1303 5016; x_wconf 87' lang='lat' dir='ltr'><strong>est</strong></span> <span class='ocrx_word' id='word_1_411' title='bbox 1446 4959 1847 5015; x_wconf 77' lang='lat' dir='ltr'><strong>consuluerunt</strong></span> <span class='ocrx_word' id='word_1_412' title='bbox 1887 4957 2048 5024; x_wconf 74' lang='lat' dir='ltr'><strong>GM,</strong></span> <span class='ocrx_word' id='word_1_413' title='bbox 2087 4957 2253 5011; x_wconf 76' lang='lat' dir='ltr'><strong>codex</strong></span> <span class='ocrx_word' id='word_1_414' title='bbox 2300 4953 2606 5008; x_wconf 77' lang='lat' dir='ltr'><strong>Vaticanus</strong></span> <span class='ocrx_word' id='word_1_415' title='bbox 2642 4954 2900 5009; x_wconf 77' lang='lat' dir='ltr'><strong>Sallustii</strong></span> <span class='ocrx_word' id='word_1_416' title='bbox 2925 5009 2929 5013; x_wconf 83' lang='grc'><strong>,</strong></span> 
     </span>
    </p>
   </div>
   <div class='ocr_carea' id='block_1_12' title="bbox 2469 5046 2578 5097">
    <p class='ocr_par' dir='ltr' id='par_1_15' title="bbox 2469 5046 2578 5097">
     <span class='ocr_line' id='line_1_47' title="bbox 2469 5046 2578 5097; baseline 0.009 -1"><span class='ocrx_word' id='word_1_417' title='bbox 2469 5046 2578 5097; x_wconf 85' lang='grc'><strong>30*</strong></span> 
     </span>
    </p>
   </div>
   <div class='ocr_carea' id='block_1_13' title="bbox 399 4153 822 4161">
    <p class='ocr_par' dir='ltr' id='par_1_16' title="bbox 399 4153 822 4161">
     <span class='ocr_line' id='line_1_48' title="bbox 399 4153 822 4161; baseline 0 0"><span class='ocrx_word' id='word_1_418' title='bbox 399 4153 822 4161; x_wconf 95' lang='lat' dir='ltr'><strong> </strong></span> 
     </span>
    </p>
   </div>
  </div>
 </body>
</html>
