3613 5528
1587 427 1968 484 EXCERPTA
2935 429 3065 495 319

457 613 649 675 babile
688 621 780 675 est
814 612 1159 675 Diomedem
1198 623 1387 676 artem
1424 617 1864 694 grammaticam
1901 615 2015 676 boc
2045 616 2282 676 nomine
2311 617 2656 696 inscriptam
2686 618 3065 697 usurpavisse

459 722 842 802 eiusdemque
881 721 1025 783 artis
1064 730 1339 803 excerpta
1389 722 1460 783 ad
1510 740 1684 785 usum
1731 722 2068 784 scholarum
2116 723 2554 785 accommodata
2601 732 2662 786 et
2708 727 2767 785 in
2818 724 3066 784 formam

458 832 938 910 interrogationis
985 839 1046 893 et
1092 834 1497 912 responsionis
1544 830 1780 892 redacta
1830 831 2039 912 fuisse,
2088 849 2237 911 quae
2285 832 2346 891 in
2394 849 2568 892 suum
2605 830 2823 892 librum
2864 831 3064 892 Audax

461 939 701 1017 recepit.
758 936 865 998 alia
896 937 1224 998 eorundem
1263 946 1681 1019 excerptorum
1719 939 1991 999 recensio
2030 945 2147 1020 est,
2194 957 2346 1017 quae
2386 957 2546 1000 nunc
2582 941 2644 999 in
2682 923 2851 999 libris
2888 957 3065 999 manu

460 1046 698 1124 scriptis
734 1048 949 1125 partim
988 1044 1275 1107 Victorini
1313 1046 1526 1125 partim
1563 1044 1935 1105 Palaemonis
1974 1046 2211 1105 nornine
2251 1047 2535 1126 inscripta
2570 1044 2851 1127 habetur,
2890 1064 3065 1127 quam

459 1170 489 1211 a
527 1151 708 1212 Mario
746 1150 1049 1213 Victorino
1085 1153 1443 1233 prolectam,
1490 1151 1592 1213 sed
1642 1155 1902 1232 graviter
1949 1152 2324 1233 depravatam
2372 1162 2433 1214 et
2478 1152 2885 1234 perturbatam
2932 1172 3066 1214 esse

458 1257 578 1319 dixi
624 1276 868 1338 gramm.
914 1257 1010 1320 lat.
1054 1278 1104 1320 v.
1144 1259 1216 1319 Vl
1255 1280 1309 1341 p.
1348 1258 1549 1322 XXIV.
1624 1258 1835 1320 Scauri
1882 1267 2077 1321 autem
2127 1278 2341 1321 nomen
2390 1260 2549 1322 nulla
2596 1279 2772 1323 causa
2819 1270 2912 1323 est
2958 1280 3067 1322 cur

459 1383 577 1425 non
622 1365 693 1425 ad
744 1374 1004 1427 veterem
1043 1374 1105 1427 et
1140 1366 1398 1429 nobilem
1437 1368 1886 1446 grammaticum
1927 1366 1994 1440 Q.
2034 1367 2382 1430 Terentium
2422 1368 2712 1430 Scaurum
2752 1370 3066 1452 referatur,

459 1491 608 1552 quae
666 1472 779 1534 fuit
835 1475 1128 1535 sententia
1183 1473 1492 1536 Ritschelii
1548 1492 1752 1555 opusc.
1809 1474 2009 1555 philol.
2064 1494 2116 1536 v.
2165 1475 2217 1536 11
2272 1495 2327 1556 p.
2376 1473 2524 1538 607.
2600 1494 2955 1557 quamquam
3006 1478 3067 1537 in

458 1583 686 1642 incerto
733 1580 1191 1661 relinquendum
1239 1590 1362 1664 est,
1418 1588 1623 1643 utrum
1670 1582 1874 1644 Audax
1921 1600 1988 1643 ea
2045 1584 2241 1644 omnia
2297 1601 2448 1663 quae
2495 1584 2651 1664 apud
2697 1582 3065 1645 Victorinum

458 1690 673 1749 omissa
720 1697 860 1750 sunt
907 1707 978 1750 ex
1025 1691 1324 1769 excerptis
1354 1686 1564 1750 Scauri
1611 1691 1927 1772 receperit,
1971 1707 2044 1750 an
2092 1688 2380 1769 quaedam
2426 1689 2500 1752 ab
2547 1689 2676 1752 aliis
2722 1689 3067 1752 auctoribus

458 1799 640 1877 petita
686 1797 979 1859 addiderit
1025 1845 1038 1858 .
1086 1805 1262 1877 atque
1312 1799 1488 1858 etiam
1545 1799 1740 1877 ipsum
1790 1796 2000 1859 Scauri
2050 1797 2300 1879 librum,
2356 1816 2475 1878 quo
2532 1806 2592 1859 et
2646 1797 2959 1858 Diomedes
3007 1805 3067 1857 et

456 1913 694 1984 praeter
738 1904 899 1966 hunc
946 1904 1043 1966 alii
1098 1906 1463 1985 grammatici
1520 1906 1615 1965 usi
1671 1914 1838 1988 sunt,
1893 1924 2011 1966 non
2067 1913 2212 1986 puto
2268 1907 2675 1986 incorruptam
2733 1904 3064 1966 doctrinam

459 2013 675 2072 veteris
721 2014 1115 2094 grammatici,
1171 2013 1342 2072 cuius
1399 2029 1614 2072 nomen
1671 2030 1814 2091 prae
1873 2029 1937 2072 se
1996 2010 2250 2094 ferebat,
2309 2014 2701 2094 continuisse,
2748 2010 2854 2072 sed
2899 2029 3066 2072 more

459 2121 975 2199 grammaticorum
1034 2128 1323 2181 mutatum
1380 2121 1584 2180 fuisse.
1667 2120 1905 2199 gravius
1962 2138 2101 2180 vero
2159 2117 2301 2180 illud
2358 2127 2477 2201 est,
2540 2119 2697 2199 quod
2756 2118 2937 2181 multa
2993 2138 3064 2180 ex

458 2225 548 2287 his
588 2244 737 2305 quae
777 2245 849 2287 ex
888 2225 1097 2288 Scauri
1144 2229 1330 2307 copiis
1367 2246 1399 2288 a
1437 2226 1719 2288 Diomede
1762 2226 1855 2287 vel
1892 2225 1963 2286 ab
2003 2226 2236 2288 Audace
2277 2236 2334 2287 et
2373 2225 2676 2288 Victorino
2715 2227 3063 2307 deprompta

458 2332 742 2395 habemus
790 2333 859 2394 ad
907 2333 1189 2396 Varronis
1246 2333 1577 2395 doctrinam
1625 2334 1951 2395 revocanda
2000 2342 2156 2396 sunt.
2233 2328 2365 2395 nam
2413 2343 2473 2396 et
2521 2352 2735 2397 nomen
2786 2333 3066 2395 Varronis

458 2439 550 2501 bis
605 2441 760 2521 apud
807 2439 1151 2503 Diomedem
1207 2440 1569 2521 adscriptum
1627 2450 1745 2523 est,
1799 2461 1856 2522 p.
1903 2438 2064 2524 426,
2119 2438 2201 2502 21
2252 2442 2325 2504 de
2381 2442 2594 2503 officiis
2649 2443 3064 2523 grammaticae

460 2556 518 2609 et
563 2544 721 2631 439,
773 2545 854 2609 16
902 2548 975 2609 de
1024 2547 1339 2631 latinitate,
1385 2558 1445 2610 et
1491 2547 1601 2609 alia
1647 2550 1790 2610 satis
1837 2551 2019 2610 certis
2065 2548 2303 2610 indiciis
2348 2551 2404 2610 ei
2453 2548 2842 2610 vindicantur.

634 2654 873 2717 Palladii
913 2657 1179 2736 nomine,
1227 2655 1383 2735 quod
1415 2655 1618 2716 Audax
1655 2658 1715 2716 in
1758 2657 2143 2736 inscriptione
2181 2656 2318 2718 libri
2355 2665 2491 2737 post
2520 2655 2813 2718 Scaurum
2849 2659 3066 2738 posuit,

459 2766 517 2823 is
536 2761 713 2845 liber,
762 2782 937 2842 quem
977 2764 1342 2844 grammatici
1372 2762 1545 2843 vulgo
1575 2762 1756 2825 Probi
1786 2766 2025 2826 nomine
2055 2771 2522 2846 usurpaverunt,
2558 2782 2668 2826 nos
2695 2762 3064 2826 Priscianum

459 2878 520 2932 et
563 2870 911 2951 Pompeium
959 2874 1152 2933 secuti
1197 2873 1468 2933 instituta
1525 2873 1742 2932 artium
1791 2871 2238 2956 appellavimus,
2293 2873 2613 2952 significari
2668 2871 2919 2933 videtur.
2993 2889 3064 2932 ex

460 2978 571 3039 hoc
627 2980 785 3040 enim
841 2978 1272 3058 disputationes
1319 2979 1393 3041 de
1449 2978 1643 3041 tribus
1697 2979 1970 3059 partibus
2026 2982 2338 3061 orationis,
2394 2981 2840 3060 coniunctione,
2898 2996 3063 3058 prae·

458 3088 779 3168 positione,
823 3087 1237 3147 interiectione
1284 3086 1566 3148 collectae
1615 3095 1770 3147 sunt.
1845 3087 1950 3148 sed
2005 3088 2066 3147 in
2121 3086 2215 3147 bis
2271 3104 2508 3166 quoque
2565 3083 3065 3165 disputationibus

459 3192 746 3274 quaedam
794 3196 1204 3276 inveniuntur,
1252 3211 1402 3273 quae
1448 3194 1509 3253 in
1558 3190 1866 3253 codicibus
1913 3193 2042 3252 eius
2088 3190 2226 3252 libri
2273 3210 2389 3253 non
2438 3191 2734 3270 leguntur.
