3613 5528
631 426 665 487 1
676 423 759 487 74
1705 422 2005 479 CASSIOD
2011 423 2162 480 ORII

621 535 664 572 p.
694 524 812 565 2298.
843 525 894 565 99
922 523 969 565 Ρ.

619 601 1025 689 nuncupetur,
1083 614 1151 667 ut
1203 604 1394 666 lanam
1449 608 1768 687 significet:
1825 607 1939 669 hoc
1988 607 2174 670 vellus
2223 609 2379 669 enim
2433 607 2612 668 huius
2657 608 2893 670 velleris
2952 608 3108 669 facit.
3183 609 3233 668 si

496 732 503 737 ·
620 724 816 776 autem
873 734 979 794 per
1035 713 1073 775 b
1129 721 1351 775 mutam
1409 722 1693 795 notetur„
1741 734 1960 795 genere
2019 714 2346 777 masculino
2402 734 2470 776 ac
2524 715 2916 779 declinatione
2973 714 3231 777 secunda

620 820 1036 903 declinabitur,
1095 830 1159 882 ut
1205 823 1421 881 scitum
1467 821 1806 884 denuntiet:
1864 823 1959 883 hic
2007 826 2164 884 enim
2224 821 2416 884 bellus
2462 823 2640 885 huius
2687 822 2850 904 belli,
2906 826 3096 884 scitus
3141 821 3233 881 vel

619 928 882 1008 iocosuS,
928 947 1036 1009 per
1075 946 1248 988 casus
1285 926 1695 989 declinabitur.
1739 928 1748 1005 Ι
1789 927 1866 989 vil
1905 928 2120 1008 syllaba
2161 932 2212 990 si
2250 930 2430 991 fuerit
2468 930 2852 1012 antecedens,
2898 950 2933 989 v
2972 928 3230 990 vocalem

620 1032 858 1094 habebit
904 1052 1011 1112 pro
1060 1041 1450 1115 consonante,
1498 1043 1564 1095 ut
1612 1034 1781 1095 villus
1830 1036 2193 1117 vestimenti,
2241 1034 2372 1096 villa
2418 1039 2736 1116 possessio.
3261 1054 3289 1093 r,

796 1139 918 1200 Van
967 1148 1028 1200 et
1086 1160 1196 1201 ven
1245 1150 1305 1202 et
1360 1142 1455 1200 vin
1515 1138 1767 1219 syllabae
1825 1159 1860 1199 v
1907 1139 2166 1201 vocalem
2225 1140 2528 1203 habebunt
2573 1160 2682 1221 pro
2730 1151 3119 1224 consonante,
3165 1152 3234 1203 ut

620 1264 848 1307 vannus
893 1253 1106 1308 ventus
1153 1248 1425 1309 vindicta.

799 1351 915 1431 Vap
970 1354 1276 1432 praefinita
1332 1354 1550 1434 syllaba
1607 1373 1640 1413 v
1702 1353 1959 1414 vocalem
2016 1353 2257 1416 habebit
2311 1375 2422 1436 pro
2478 1365 2870 1439 consonante,
2925 1366 2992 1417 ut
3045 1374 3231 1436 vappa

616 1448 890 1540 ὑδαρής.
965 1458 1108 1520 alias
1155 1460 1385 1521 vocales
1431 1464 1589 1521 inter
1635 1479 1668 1519 v
1716 1468 1778 1521 et
1822 1479 1860 1540 p
1909 1460 2223 1523 collocatas
2270 1464 2466 1523 inveni
2514 1462 2787 1524 deficere.

799 1637 825 1683 1
860 1634 1211 1700 nuncupatur
1239 1634 1292 1685 A
1401 1638 1432 1685 3
1463 1631 1859 1702 declinabitur]
1891 1632 2271 1687 declarabitur
2296 1633 2353 1687 B
2463 1639 2495 1688 5
2523 1633 2800 1704 possessio
2822 1632 2939 1688 AG
2959 1632 3149 1703 possio
3175 1633 3232 1687 B

620 1709 909 1779 possessiO.
978 1711 1114 1765 Bam
1163 1712 1334 1766 etiam
1383 1712 1668 1767 vocalibus
1714 1711 1842 1765 aliis
1886 1710 2383 1767 intervenientibus
2426 1712 2486 1767 in
2532 1713 2717 1782 prima
2760 1713 2979 1784 syllaba
3022 1712 3232 1767 nullius

616 1790 856 1845 nominis
885 1791 1167 1845 enuntiari
1194 1791 1457 1861 cognovi,
1495 1792 1603 1846 nisi
1630 1791 1689 1845 in
1715 1791 2170 1861 glossematibus,
2209 1794 2503 1848 Bammum
2540 1790 2842 1860 ὀξυτάριον
2869 1796 3040 1863 atque
3077 1794 3231 1848 bam·

618 1870 747 1924 balo
768 1866 1083 1939 ψελλιστὴςε
1117 1886 1260 1939 quae
1281 1888 1381 1940 per
1399 1872 1436 1926 b
1465 1874 1681 1927 mutam
1701 1874 2017 1929 scribuntur
2038 1890 2071 1932 ς
2090 1879 2139 1927 et
2160 1873 2357 1928 Carrio
2376 1875 2547 1943 antiq.
2570 1875 2682 1928 lect.
2705 1875 2789 1928 II
2802 1880 2871 1930 2:
2890 1876 2959 1941 cf.
2971 1878 3173 1943 p.167,
3198 1878 3233 1927 7

1518 2121 1886 2177 MARTYBII
1923 2121 2020 2176 DE
2058 2121 2104 2176 B
2143 2123 2238 2176 ΕΤ
2275 2121 2328 2176 V

618 2285 795 2347 huius
842 2285 1012 2366 belli,
1070 2288 1256 2347 scitus
1303 2285 1392 2349 vel
1438 2289 1703 2370 iocosuS,
1760 2308 1869 2369 per
1916 2308 2090 2350 casus
2136 2288 2484 2352 declinatur.
2564 2290 2643 2351 vil
2690 2289 2903 2371 syllaba
2953 2292 3003 2351 si
3049 2291 3233 2351 fuerit

616 2392 1000 2473 antecedenS,
1054 2412 1087 2452 v
1135 2393 1394 2454 vocalem
1452 2395 1693 2457 habebit
1746 2416 1857 2475 pro
1906 2404 2297 2478 consonante,
2353 2406 2421 2458 ut
2466 2396 2640 2458 villus
2687 2388 2724 2459 ὁ
2772 2393 3049 2479 aalide,
3095 2396 3230 2456 villa

616 2488 652 2558 ὁ
695 2489 918 2578 ἀγρός.
985 2499 1077 2559 vol
1112 2502 1362 2579 primam
1402 2505 1657 2564 nominis
1695 2500 1975 2581 syllabam
2007 2521 2201 2582 neque
2240 2502 2480 2562 brevem
2518 2505 2718 2564 inveni
2748 2521 2941 2583 neque
2979 2502 3234 2585 longam,

615 2606 729 2664 nisi
777 2607 1104 2684 antiquitus
1149 2625 1258 2686 pro
1295 2607 1393 2669 vul
1422 2610 1781 2690 figuratam,
1828 2618 1897 2670 ut
1935 2608 2127 2669 voltus
2163 2627 2272 2688 pro
2312 2628 2383 2669 eo
2421 2609 2580 2689 quod
2618 2618 2712 2670 est
2747 2609 2971 2691 vultuS,
3018 2609 3231 2670 volnus

616 2729 725 2790 pro
770 2710 984 2773 vulnus
1032 2722 1092 2774 et
1136 2713 1363 2776 similia.
1438 2734 1588 2796 quae
1646 2718 1695 2776 si
1752 2714 1936 2777 libido
1995 2716 2176 2777 fuerit
2222 2715 2528 2798 adhibere,
2583 2718 2746 2777 iuxta
2793 2718 3083 2778 rationem
3129 2714 3228 2777 vul
3257 2737 3284 2776 5

614 2817 866 2897 syllabae
914 2824 1250 2881 necessario
1299 2822 1666 2905 scribentur,
1722 2842 1832 2903 per
1879 2843 1910 2882 v
1967 2823 2304 2902 digammon
2353 2823 2606 2904 scilicet,
2665 2830 2729 2884 ut
2775 2822 2972 2885 vultus
3019 2820 3231 2902 vulgus

615 2924 820 3003 vulpes
859 2925 1057 2986 vultur
1084 2926 1409 3012 Vulcanus3
1449 2928 1605 2992 bulla
1646 2932 1865 3010 quippe
1900 2938 2100 2990 notata
2129 2929 2499 2991 solummodo
2537 2932 2696 2991 iuxta
2738 2948 2914 3010 quam
2951 2932 3230 3009 superius

615 3029 886 3093 dedimus
933 3036 1240 3097 rationem.

794 3138 934 3199 Bam
974 3149 1036 3201 et
1071 3141 1372 3204 vocalibus
1409 3142 1539 3202 aliis
1577 3142 2111 3202 intervenientibus
2148 3143 2209 3202 in
2248 3144 2438 3222 prima
2477 3143 2692 3223 syllaba
2722 3144 3230 3205 nullius-nominis

614 3248 912 3319 enuntiari
965 3250 1243 3330 cognovi,
1298 3252 1413 3310 nisi
1459 3252 1518 3309 in
1567 3248 2020 3328 glossematibus
2067 3247 2297 3308 bamma
2344 3239 2680 3332 ὀξύγαρον
2728 3260 2904 3330 atque
2960 3249 3229 3311 bambalo
3261 3274 3313 3312 ιο

613 3342 648 3411 ὁ
689 3345 1072 3433 ψελλιστής,
1121 3373 1270 3434 quae
1320 3373 1429 3435 per
1465 3354 1503 3415 b
1540 3361 1763 3414 mutam
1802 3352 2166 3415 scribuntur.
2247 3373 2355 3415 van
2395 3374 2505 3415 ven
2545 3359 2639 3416 vin
2688 3356 2941 3436 syllabae
2979 3376 3013 3417 v
3060 3375 3228 3417 voca-

612 3456 727 3517 lem
776 3457 1078 3520 habebunt
1122 3478 1233 3539 pro
1280 3470 1668 3542 consonante,
1727 3468 1793 3522 ut
1839 3478 2067 3521 vannus
2114 3470 2326 3522 ventus
2372 3463 2645 3523 vindicta.
2729 3463 2846 3524 bon
2892 3462 3012 3524 bun
3061 3462 3229 3542 sylla-

612 3562 716 3623 bas
763 3582 883 3624 non
932 3566 1128 3625 inveni
1175 3572 1559 3647 praepositas,

792 3669 910 3749 Vap
964 3672 1272 3749 praefinita
1331 3674 1546 3754 syllaba
1602 3695 1637 3733 v
1692 3674 1952 3735 vocalem
2008 3674 2248 3737 habebit
2302 3695 2412 3756 pro
2469 3686 2860 3760 consonante,
2922 3685 2988 3738 ut
3045 3695 3227 3756 vappa

612 3793 779 3800 --——

793 3848 818 3895 1
859 3841 1032 3896 scitus
1066 3842 1158 3895 vel
1192 3842 1413 3901 iocosus
1452 3847 1508 3899 P
1535 3846 1709 3901 scitus
1745 3864 1818 3901 an
1856 3846 2011 3902 locus
2046 3847 2115 3901 N
2251 3854 2284 3901 2
2322 3847 2554 3904 habebit
2589 3848 2645 3901 P
2671 3849 2935 3904 habuerit
2967 3848 3034 3901 N
3165 3850 3233 3902 ut

611 3924 755 3978 villa
792 3923 958 3978 villus
994 3924 1055 3977 et
1088 3921 1225 3991 quia
1259 3926 1379 3996 (leq.
1419 3930 1586 3996 quae)
1625 3943 1692 3980 ex
1727 3942 1793 3981 eo
1838 3928 2206 3981 traducuntur
2240 3926 2501 3982 villatum
2540 3932 2600 3984 et
2634 3929 2900 3984 villosum
2938 3928 3036 3983 sed
3080 3928 3231 3981 inter

611 4004 751 4059 haec
783 4004 887 4058 issa
922 4005 1010 4058 est
1043 4002 1359 4060 differentia
1392 4008 1542 4075 quod
1579 4008 1699 4061 arte
1734 4005 1996 4060 villatum
2024 4003 2266 4078 efficitur
2291 4009 2491 4061 natura
2532 4024 2666 4064 vero
2704 4012 3033 4063 exornatum
3068 4007 3232 4063 villo-

614 4103 737 4139 sum
782 4084 908 4140 ideo
955 4087 1016 4139 et
1060 4082 1340 4153 Vergilius
1384 4089 1545 4153 (Aen.
1595 4084 1772 4138 VIII
1814 4086 1946 4154 177)
1991 4086 2138 4139 dixit
2178 4086 2368 4141 villosi
2420 4087 2568 4156 pelle
2616 4088 2807 4144 leonis.
2876 4088 2984 4142 Vol
3036 4088 3092 4141 P

613 4171 649 4218 4
685 4166 997 4235 antiquitus
1042 4182 1143 4235 pro
1178 4165 1275 4219 vul
1327 4167 1628 4237 figuratum
1671 4166 1739 4218 ut
1771 4164 1987 4219 voltum
2033 4182 2134 4235 pro
2171 4166 2334 4220 vultu
2371 4168 2431 4221 et
2467 4167 2664 4222 volnus
2701 4185 2803 4238 pro
2840 4185 2906 4223 eo
2943 4169 3092 4237 quod
3144 4171 3234 4225 est

615 4245 815 4299 vulnus
856 4246 912 4298 P
952 4245 1261 4314 antiquitas
1310 4264 1410 4317 pro
1450 4244 1545 4301 vul
1581 4244 1883 4313 figuratum
1921 4246 1986 4299 ut
2027 4246 2176 4313 quod
2217 4247 2305 4301 est
2340 4245 2523 4302 voltus
2561 4247 2759 4302 volnus
2795 4265 2896 4318 pro
2932 4248 3134 4303 vulnus
3171 4249 3238 4302 Ν

721 4333 752 4380 ὃ
790 4325 1016 4381 libitum
1052 4325 1223 4380 fuerit
1251 4324 1507 4381 adhiberi
1547 4323 1604 4376 P
1745 4328 1775 4376 ⁷
1815 4322 2012 4392 vulpes
2051 4324 2107 4376 P
2133 4324 2322 4395 vulpis
2353 4325 2428 4380 N
2569 4332 2634 4380 10
2672 4326 3134 4396 glosemmatibus
3171 4329 3240 4382 N

719 4407 988 4461 bammun
1025 4406 1081 4458 P
1255 4413 1317 4460 11
1359 4405 1676 4460 scribuntur
1712 4408 1787 4472 qu
1826 4419 2030 4473 graeca
2066 4420 2185 4459 esse
2221 4404 2486 4473 pleraque
2523 4404 2905 4476 intellegimus
2943 4407 3230 4462 bammum
3328 4411 3336 4419 '

616 4487 763 4540 enim
802 4506 916 4540 απο
954 4505 1054 4540 του
1092 4488 1443 4558 εμβληματος
1478 4484 1691 4539 dictum
1729 4499 1851 4536 esse
1890 4482 2131 4537 aruitror
2168 4484 2428 4539 bambalo
2465 4501 2598 4540 vero
2635 4487 2952 4541 nominatus
2990 4490 3078 4541 est
3114 4509 3231 4543 απο

612 4587 711 4620 του
750 4568 1129 4638 βαμβαλυζειν
1165 4566 1314 4634 quod
1361 4566 1448 4620 illi
1505 4582 1699 4634 ρεπειν
1742 4560 2181 4630 interpretantur
2218 4565 2676 4635 βαμβακευτριαν
2710 4586 2815 4635 την
2853 4584 3122 4635 ρακστιαν
3156 4578 3232 4636 ’1¹²

613 4666 709 4699 και
756 4663 1221 4716 φαρμακευτριαν
1266 4645 1574 4699 nominant.
1631 4644 1755 4699 Van
1796 4643 1853 4696 P
1999 4650 2062 4698 14
2107 4643 2612 4714 Vap-praeposita
2649 4648 2871 4717 syllaba
2908 4665 2940 4701 v
2979 4647 3232 4703 vocalem

614 4725 849 4779 habebit
892 4742 994 4794 pro
1040 4727 1378 4800 consonante
1424 4726 1488 4777 ut
1535 4740 1724 4794 vappa
1768 4724 1983 4791 υδαρης
2031 4723 2173 4778 alias
2219 4725 2367 4780 inter
2412 4727 2637 4782 vocales
2675 4746 2711 4783 v
2747 4731 2806 4783 et
2842 4745 2879 4797 p
2928 4727 3232 4782 collocatas

612 4802 861 4858 invenire
898 4821 1007 4858 non
1045 4804 1205 4871 potui
1240 4804 1299 4859 in
1336 4822 1373 4873 q
1413 4804 1633 4873 syllaba
1667 4801 1972 4858 terminata
1997 4805 2245 4859 nostram
2274 4805 2474 4875 effugit
2498 4807 2790 4862 scientiam
2819 4813 2869 4861 et
2895 4808 2960 4861 in
2984 4810 3235 4878 margine

618 4882 833 4938 Persius
870 4899 1055 4953 vappa.
1090 4883 1278 4954 lippus
1315 4885 1374 4938 et
1407 4882 1467 4938 in
1503 4883 1663 4938 tenui
1697 4883 1736 4941 f.
1776 4900 1848 4937 m.
1891 4883 1968 4938 P.-
2005 4885 2075 4952 cf.
2119 4885 2271 4941 Pers.
2312 4890 2365 4953 5,
2403 4890 2475 4941 77
2618 4887 2768 4958 Vap]
2810 4886 2956 4941 BAR
2990 4888 3059 4942 N
