3613 5528
542 394 670 460 118
961 478 969 484 .
1665 393 2014 450 Aenoscn

538 508 580 545 p.
610 496 728 538 2268.
758 497 810 536 69
838 496 887 538 P.

538 579 787 641 addatur
846 589 948 641 aut
996 574 1173 640 eesse’
1221 586 1324 640 aut
1369 578 1580 659 aliquis
1636 579 1768 640 talis
1824 598 2040 662 sermo,
2086 582 2187 659 qui
2233 597 2516 659 praesens
2564 587 2801 660 tempus
2847 581 3139 653 restituat,

540 688 653 748 uisi
700 706 817 748 uno
864 686 994 747 loco
1044 684 1133 763 [et
1179 687 1345 765 quasi
1391 685 1505 746 hoc
1552 687 1819 748 mirabile
1869 706 1987 747 uno
2033 685 2222 768 loco],

854 811 1152 873 namque
1202 791 1331 854 sub
1378 792 1713 855 Oebaliae
1763 795 2053 855 memini
2100 811 2202 854 me
2249 792 2581 855 turribus
2627 793 2796 854 altis

855 898 1230 979 Corycium
1282 900 1292 976 Ι
1342 900 1608 961 vidisse
1656 919 1929 982 senem,

537 1005 693 1087 quod
740 1013 950 1087 poetae
996 1024 1107 1086 pro
1156 1009 1509 1068 necessitate
1556 1010 1732 1068 metri
1776 1008 1945 1070 licuit
1989 1026 2297 1089 usurpare.
2379 1028 2388 1037 ·
3199 1026 3226 1066 5

642 1143 660 1163 s
712 1112 906 1173 Instar
954 1111 1111 1173 illius
1158 1114 1245 1173 rei
1292 1112 1490 1174 dicere
1538 1113 1851 1197 debemus,
1898 1133 2018 1176 non
2064 1114 2134 1175 ad
2181 1117 2385 1178 instar.

714 1220 1034 1292 Quaeritur
1080 1218 1152 1279 ab
1199 1219 1532 1303 aliquantiS,
1576 1240 1761 1302 quare
1809 1240 1838 1282 s
1882 1221 2078 1283 littera
2125 1225 2282 1284 inter
2326 1223 2580 1303 liquidas
2627 1225 2816 1303 posita
2864 1225 2960 1304 sit,
3007 1240 3144 1284 cum

537 1328 627 1389 vel
688 1327 810 1388 sola
869 1328 1064 1388 facere
1125 1327 1404 1408 syllabam
1465 1328 1730 1390 videatur
1799 1348 1866 1390 ac
1925 1347 2035 1409 per
2092 1327 2206 1390 hoc
2265 1328 2424 1391 dicta
2489 1332 2566 1392 sit
2629 1348 2770 1391 suae
2837 1328 3145 1390 cuiusdam

535 1436 847 1515 potestatis
903 1453 1065 1514 esse,
1119 1434 1262 1495 aliae
1320 1443 1517 1497 autem
1575 1436 1827 1516 liquidae
1884 1439 1944 1497 in
2001 1438 2130 1516 ipso
2187 1455 2485 1499 concursu
2532 1437 2865 1499 litterarum
2913 1445 2974 1498 et
3020 1455 3143 1496 sor-

537 1561 777 1603 monum
834 1544 915 1603 ita
970 1542 1481 1627 conglutinentur,
1537 1554 1603 1607 ut
1656 1563 1845 1625 paene
1901 1547 2148 1605 interire
2205 1544 2529 1605 videantur.
2611 1544 2757 1605 haec
2815 1545 2964 1604 ratio
3026 1551 3144 1604 est:
3176 1562 3229 1601 ιο

538 1650 690 1731 apud
752 1648 1013 1731 Latium,
1074 1649 1231 1710 unde
1290 1650 1548 1712 latinitas
1613 1659 1741 1712 orta
1801 1659 1921 1730 est,
1981 1653 2166 1711 maior
2221 1649 2476 1731 populus
2530 1660 2590 1712 et
2644 1652 2831 1730 magis
2895 1652 3147 1730 egregiis

538 1755 765 1818 artibus
810 1756 1040 1837 pollens
1087 1758 1267 1818 Tusci
1317 1758 1583 1837 suerunt,
1639 1759 1741 1836 qui
1799 1756 2039 1836 quidem
2087 1764 2297 1817 natura
2343 1755 2576 1836 linguae
2625 1776 2766 1819 suae
2815 1777 2844 1818 s
2889 1758 3146 1819 litteram

536 1882 671 1924 raro
720 1866 1076 1944 exprimunt.
1151 1863 1298 1925 haec
1344 1882 1442 1924 res
1488 1882 1618 1924 eam
1667 1864 1808 1924 fecit
1852 1862 2058 1923 haberi
2101 1862 2401 1943 liquidam.

715 1970 908 2032 Arbor
954 1989 1129 2031 omne
1174 1971 1400 2050 lignum
1448 1970 1693 2052 dicitur,
1740 1969 1982 2031 arbusta
2007 1930 2150 2030 'on
2195 1972 2312 2030 nisi
2359 1971 2684 2033 fructifera.

714 2079 872 2140 Hora
919 2078 1151 2140 dierum
1199 2087 1317 2160 est,
1365 2096 1469 2140 ora
1513 2079 1736 2139 finium.
3177 2095 3229 2136 15

712 2185 964 2266 Pignera
1013 2204 1216 2247 rerum
1263 2193 1431 2267 sunt,
1474 2188 1722 2265 pignora
1770 2184 2026 2246 filiorum
2075 2195 2135 2247 et
2180 2184 2597 2246 adfectionum.

715 2291 1033 2354 Columbae
1081 2310 1229 2372 quae
1280 2294 1658 2355 mansuefieri
1702 2300 1956 2373 possunt
2004 2300 2064 2354 et
2114 2291 2389 2354 domibus
2435 2292 2808 2375 adsuescere,
2843 2293 3149 2374 palumbes

539 2401 699 2461 serae
747 2401 903 2461 saxis
950 2399 1231 2479 silvisque
1278 2399 1692 2462 inhabitantes,

715 2506 923 2569 Rubor
970 2506 1186 2567 coloris
1233 2515 1351 2590 est,
1399 2506 1584 2569 robur
1630 2508 1887 2588 virtutiS,
1934 2505 2115 2567 robor
2161 2505 2408 2567 arboris,

715 2614 973 2676 Veniunt
1020 2617 1122 2695 qui
1169 2614 1451 2695 vendunt,
1497 2622 1755 2675 veneunt
1800 2631 1952 2694 quae
1999 2611 2356 2674 venduntur.
3176 2633 3231 2671 20

717 2721 1176 2783 Consuescimus
1222 2720 1403 2802 bona,
1451 2722 1846 2782 insuescimus
1895 2718 2072 2800 mala,
2118 2718 2526 2783 adsuescimus
2574 2729 2843 2802 utraque.

716 2829 1084 2908 Contingunt
1129 2828 1307 2909 bona,
1353 2828 1630 2890 accidunt
1675 2827 1852 2910 mala,
1899 2829 2182 2889 eveniunt
2227 2837 2498 2908 utraque.

712 2936 904 3016 Fungi
950 2954 1124 3016 agere
1172 2944 1289 3019 est,
1337 2935 1578 3015 defungi
1627 2934 1909 3013 [deficere
1958 2932 2076 3011 vel]
2124 2954 2428 3016 peragere.

714 3043 1067 3105 Adolescere
1097 3044 1397 3125 augmenti
1427 3049 1535 3124 est,
1571 3041 1902 3102 inolescere
1933 3044 2326 3124 coaugmenti,
2373 3042 2712 3103 exolescere
2743 3045 3149 3107 evanescendi.

712 3150 943 3212 Avenae
974 3152 1176 3213 sterile
1204 3169 1468 3232 germen,
1504 3149 1767 3211 habenae
1798 3148 2125 3210 retinacula
2162 3151 2584 3211 iumentorum.
2648 3148 2763 3211 hoc
2792 3149 2864 3210 de
2893 3150 3149 3212 habendi
3178 3166 3229 3206 25

536 3266 861 3340 potestate,
906 3258 1051 3320 illud
1097 3259 1169 3320 de
1217 3257 1547 3338 occupandi
1597 3257 1872 3317 aviditate
1919 3255 2161 3316 dictum.

712 3365 1017 3426 Deuncem
1062 3366 1270 3427 decem
1317 3367 1521 3425 uncias
1567 3363 1844 3438 dicimuS‚
1893 3361 2168 3423 diuncem
2215 3362 2508 3425 undecim.

713 3471 1103 3533 Pulchritudo
1162 3472 1383 3533 formae
1439 3473 1503 3532 in
1547 3471 1690 3530 viris
1748 3469 2031 3551 dignitas,
2090 3470 2248 3531 unde
2297 3471 2506 3532 Cicero
2552 3490 2662 3551 pro
2712 3471 2906 3534 Caelio
2955 3467 3150 3552 ‘quis

540 3597 676 3638 non
734 3580 968 3658 possit
1023 3577 1189 3638 huic
1245 3580 1467 3639 aetati
1522 3584 1740 3656 atque
1803 3575 1977 3637 huic
2043 3575 2412 3659 dignitati,
2479 3580 2628 3639 etsi
2694 3581 2847 3640 sine
2913 3582 3150 3661 suspi-

720 3757 745 3803 1
788 3749 992 3818 aliquis
1019 3749 1152 3804 talis
1184 3750 1259 3803 M
1284 3749 1605 3820 aliquantus
1633 3748 1688 3802 Β
1717 3748 1924 3818 aliquis
1961 3765 1990 3803 c
2133 3753 2165 3801 2
2205 3747 2314 3804 nisi
2350 3767 2462 3805 uno
2499 3749 2624 3805 loco
2656 3754 2713 3805 et
2748 3757 2815 3824 ᾷῖ
2850 3752 2958 3807 hoc
2985 3751 3151 3806 mira-

537 3830 651 3884 bile
698 3847 807 3884 uno
853 3829 979 3884 loco
1026 3844 1265 3899 namque
1316 3830 1389 3882 Μ
1432 3828 1540 3883 nisi
1586 3846 1697 3883 uno
1745 3828 1871 3884 loco
1910 3845 2152 3898 namque
2187 3832 2243 3886 Β
2279 3831 2389 3885 nisi
2425 3832 2485 3885 in
2520 3847 2631 3884 uno
2668 3831 2793 3887 loco
2828 3848 3071 3900 namque
3109 3831 3159 3887 G

536 3910 643 3965 nisi
680 3926 790 3965 uno
828 3911 950 3965 loco
990 3913 1051 3965 et
1085 3910 1248 3978 quasi
1281 3909 1389 3965 hoc
1425 3908 1685 3964 mirabile
1711 3925 1954 3977 namque
1992 3924 2051 3966 ςε
2093 3911 2246 3981 Very.
2276 3927 2451 3980 qao-2⁶9.
2483 3912 2648 3966 IIII
2676 3917 2791 3968 125
2898 3918 2930 3964 3
2973 3911 3150 3967 Oeba-

536 3991 647 4046 liae
686 4006 720 4048 ς
758 3990 973 4045 eboliae
1010 3990 1066 4043 Β
1103 3989 1283 4045 eoliae
1324 3989 1393 4057 0,
1428 3990 1494 4043 in
1529 3992 1734 4044 lacuna
1769 4006 1870 4045 om.
1913 3990 1988 4043 M
2156 3996 2188 4045 5
2227 3990 2483 4059 usurpari
2518 3989 2573 4042 Β
2746 3998 2778 4045 8
2825 3992 2941 4062 vel]
2995 3993 3154 4048 uelut

538 4070 737 4125 MBC
874 4071 1057 4126 facere
1095 4072 1376 4141 syllabam
1412 4070 1529 4124 BC
1561 4069 1783 4139 syllaba
1818 4071 2016 4125 haberi
2055 4071 2130 4124 M
2270 4077 2301 4124 9
2341 4087 2461 4125 esse
2501 4068 2549 4123 C
2590 4072 2679 4124 est
2711 4071 2792 4138 B,
2831 4087 2931 4125 om.
2973 4074 3048 4126 Μ

539 4157 604 4206 10
642 4150 1100 4222 conglutinantur
1138 4151 1185 4205 G
1217 4151 1637 4223 conglutiuntur
1673 4150 1728 4202 B
1869 4156 1932 4203 11
1972 4150 2220 4220 Latium]
2268 4148 2506 4204 latinum
2541 4149 2597 4203 Β
2635 4150 2839 4205 latinos
2878 4151 2926 4205 Ο
3030 4154 3152 4206 orta.

536 4235 625 4288 est
655 4234 715 4288 et
750 4232 930 4286 maior
969 4232 1040 4285 M
1218 4230 1457 4286 maiores
1494 4232 1690 4301 populi
1730 4229 1779 4284 G
1954 4237 2019 4284 13
2067 4231 2219 4301 raro]
2268 4247 2392 4285 roro
2431 4246 2570 4285 corr.
2608 4231 2680 4284 al.
2718 4247 2787 4284 m.
2826 4248 2952 4286 raro
2988 4233 3043 4285 Β

534 4313 674 4368 facit
708 4312 916 4367 habere
952 4312 1008 4365 Β
1156 4317 1224 4366 14
1258 4310 1465 4365 dicitur
1500 4326 1600 4365 om.
1641 4311 1717 4363 M
1847 4309 2076 4363 arbusta
2112 4310 2330 4366 nonnisi
2365 4309 2654 4365 fructifera.
2689 4310 2849 4365 Beda
2881 4329 2939 4380 p.
2975 4318 3150 4380 2778,

535 4394 699 4448 arbos
737 4391 959 4447 nonnisi
995 4390 1281 4447 fructifera.
1318 4390 1456 4445 MR
1494 4390 1590 4443 sed
1629 4388 1852 4444 nonnisi
1887 4388 2177 4445 fructifera.
2216 4389 2262 4443 G
2377 4394 2440 4443 17
2481 4390 2803 4443 mansuetae
2831 4389 2952 4443 fieri
2991 4391 3065 4444 M

540 4481 604 4528 18
644 4473 795 4528 ferae
833 4474 892 4528 et
928 4473 1077 4527 saxis
1113 4471 1228 4525 BG
1260 4478 1310 4525 et
1344 4472 1503 4525 Beda
1532 4488 1592 4541 p.
1630 4474 1789 4525 2782
2008 4476 2075 4524 19
2123 4471 2293 4524 rubur
2332 4473 2488 4538 (corr.
2528 4470 2717 4537 robur)
2756 4468 2933 4523 uirtus
2984 4471 3152 4526 robor

536 4553 703 4608 arbor
742 4551 790 4606 0
928 4557 999 4606 20
1036 4551 1203 4622 quae]
1243 4550 1340 4620 qui
1380 4552 1453 4604 M
1486 4557 1537 4605 et
1570 4551 1730 4604 Beda
1758 4566 1821 4617 p.
1850 4553 2003 4604 2804
2148 4555 2215 4602 22
2255 4549 2552 4617 configunt
2591 4550 2664 4602 M
2805 4555 2873 4603 23
2913 4549 3149 4605 deficere

533 4634 626 4688 vel
674 4650 775 4690 om.
812 4633 934 4688 ΒΟ
964 4637 1015 4687 et
1049 4632 1224 4686 Beda.
1263 4649 1324 4700 p.
1363 4636 1537 4697 2785,
1574 4631 1703 4685 add.
1742 4631 1819 4683 M
1993 4633 2063 4681 24
2099 4628 2415 4699 augmenti]
2465 4629 2669 4682 mentis
2711 4629 2767 4682 Β
2950 4646 3149 4684 euane-

535 4712 727 4768 scendi
765 4717 797 4779 ἐξ
835 4715 911 4767 M
944 4709 1299 4767 enaniscendi
1325 4711 1380 4764 Β
1510 4716 1576 4764 27
1618 4709 1812 4764 decem
1840 4709 2029 4764 untias
2065 4705 2315 4763 decimus
2352 4707 2408 4761 Β
2536 4713 2603 4761 28
2641 4725 2742 4777 pro
2772 4707 2961 4764 Caelio
2999 4709 3145 4780 quis]

534 4808 636 4860 pro
683 4790 890 4860 aliquis
939 4791 1005 4845 0:
1057 4791 1165 4847 Cic.
1207 4809 1267 4860 p.
1309 4791 1452 4846 Cael.
1492 4795 1545 4856 3,
1582 4796 1620 4845 «9
1799 4796 1868 4844 29
1915 4789 2047 4844 huic
2085 4789 2384 4858 posteriore
2420 4789 2534 4846 loco
2570 4804 2671 4844 om.
2702 4805 2745 4858 p
2929 4792 2989 4844 et
3033 4788 3149 4844 sine

537 4869 911 4941 suspicatione
947 4871 1003 4925 Β
1041 4870 1263 4927 etiamsi
1301 4869 1420 4925 sine
1457 4868 1767 4939 suspicione
1794 4887 1841 4940 p
