3613 5528
584 414 615 477 l
627 414 713 477 70
1663 414 2126 471 CASSIODORII

574 527 618 563 p.
646 517 750 579 ,²²9⁷
778 516 827 556 P.

578 600 786 663 Graeci
848 598 1130 661 σεῦτλον
1175 598 1496 680 appellant,
1558 602 1836 678 quoniam
1893 602 1953 661 in
1999 619 2213 679 graeco
2268 601 2426 662 idem
2481 619 2670 679 genus
2717 599 3019 661 observari
3076 619 3196 661 non

576 707 783 785 potuit.
859 714 1165 785 praeterea
1218 707 1588 787 quaerimuS,
1642 725 1750 768 cur
1806 708 2024 768 veritas
2079 714 2139 768 et
2197 708 2464 767 feminini
2522 709 2757 786 generis
2814 708 3076 768 existens
3136 715 3198 767 ct

576 831 863 892 superans
910 812 1327 892 disyllaborum
1375 829 1712 874 mensuram
1760 832 1868 893 per
1914 832 1974 894 v,
2020 831 2138 874 non
2185 832 2294 893 per
2340 813 2377 874 b
2435 813 2756 894 scribatur3
2813 823 2875 874 et
2923 812 3194 893 dicimus,

575 921 712 997 quia
759 938 877 980 non
927 928 1018 981 est
1067 921 1292 998 primae
1342 937 1557 981 nomen
1602 922 1942 1003 positioniS,
1979 920 2080 980 sed
2129 919 2438 981 descendit
2474 938 2507 980 a
2545 918 2747 981 mobili
2794 937 3029 998 genere.
3102 925 3194 979 est

576 1025 734 1086 enim
782 1043 958 1087 verus
1005 1042 1169 1085 vera.
1196 1043 1427 1106 verum,
1474 1043 1545 1085 ex
1593 1043 1713 1104 quo
1749 1029 2015 1087 nascitur
2063 1025 2373 1106 appellatio
2412 1028 2657 1108 veritas,
2704 1035 2765 1087 et
2809 1026 2941 1087 ideo
2988 1027 3190 1106 primi·
3222 1041 3250 1082 5

576 1133 781 1193 formis
831 1134 924 1193 sui
972 1132 1235 1211 regulam
1285 1133 1620 1193 necessario
1668 1132 1948 1194 defendit.
2023 1132 2199 1194 simili
2248 1132 2420 1193 modo
2458 1140 2518 1193 et
2563 1133 2830 1193 venatrix
2885 1132 3193 1193 masculini

575 1240 667 1299 sui
714 1240 1005 1317 originem
1055 1241 1344 1318 sequitur.
1733 1308 1743 1321 ,

753 1344 820 1405 Vi
876 1344 1049 1424 longa
1108 1345 1197 1406 vel
1252 1343 1449 1407 brevis
1504 1348 1727 1415 nomini
1783 1345 2076 1426 praebens
2131 1348 2395 1427 initium,
2451 1348 2502 1407 si
2557 1365 2590 1407 a
2647 1364 2896 1407 numero
2953 1345 3072 1429 bis,
3131 1346 3188 1407 id

574 1459 666 1513 est
712 1452 1003 1533 secundo,
1049 1455 1373 1532 composita
1439 1453 1646 1532 fuerit,
1701 1470 1810 1531 per
1856 1451 1895 1512 b
1951 1460 2174 1513 mutam
2223 1451 2535 1514 scribetur.
2608 1446 2986 1515 discretionis
3032 1454 3190 1513 enim

573 1560 758 1638 gratia
814 1557 908 1620 bis
965 1577 1249 1621 numerus
1302 1578 1412 1639 per
1472 1559 1621 1620 hanc
1676 1559 1933 1623 litteram
1993 1559 2303 1641 scribitur,
2371 1568 2440 1620 ut
2495 1565 2808 1640 separetur
2863 1577 2895 1619 a
2951 1561 3190 1621 nomine
3220 1577 3275 1617 10

573 1664 1001 1748 monosyllabo,
1056 1666 1212 1745 quod
1272 1668 1387 1728 vim
1433 1677 1495 1728 et
1540 1669 1956 1728 necessitatem
2014 1668 2337 1749 significat,
2402 1666 2582 1728 veluti
2640 1664 2843 1746 biceps
2908 1663 3202 1746 bilinguis·

574 1770 843 1833 biformis
901 1772 1173 1852 bipatens
1227 1771 1533 1837 biennium
1581 1774 1805 1835 bimum
1854 1772 1986 1853 biga
2034 1771 2277 1835 biduum
2327 1771 2554 1834 bicolor
2600 1772 2875 1853 bipennis
2920 1772 3188 1852 biiugum

573 1897 639 1938 ac
687 1879 838 1939 talia.
914 1882 964 1940 si
1011 1889 1207 1941 autem
1253 1898 1401 1959 pura
1450 1887 1792 1940 remaneant
1843 1872 2121 1961 numero‘,
2169 1899 2201 1937 v
2249 1880 2579 1941 traductam
2626 1882 2687 1939 in
2735 1882 3187 1941 consonantium

572 1992 922 2075 potestatem
992 1985 1293 2048 habebunt
1356 1990 1634 2069 positam,
1696 1994 1767 2047 ut
1827 1988 2015 2046 victor
2082 1987 2282 2046 vinum
2351 1988 2482 2046 vitis
2548 1988 2737 2046 victus
2774 1985 3011 2046 *vinitor
3070 1982 3187 2047 vita

719 2164 744 2211 1
787 2158 1007 2213 seutlou
1043 2159 1099 2212 Β
1138 2158 1397 2213 sedutlon
1432 2157 1549 2213 AO
1670 2154 1956 2212 obseruari
1993 2174 2104 2212 non
2133 2158 2329 2228 ‘potuit
2362 2157 2512 2212 idem
2550 2173 2727 2227 genus
2764 2155 2872 2210 AG
3001 2164 3033 2211 3
3084 2157 3192 2213 dis·

572 2236 914 2306 syllabarum
936 2237 984 2293 G
998 2238 1483 2308 desyllabarumA
1594 2238 1693 2292 sed
1711 2236 1948 2291 dicimus
1965 2236 2130 2291 ABG
2230 2243 2264 2291 4
2299 2236 2672 2292 descendatB
2783 2240 2814 2289 5
2837 2235 3107 2305 apellatio
3136 2237 3191 2291 A

573 2316 920 2386 appellatiuo
940 2318 994 2371 Β
1026 2318 1432 2389 appellatiuum
1456 2317 1504 2373 0
1606 2324 1637 2371 9
1669 2315 1980 2385 composita
2009 2317 2178 2372 fuerit
2203 2333 2301 2386 per
2320 2318 2359 2381 b
2386 2318 2602 2370 mutam
2623 2315 2941 2370 scribuntur
2961 2315 3192 2373 Rcom-

575 2397 762 2467 posita
798 2397 1005 2453 fuerint
1041 2415 1140 2468 per
1167 2398 1206 2453 b
1242 2402 1459 2453 mutam
1498 2397 1812 2452 scribuntur
1843 2396 1980 2451 Par.
2011 2410 2045 2454 ς
2176 2404 2241 2451 10
2279 2396 2502 2466 separet
2537 2394 2592 2447 B
2713 2399 2774 2448 11
2815 2394 2967 2462 quod
2993 2397 3107 2451 uim
3139 2399 3193 2452 A

574 2477 724 2546 quod
770 2477 828 2531 ui
867 2476 914 2530 C
954 2476 1090 2546 quia
1127 2478 1240 2533 uim
1278 2480 1334 2532 Β
1388 2478 1539 2549 quod
1586 2479 1674 2534 est
1706 2477 1795 2531 uis
1835 2475 2031 2531 Carrio
2212 2483 2277 2530 12
2316 2475 2596 2546 bipatens]
2643 2473 2953 2544 bipartenis
2990 2476 3047 2529 Β

580 2565 645 2612 14
680 2558 887 2628 victus]
928 2559 1090 2613 uetus
1127 2558 1307 2613 ABG
1342 2559 1476 2617 Par.
1536 2578 1613 2614 an
1647 2556 1863 2625 vitus?,
1899 2557 2044 2628 quod
2080 2561 2156 2611 est
2192 2557 2345 2626 apud
2385 2555 2631 2611 Probum
2675 2557 2802 2611 inst.
2841 2574 2903 2626 p.
2944 2561 3070 2624 116,
3107 2564 3192 2614 22

1479 2835 1846 2891 MARTYRII
1884 2835 1979 2889 DE
2018 2835 2063 2888 B
2101 2835 2194 2889 ET
2233 2833 2285 2888 V

573 3007 833 3067 existens
879 2987 961 3065 et’
995 3021 1285 3083 superans
1330 3003 1750 3084 disyllaborum
1797 3019 2138 3064 mensuram
2192 3020 2300 3081 per
2347 3020 2408 3081 v,
2466 3018 2583 3061 non
2643 3019 2751 3084 per
2797 2998 2835 3061 b
2882 3002 3192 3086 scribitur3

573 3120 633 3172 et
680 3112 959 3189 dicimuS,
1005 3109 1161 3188 quod
1207 3128 1320 3170 non
1351 3119 1445 3174 est
1491 3112 1714 3190 primae
1762 3109 2072 3189 positionis
2110 3125 2356 3188 nomen,
2402 3105 2505 3166 sed
2554 3105 2863 3168 descendit
2909 3126 2942 3168 a
2988 3107 3192 3193 mpbili

572 3235 808 3296 genere.
893 3224 984 3277 est
1040 3218 1197 3276 enim
1255 3235 1430 3278 verus
1479 3234 1616 3276 vera
1662 3233 1869 3277 verum
1883 3262 1902 3294 ,
1961 3232 2034 3273 ex
2090 3231 2207 3292 quo
2264 3214 2528 3273 nascitur
2585 3212 2898 3291 appellatio
2957 3216 3193 3296 veritaS,

575 3332 636 3384 et
672 3324 806 3385 ideo
844 3324 1229 3402 primiformis
1259 3326 1350 3384 sui
1389 3322 1656 3402 regulam
1694 3322 2032 3382 necessario
2068 3319 2350 3381 defendit.
2417 3318 2595 3379 simili
2632 3318 2896 3380 modoet
2927 3322 3188 3432 venagix

579 3429 887 3490 masculini
930 3431 1026 3489 sui
1074 3430 1362 3508 originem
1410 3429 1698 3506 sequitur.
3220 3443 3246 3483 5

752 3534 820 3596 Vi
867 3534 1035 3613 longa
1076 3534 1167 3595 vel
1212 3533 1409 3596 brevis
1447 3537 1670 3596 nomini
1718 3534 2009 3615 praebens
2055 3535 2320 3615 initium,
2366 3535 2418 3595 si
2457 3552 2489 3593 a
2527 3551 2777 3594 numero
2825 3533 2946 3615 his,
2991 3534 3049 3593 id
3097 3543 3194 3596 est

462 3685 468 3691 ·
575 3641 856 3723 secundo,
894 3642 1468 3723 compositaefuerit,
1516 3659 1625 3721 per
1664 3639 1701 3700 b
1741 3649 1964 3701 mutam
2004 3639 2318 3700 scribetur.
2392 3638 2771 3700 discretionis
2809 3641 2966 3699 enim
3005 3642 3191 3719 gratia

576 3748 667 3808 bis
723 3765 1011 3809 numerus
1066 3765 1175 3827 per
1231 3747 1382 3808 hanc
1437 3748 1693 3808 litteram
1752 3746 2064 3828 scribitur,
2120 3754 2187 3807 ut
2245 3754 2555 3826 separetur
2611 3763 2641 3804 a
2692 3746 2929 3806 nomine
2987 3749 3224 3806 mono-⁴¹

578 3854 826 3935 syllabo,
874 3855 1030 3933 quod
1070 3856 1187 3915 vim
1226 3864 1285 3917 et
1324 3847 1740 3917 necessitatem
1780 3855 2101 3934 significat,
2142 3852 2323 3913 veluti
2361 3853 2563 3931 biceps
2603 3851 2883 3931 bilinguis
2920 3851 3192 3930 biformis

576 3958 849 4040 bipatens
904 3961 1207 4022 biennium
1265 3961 1487 4023 bimum
1544 3960 1676 4041 biga
1732 3960 1978 4021 biduum
2027 3958 2254 4019 bicolor
2299 3958 2560 4039 bipinnis
2607 3958 2872 4038 biiugum
2919 3977 2987 4019 ac
3035 3958 3190 4020 talia.
3225 3978 3275 4015 lo

577 4070 628 4129 si
673 4067 786 4128 hoc
832 4076 1028 4129 autem
1076 4086 1224 4147 pura
1271 4076 1574 4129 remaneat
1616 4085 1895 4149 numero,
1942 4086 1975 4125 v
2015 4065 2286 4128 traducta
2330 4068 2390 4127 in
2431 4068 2887 4126 consonantium
2932 4071 3190 4144 potesta-

578 4183 698 4236 tem
747 4175 928 4235 fuerit
972 4176 1191 4256 posita,
1237 4183 1303 4235 ut
1342 4177 1529 4236 victor
1567 4176 1768 4235 vinum
1805 4175 1943 4234 vitis
1981 4174 2173 4234 victus
2213 4173 2430 4232 vinitor
2467 4172 2583 4231 vita
2631 4173 2722 4233 via
2768 4171 2941 4256 vidua
2987 4174 3192 4252 vipera

578 4286 765 4344 viator
811 4284 1104 4358 vitisator,
1161 4291 1398 4361 praeter
1444 4282 1736 4361 bitumen,
1784 4282 2168 4359 quia-neutri
2212 4280 2450 4357 generis
2495 4280 2830 4339 consistens
2876 4297 3192 4340 numerum

576 4390 997 4471 disyllaborum
1043 4391 1322 4470 excessit3
1370 4386 1547 4449 bilem
1596 4390 1774 4448 etiam
1821 4386 2197 4447 discretionis
2235 4403 2441 4447 causa:
2488 4401 2620 4444 nam
2671 4387 2721 4445 si
2769 4384 2965 4447 sellem
3012 4387 3192 4465 signi-

755 4568 783 4616 1
825 4561 1230 4632 disyllaborum
1267 4575 1559 4630 personam
1600 4556 1657 4611 P
1688 4555 2031 4627 syllabarum
2069 4573 2388 4612 mensuram
2416 4556 2482 4609 N
2583 4560 2615 4608 3
2656 4554 2964 4626 appellatio
2993 4571 3092 4612 om.
3114 4557 3193 4624 N,

577 4644 704 4697 add.
744 4642 801 4696 P
975 4648 1004 4696 7
1044 4639 1357 4711 composita
1390 4638 1601 4695 fuerint
1633 4654 1733 4707 per
1769 4637 1808 4690 b
1845 4640 2061 4692 mutam
2098 4635 2408 4692 scribentur
2440 4634 2509 4688 N
2539 4636 2854 4703 composita
2887 4635 3060 4690 fuerit
3093 4652 3194 4705 per

578 4724 615 4777 b
652 4722 866 4776 mutam
902 4719 1235 4776 formabitur
1275 4721 1331 4774 P
1467 4725 1540 4774 10
1586 4718 1676 4774 bis
1713 4720 1913 4788 patens
1948 4717 2016 4772 N
2151 4715 2318 4786 bigae
2359 4715 2416 4769 P
2554 4713 2813 4785 bipennis
2853 4715 2911 4768 P
3053 4722 3114 4771 11
3157 4734 3192 4771 v

581 4801 899 4857 traductam
896 4800 1003 4933 Nin
1054 4798 1477 4856 consonantium
1525 4799 1867 4868 potestatem
1910 4796 2145 4853 habebit
2189 4798 2254 4851 ut
2295 4795 2477 4852 victor
2512 4793 2729 4849 viscum
2765 4795 2958 4850 vinum
2996 4795 3053 4849 P

577 4881 861 4950 potestate
