3613 5528
589 390 722 454 496
1574 388 1927 445 ARVSIANI
1964 387 2204 444 MESSII

591 504 634 542 p.
663 489 757 529 249.
783 489 864 530 250
890 488 944 529 n.

768 572 933 654 Opus
989 582 1081 635 est
1132 573 1229 634 illa
1285 592 1412 649 νοε,
1467 573 1586 636 Cic.
1643 576 1702 635 in
1751 573 1999 635 Verrem
2044 574 2118 635 de
2166 582 2446 654 praetura
2492 577 2640 646 (act.
2686 592 2805 635 see.
2856 575 2893 633 I
2935 572 3199 647 48,126)

591 679 809 741 multa
857 680 996 742 sibi
1042 699 1219 761 opus
1266 699 1452 763 esse,
1501 679 1717 743 multa
1764 679 2071 743 canibus
2109 684 2288 763 suiS‚
2333 680 2468 743 Ter.
2508 681 2653 742 And.
2692 682 2822 756 (IV
2855 681 2984 757 4,1)
3021 699 3200 760 quae

590 806 771 868 opus
819 788 1021 849 suere
1069 787 1151 849 ad
1199 789 1491 868 nuptias
1539 795 1742 849 natae
1792 790 2037 868 paravi
2083 837 2097 850 .

769 893 890 956 Oro
928 904 1015 977 te,
1062 894 1181 957 Cic.
1218 913 1328 975 pro
1368 894 1639 957 Cluentio
1676 896 1979 971 (70‚201)
2026 904 2184 957 orat
2230 914 2349 956 vos
2395 894 2700 957 Habitus
2744 893 2882 957 iud.
2947 910 3052 954 oro
3092 891 3199 953 abs

593 1011 679 1084 te,
738 1002 902 1083 Verg.
960 1003 1104 1065 Aen.
1159 1001 1238 1062 XI
1286 1003 1470 1077 (358)
1526 1004 1951 1083 veniamque
2003 1002 2014 1077 Ι
2062 1020 2345 1064 oremus
2401 1002 2483 1064 ab
2539 1004 2722 1084 ipso,
2776 1000 2983 1064 cedat
3029 1049 3043 1062 .
3090 1020 3199 1062 oro
3256 1013 3284 1052 5

594 1118 789 1172 tecum
839 1129 946 1190 pro
997 1119 1053 1172 te
1104 1128 1237 1192 oro,
1284 1109 1420 1171 Ter.
1466 1109 1643 1190 Hecy.
1692 1111 1824 1184 (IV
1864 1110 2049 1184 4,64)

1073 1219 1184 1297 egi
1231 1225 1445 1296 atque
1491 1219 1692 1277 oravi
1742 1225 1974 1279 tecum
2026 1235 2315 1277 uxorem
2363 1216 2671 1278 duceres
2717 1263 2731 1276 .

771 1322 1040 1385 Obnixus
1085 1324 1223 1385 huic
1273 1326 1390 1405 rei,
1435 1321 1605 1403 Verg.
1652 1342 1814 1403 geor.
1853 1322 1934 1384 111
1973 1325 2157 1398 (233)
2203 1323 2489 1386 arboris
2537 1322 2843 1385 obnixus
2891 1333 3147 1386 trunco
3188 1371 3203 1384 .

595 1430 849 1492 obnixus
895 1438 1102 1491 contra
1149 1429 1273 1506 illa,
1321 1411 1489 1510 νοτε.
1539 1431 1680 1491 Aen.
1729 1429 1784 1490 X
1831 1430 2018 1504 (359)
2067 1435 2259 1493 stant
2315 1430 2559 1493 obnixi
2615 1434 2846 1492 omnia
2891 1439 3142 1492 contra
3189 1477 3205 1492 .

774 1536 1013 1618 Optavit
1055 1536 1199 1598 illud
1247 1536 1358 1617 illi,
1407 1536 1575 1617 Verg.
1625 1539 1772 1600 Aen.
1820 1538 1899 1599 Ill
1946 1538 2135 1612 (109)
2190 1540 2611 1619 optavitque
2668 1538 2899 1599 locum
2956 1552 3293 1620 regn031⁰

596 1655 657 1707 et
703 1647 789 1707 sic
836 1647 1016 1706 etiam
1063 1643 1175 1705 sibi
1214 1644 1536 1726 adoptavit,
1583 1643 1702 1705 Cic.
1741 1647 1803 1706 in
1842 1644 2117 1706 Pisonem
2164 1648 2501 1706 maiorem
2550 1644 2689 1707 sibi
2735 1647 3039 1726 insuper
3080 1645 3204 1706 ille

598 1770 769 1813 avus
815 1752 1186 1831 adoptavit
1231 1799 1243 1813 .
2381 1761 2387 1766 '

776 1856 1035 1919 Obverto
1083 1877 1289 1920 navem
1336 1859 1494 1941 loco,
1541 1858 1711 1938 Verg.
1759 1859 1902 1920 Aen.
1941 1858 2014 1919 vl
2053 1860 2151 1931 (3)
2199 1858 2591 1920 obvertunt
2635 1859 2889 1939 pelago
2935 1877 3209 1938 proras.

778 1965 1166 2046 Opportunus
1229 1965 1312 2027 illi
1377 1968 1493 2048 rei,
1552 1965 1720 2046 Verg.
1777 1967 1920 2026 Aen.
1978 1965 2104 2026 Vlll
2162 1966 2346 2038 (235)
2400 1961 2450 2044 †
2507 1984 2649 2027 cana
2711 1965 2900 2027 nidis
2954 1965 3207 2027 domus

601 2080 1010 2152 opportuna
1056 2071 1452 2154 volucrum,
1502 2072 1616 2133 Sal.
1665 2072 1786 2151 lug.
1836 2073 2042 2147 (20,2)
2091 2083 2542 2153 opportunus
2588 2074 2900 2135 iniuriae
2949 2120 2963 2134 .
3238 2087 3293 2128 15

780 2178 966 2240 Obsto
1013 2177 1147 2255 tibi,
1194 2179 1364 2259 Verg.
1413 2181 1554 2241 Aen.
1603 2179 1681 2240 Xl
1730 2181 1920 2254 (435)
1968 2188 2389 2260 tantumque
2445 2180 2654 2241 bonis
2712 2178 3207 2242 communibus

602 2285 838 2366 obsto,
884 2284 1003 2346 Cic.
1051 2303 1160 2365 pro
1207 2284 1423 2347 Roscio
1472 2288 1554 2364 (p.
1603 2287 1781 2358 Bosc.
1830 2287 2032 2348 Amer.
2081 2288 2348 2362 50,145)
2396 2287 2565 2367 quid
2612 2287 2747 2349 tihi
2794 2284 3046 2348 obsto?

781 2390 979 2453 Orbus
1034 2402 1230 2473 patre,
1284 2391 1454 2472 Verg.
1501 2394 1643 2455 Aen.
1702 2391 1781 2453 XI
1841 2393 2024 2468 (216)
2089 2397 2444 2474 puerique
2500 2394 2925 2476 parentibus
2981 2393 3143 2456 orbi
3192 2415 3208 2457 :

603 2502 690 2561 sic
747 2508 808 2560 et
861 2498 1306 2580 orbatus‚‚Cic.
1363 2500 1424 2560 in
1480 2499 1756 2561 Pisonem
1814 2501 2060 2577 (15,34)
2116 2520 2280 2583 non,
2347 2512 2424 2564 ut
2478 2511 2551 2564 tu
2607 2505 2906 2583 insuper
2962 2502 3208 2563 dicere

603 2625 821 2668 ausus
867 2624 968 2688 es,
1015 2605 1341 2667 orbatum
1386 2610 1620 2687 patria
1667 2655 1680 2668 .
2070 2631 2079 2641 ·
3240 2624 3299 2663 2⁰

782 2714 873 2778 Ob
919 2733 1050 2797 ora,
1098 2712 1265 2795 Verg.
1315 2715 1455 2777 Aen.
1504 2714 1610 2777 XII
1659 2716 1849 2791 (865)
1897 2715 2123 2778 Turni
2179 2735 2251 2778 se
2307 2719 2539 2798 pestis
2595 2715 2685 2778 ob
2740 2735 2863 2779 ora
2917 2717 3209 2797 fertque

604 2824 996 2902 refertque.
1380 2870 1388 2877 .

781 2928 1115 3009 opulentus
1171 2928 1266 2990 his
1322 2929 1530 3011 rebuS‚
1590 2930 1757 3012 νοτε.
1805 2934 1946 2992 Aen.
1995 2932 2019 2992 l
2075 2932 2273 3006 (447)
2328 2931 2535 2993 donis
2591 2931 3037 3014 opulentum,
3092 2930 3210 2992 Sal.

604 3037 727 3117 lug.
776 3037 978 3113 (5⁷,1)
1027 3039 1244 3098 armis
1289 3039 1617 3116 virisque
1666 3036 2090 3117 opulentum
2140 3086 2154 3100 .

782 3142 949 3224 Opus
978 3145 1257 3226 civitatiS,
1294 3144 1352 3205 id
1384 3153 1476 3205 est
1505 3142 1669 3205 labor
1697 3154 1758 3206 et
1784 3148 1974 3207 instar
2002 3148 2281 3228 civitatis,
2318 3148 2459 3207 Aen.
2493 3145 2534 3203 V
2564 3147 2738 3221 (118)
2770 3145 3213 3208 Chimaeram
3242 3160 3303 3200 25

605 3250 805 3313 urbis
853 3269 1030 3332 opus
1078 3298 1090 3311 .

783 3356 1082 3418 Obediens
1136 3360 1497 3441 praeceptiS‚
1564 3358 1677 3420 Sal.
1732 3357 1889 3419 bello
1947 3358 2110 3420 Catil.
2168 3361 2321 3437 (1,1)
2379 3379 2667 3442 pecora,
2722 3379 2901 3440 quae
2957 3370 3213 3422 natura

604 3484 829 3546 prona
895 3472 1107 3544 atque
1171 3469 1412 3527 ventri
1476 3466 1893 3528 obedientia
1957 3467 2175 3528 finxit
2229 3515 2243 3528 .
2301 3466 2586 3530 obediens
2648 3470 2981 3549 praeceptis
3043 3470 3215 3552 meis,

607 3572 721 3634 Sal.
768 3571 893 3652 lug.
943 3570 1182 3647 (31,19)
1228 3574 1452 3633 iussis
1499 3575 1768 3634 vestris
1816 3572 2164 3635 obediens
2211 3576 2353 3636 erit
2397 3623 2411 3636 .

785 3677 1144 3740 obtrectans
1180 3678 1296 3760 illi,
1335 3678 1448 3740 Sal.
1488 3679 1623 3740 hist.
1661 3679 1767 3740 IIII
1806 3679 2111 3742 Crassus
2149 3681 2571 3744 obtrectans
2609 3685 2850 3763 potius
2888 3681 3211 3763 collegae
3242 3698 3302 3738 so

788 3923 967 3979 Codex
1004 3921 1299 3977 Parrhasii
1374 3929 1401 3976 1
1442 3939 1529 3977 res
1564 3938 1667 3980 om.
1831 3929 1865 3977 4
1902 3923 2085 3979 abette
2249 3931 2315 3980 10
2353 3926 2489 3981 Aeni
2527 3943 2628 3981 om.
2790 3925 2890 3998 111]
2928 3926 2980 3980 II
3143 3931 3208 3981 11

606 4004 662 4059 in
700 4004 902 4059 Pisone
939 4003 1150 4059 maiore
1188 4003 1295 4059 sibi
1461 4010 1525 4058 14
1563 4003 1717 4076 VIII]
1757 4003 1915 4059 VIIII
2079 4011 2145 4060 18
2184 4008 2307 4063 orbi
2343 4007 2449 4079 sic]
2488 4006 2637 4062 orbis
2813 4012 2876 4061 19
2914 4006 2971 4061 in
3008 4005 3214 4064 Pisone

676 4091 746 4139 25
784 4084 1087 4139 chimeram
1230 4089 1299 4138 28
1338 4083 1723 4141 obedientiora.
1759 4101 1896 4141 corr.
1935 4086 2256 4143 obedientia.

787 4315 813 4362 1
855 4324 995 4378 opus
1028 4312 1159 4365 aunt
1190 4307 1294 4363 illa.
1330 4309 1556 4363 coniecit
1590 4307 1916 4364 Bondamus
2079 4316 2109 4364 7
2150 4327 2377 4365 uxorem
2415 4312 2480 4365 ut
2514 4311 2744 4364 duceres
2785 4309 3070 4365 Terentius

607 4397 639 4445 9
679 4388 883 4445 obnixa
918 4389 1125 4444 codices
1172 4389 1432 4459 Verqilii:
1471 4387 1703 4458 ‘legitur
1738 4390 1796 4443 et
1834 4388 2047 4444 obnixi’
2088 4390 2312 4445 Servius
2459 4396 2521 4444 11
2550 4387 2821 4443 maiorem
2848 4388 2955 4444 sibi
2982 4390 3214 4446 Insuber

606 4473 705 4527 ille
755 4471 955 4526 Maius
1003 4471 1121 4527 coll.
1169 4471 1369 4527 Aaron.
1427 4472 1490 4525 in
1538 4471 1649 4528 Cic.
1700 4485 1780 4525 or.
1825 4469 1891 4523 in
1934 4469 2047 4524 1²1⁸.
2085 4487 2146 4540 p.
2194 4476 2230 4525 4
2273 4472 2355 4526 ed.
2402 4470 2603 4524 Kiessl.
2656 4467 2978 4524 Arusianus
3031 4475 3215 4525 tamen

605 4542 867 4621 corrupto
907 4548 1184 4606 Ciceronis
1231 4551 1410 4605 codice
1454 4565 1588 4604 uam
1633 4553 1735 4615 eat,
1780 4549 1925 4603 sicut
1957 4555 2145 4619 postea
2181 4557 2250 4607 19
2424 4556 2492 4604 14
2528 4549 2773 4604 dirarum
2820 4547 2968 4606 nidis
3013 4551 3216 4607 domus

606 4634 925 4703 opportuna
959 4630 1250 4686 voluerum
1297 4629 1574 4700 Verqilius
1611 4670 1623 4684 .
1661 4648 1729 4686 em
1763 4646 1910 4685 nono
1946 4630 2086 4685 libro
2123 4633 2420 4701 eaeemplum
2468 4631 2710 4686 adscribi
2744 4635 2964 4700 poterat
2997 4647 3047 4685 v.
3086 4635 3215 4700 531,

608 4712 956 4780 opportunus
999 4709 1086 4765 illi
1142 4710 1251 4780 rei,
1307 4709 1472 4780 Verg.
1519 4712 1655 4765 Aen.
1704 4710 1864 4765 VIIII
1920 4713 2235 4783 opportuna
2288 4712 2439 4781 loce,
2492 4711 2642 4766 idem
2698 4712 2835 4767 Aen.
2882 4711 3011 4766 VIII
3066 4710 3216 4767 nidis

608 4791 806 4925 gemus
840 4807 951 4883 sqq.
1124 4796 1189 4845 19
1227 4793 1291 4845 tu
1339 4791 1571 4847 Insuber
1611 4791 1897 4846 Turnebus
1933 4793 2087 4860 apud
2125 4791 2432 4847 Ciceronem
2469 4792 2503 4846 1.
2542 4809 2606 4857 0.,
2644 4795 2708 4846 tu
2743 4790 2969 4861 insuper
3004 4791 3215 4846 codices

653 4885 886 4925 merome
