3613 5528
601 429 733 493 276
1796 430 2039 485 BEDAE

600 541 644 579 p.
671 531 791 572 2788.
819 532 872 571 so
898 531 950 571 P.

780 615 1034 695 Impleor
1075 616 1194 675 vini
1243 622 1303 675 et
1347 616 1500 674 vino.
1573 614 1785 675 invado
1834 623 1892 676 te
1931 623 1992 676 et
2028 616 2091 675 iu
2128 621 2216 695 te3
2262 616 2500 675 intueor
2538 624 2597 675 te
2635 624 2696 676 et
2730 618 2791 677 in
2830 624 2920 699 te3
2965 620 3209 678 incurro

601 729 661 782 te
699 731 760 783 et
799 725 858 782 in
897 730 976 804 te,
1012 723 1240 783 incurri
1278 728 1340 782 et
1375 722 1698 783 incuc'urri.
1765 721 2001 782 invideo
2031 720 2292 802 divitem,
2329 720 2563 782 invideo
2593 724 2650 782 ei
2685 722 3207 803 pulchritudinem.

577 899 596 918 ⁶
669 809 678 822 ⁴
780 828 971 889 Iratus
1019 847 1091 889 ex
1136 828 1361 888 offensa
1416 833 1534 908 est,
1591 827 1915 890 iracundus
1970 835 2196 888 natura.
2281 830 2482 908 itaque
2538 831 2624 890 ira
2684 833 2997 909 repentino
3044 837 3209 890 motu

599 937 882 1016 nascitur,
927 933 1232 996 iracundia
1277 952 1496 1013 perpes
1542 935 1749 995 vitium
1795 941 1906 995 est.

780 1042 938 1122 Ignis
984 1040 1302 1102 ablativum
1350 1057 1553 1100 casum
1599 1047 1660 1100 et
1704 1043 1766 1102 in
1814 1059 1846 1101 e
1895 1050 1957 1102 et
2000 1043 2062 1102 in
2110 1039 2131 1102 i
2178 1043 2373 1102 mittit.
3265 1056 3292 1097 5

777 1148 916 1228 Iuga
964 1149 1254 1210 montium
1299 1147 1610 1226 pluraliter
1656 1166 1925 1227 semper:
1983 1150 2187 1227 iugum
2235 1149 2394 1208 enim
2442 1149 2871 1209 iumentorum:
2918 1147 3020 1209 sed
3070 1148 3210 1210 Ver·

598 1254 775 1332 gilius
824 1253 995 1330 (Aen.
1059 1256 1148 1314 VI
1189 1246 1360 1336 676)
1408 1247 1578 1314 ‘hoc
1626 1263 1968 1335 superate
2016 1249 2304 1334 iugum’.
2615 1246 2620 1250 ’

775 1360 1062 1422 Intestina
1118 1367 1178 1421 et
1243 1357 1598 1420 incunabula
1652 1360 1900 1441 pluralia
1967 1368 2214 1423 tantum.
2298 1360 2471 1422 iubar
2525 1361 2911 1441 singulariter·
2964 1369 3210 1424 tantum.

598 1472 720 1549 ine,
766 1466 824 1527 id
873 1475 965 1528 est
1011 1469 1303 1548 aequitas,
1351 1484 1469 1526 non
1516 1464 1694 1527 habet
1748 1466 2041 1546 pluralem
2089 1469 2205 1527 nisi
2258 1468 2387 1527 iura
2447 1475 2691 1529 tantum.
2765 1471 2961 1529 iocum
3010 1471 3209 1548 singu-

607 1574 812 1636 lariter
857 1574 1153 1655 neutrale,
1199 1572 1509 1655 pluraliter
1554 1574 1615 1633 hi
1663 1575 1777 1634 ioci
1825 1584 1886 1635 et
1930 1574 2076 1635 haec
2124 1576 2267 1635 ioca.
3242 1591 3293 1630 ιο

776 1681 969 1742 Instar
1013 1680 1171 1741 illius
1217 1682 1308 1741 rei
1353 1680 1553 1742 dicere
1600 1680 1915 1764 debemuS‚
1962 1700 2079 1742 non
2128 1682 2199 1741 ad
2248 1685 2451 1743 instar.

684 1794 694 1804 “
776 1788 1035 1849 Inluvies
1081 1787 1348 1849 sordium
1394 1795 1513 1869 est,
1574 1788 1864 1869 ingluvies
1910 1789 2135 1849 ventris
2150 1837 2167 1870 ,
2215 1788 2359 1850 illud
2408 1807 2438 1849 a
2489 1808 2604 1850 non
2653 1789 2924 1872 lavando,
2979 1790 3092 1851 boc
3138 1790 3212 1852 ab

604 1893 972 1974 inglutiendo
1020 1893 1262 1955 dictum.
2302 1971 2312 1990 Ι

773 2000 1057 2062 Iuventus
1094 2000 1264 2061 multi
1303 2002 1547 2062 invenes
1584 2001 1893 2084 dicuutur;
1930 2005 2200 2064 iuventas
2232 2005 2408 2064 unius
2447 2001 2701 2065 hominis
2745 2015 2932 2088 aetas;
2970 2005 3211 2068 Iuventa

598 2110 725 2189 ipsa
762 2108 897 2189 dea,
944 2115 1012 2169 ut
1047 2107 1256 2168 Graeci
1303 2107 1509 2170 dicunt
1554 2118 1657 2170 aut
1700 2118 1938 2191 poetae,
1984 2109 2226 2171 Iunonis
2274 2111 2418 2192 fllia,
2466 2129 2615 2171 uxor
2663 2110 2964 2195 Herculi3‚
3010 2132 3044 2173 a
3091 2131 3209 2193 qua
3241 2124 3293 2165 1⁵

603 2213 838 2276 Iunium
886 2232 1151 2276 mensem
1197 2215 1553 2295 appellatum
1600 2218 1660 2276 in
1709 2215 1878 2286 lituis
1926 2218 2215 2278 fastorum
2263 2217 2529 2297 legimus,

775 2321 955 2383 Insita
991 2322 1190 2405 ‚arbor
1245 2330 1336 2383 est
1391 2324 1488 2383 cui
1552 2324 1774 2383 incisae
1834 2323 2092 2386 alienum
2148 2341 2393 2403 germen
2458 2323 2804 2408 includitur,
2869 2325 3054 2388 adsita
3114 2330 3214 2389 cui

609 2429 893 2490 incolumi
939 2429 1122 2511 aliud,
1168 2428 1325 2508 quod
1374 2430 1693 2511 sustineat,
1738 2428 2095 2509 adiungitur.

778 2534 1017 2597 Invideo
1065 2535 1171 2596 tibi
1219 2535 1472 2618 divitiis,
1517 2554 1636 2596 non
1685 2535 1935 2597 divitias.

778 2641 1050 2704 Inermus
1098 2644 1237 2703 facit
1282 2641 1572 2723 pluralem
1617 2645 1859 2725 inermi,
1906 2645 2153 2705 inermis
2196 2644 2484 2724 pluralem
2532 2646 2807 2706 inermes
3241 2659 3296 2698 20

776 2747 941 2811 Illius
987 2748 1195 2811 similis
1242 2749 1311 2811 ad
1361 2767 1559 2810 mores
1605 2751 1896 2833 refertur,
1947 2749 2030 2811 illi
2076 2751 2290 2813 similis
2332 2751 2402 2813 ad
2452 2750 2692 2814 vultum.

776 2855 1019 2917 Invidus
1064 2857 1170 2936 qui
1214 2855 1464 2938 invidet,
1510 2856 1838 2918 invidiosus
1885 2859 1988 2936 qui
2036 2857 2315 2918 invidiam
2362 2859 2633 2919 sustinet.

776 2963 940 3026 Idem
969 2972 1245 3044 correpte
1276 2970 1585 3045 neutrum,
1621 2962 1779 3023 idem
1818 2940 2119 3044 producte.
2147 2964 2537 3026 masculinum
2567 2967 2627 3024 in
2657 2973 2916 3045 utroque
2947 2985 3213 3030 numero.

776 3071 1148 3152 Interpretor
1194 3078 1253 3131 et
1300 3088 1452 3149 quae
1500 3056 1845 3131 derivantur
1891 3071 2011 3130 sive
2060 3069 2435 3131 declinantur
2479 3070 2555 3131 ab
2600 3090 2672 3132 eo
2730 3090 2839 3152 per
2885 3073 3214 3153 simplicem

606 3200 639 3241 e
688 3178 1016 3241 scribenda.
1474 3208 1480 3215 ·
2560 3252 2567 3257 θ
3242 3193 3298 3233 25

780 3284 1023 3347 Inberbi
1059 3285 1359 3366 dicuntur,
1398 3302 1515 3344 non
1554 3282 1849 3344 inberbes
1908 3285 1994 3344 sic
2022 3286 2244 3345 etenim
2273 3283 2476 3366 Varro,
2505 3280 2827 3346 ‘inberbi
2863 3282 3217 3370 iuvenes',

603 3394 706 3455 sed
755 3401 815 3455 et
860 3393 1069 3454 Cicero
1115 3384 1224 3473 (de
1269 3393 1420 3475 dogn.
1469 3391 1570 3472 14,
1615 3386 1735 3474 37)
1781 3389 2164 3453 inberbum
2209 3391 2382 3474 dixit,
2432 3410 2548 3453 non
2595 3391 2932 3474 inberbem3
2971 3393 2982 3469 Ι
3042 3392 3216 3455 Titus

604 3500 805 3563 Livius
851 3506 1049 3560 autem
1096 3497 1427 3559 inberbis
1474 3497 1871 3577 singulariter.

781 3604 1151 3687 Imputribile
1198 3623 1308 3686 per
1344 3623 1404 3665 m
1442 3603 1850 3686 scribendum,
1898 3622 2016 3665 uon
2062 3624 2172 3685 per
2209 3623 2282 3688 n;
2342 3608 2581 3687 impono
2620 3607 2892 3668 similiter
2929 3614 2991 3667 et
3035 3606 3216 3668 huius
3266 3618 3272 3623 ’
3308 3612 3315 3618 ’

608 3715 765 3776 modi
803 3713 1041 3795 similia,
1077 3714 1362 3796 immitto,
1397 3731 1518 3773 non
1556 3714 1819 3794 inmitto;
1864 3714 2075 3794 irrigo,
2125 3731 2242 3774 non
2280 3715 2502 3795 inrigo;
2549 3713 2796 3796 impleo,
2835 3732 2953 3774 non
2991 3713 3218 3795 inpleo;
3247 3728 3304 3767 ³0
3344 3774 3363 3791 ,

604 3821 972 3903 immundus,
1019 3838 1137 3881 non
1184 3818 1525 3881 inmundus
1569 3846 1574 3851 ·

789 4027 815 4075 1
855 4017 1062 4076 invado
1097 4020 1158 4074 te
1187 4021 1245 4073 et
1271 4017 1416 4073 in'te
1443 4032 1543 4072 om.
1576 4016 1736 4084 ML,
1772 4019 1904 4073 add.
1936 4017 1993 4071 P
2121 4023 2155 4072 2
2192 4018 2418 4074 inuideo
2444 4018 2498 4074 ei
2533 4018 2591 4073 et
2618 4017 3094 4088 pulchritudinem
3120 4016 3219 4075 Le

678 4107 710 4156 3
747 4100 940 4172 itaque
969 4100 1066 4159 Ls·
1101 4098 1187 4154 ita
1214 4099 1280 4169 P,
1307 4116 1409 4155 om.
1443 4099 1518 4152 M
1638 4097 1933 4168 repentino
1970 4097 2142 4152 animi
2178 4101 2336 4155 motu
2364 4092 2563 4154 Albim·
2596 4099 2832 4169 orthoqr.
2861 4115 2924 4167 p.
2954 4096 3081 4163 304,
3110 4102 3145 4152 5

609 4186 642 4235 5
681 4180 791 4236 abl.
832 4197 963 4236 casu
999 4180 1056 4233 P
1085 4178 1398 4234 ablatiuum
1440 4178 1573 4231 ML
1681 4184 1713 4233 6
1750 4177 1900 4233 enim
1928 4178 2018 4232 est
2043 4178 2418 4234 iumentorum
2446 4179 2543 4237 Le
2650 4179 2747 4235 sed
2775 4180 2835 4233 et
2860 4175 3130 4247 nergilius
3163 4175 3222 4229 P

718 4267 749 4315 ‘1
787 4262 1111 4331 superorabe
1153 4259 1209 4313 P
1313 4264 1346 4313 8
1383 4259 1546 4313 iubar
1573 4289 1642 4299 —
1669 4257 1793 4312 iura
1829 4260 2050 4313 tantum
2084 4274 2185 4314 om.
2216 4259 2370 4326 ML,
2409 4261 2537 4316 add.
2567 4259 2623 4314 P
2724 4265 2790 4313 12
2828 4256 3009 4312 inlues
3046 4254 3221 4310 eordi-

610 4341 743 4395 dum
780 4343 870 4396 est
902 4341 1123 4412 ingluee
1159 4338 1372 4395 uentris
1413 4338 1469 4391 P
1594 4338 1668 4392 ab
1707 4337 1801 4408 (ad
1838 4337 1915 4407 P)
1952 4338 2258 4408 ingluendo
2286 4339 2422 4393 PM
2429 4340 2480 4394 L
2608 4345 2675 4394 14
2711 4338 2991 4409 iuventas]
3028 4337 3220 4393 iuuen-

605 4425 699 4477 tus
752 4422 809 4475 P
977 4420 1234 4492 Iuventa]
1282 4420 1539 4475 iuuentae
1589 4419 1665 4474 M
1842 4422 1909 4471 15
1955 4432 2119 4487 grece
2166 4418 2265 4472 dat
2308 4419 2409 4473 aut
2450 4436 2622 4489 pocce
2668 4419 2770 4474 dfit
2815 4420 2917 4474 aut
2960 4420 3129 4488 poeta
3173 4418 3230 4471 P

713 4503 886 4572 poeta
925 4501 1001 4556 M
1143 4506 1208 4555 16
1247 4499 1520 4555 fastorum
1559 4498 1611 4552 L
1645 4500 1932 4568 pastorum
1971 4497 2110 4552 PM
2252 4504 2317 4553 17
2354 4497 2582 4554 insitam
2618 4498 2874 4554 arborem
2912 4497 3003 4551 cui
3043 4497 3121 4551 M

612 4589 678 4637 19
725 4580 966 4653 diuitiis]
1021 4579 1214 4634 diuitis
1256 4579 1312 4633 P
1489 4584 1559 4633 20
1606 4577 1892 4633 inhermue
1927 4609 1997 4619 —
2032 4578 2276 4634 inhermi
2312 4610 2379 4620 —
2416 4579 2685 4635 inhermie
2728 4610 2795 4620 —
2830 4577 3111 4632 inhermes
3151 4576 3229 4630 M

606 4664 894 4719 inhermus
939 4661 1081 4718 facit
1123 4660 1258 4730 plfi‘f
1297 4657 1567 4714 inhermie
1611 4656 1909 4727 pluraliter
1952 4656 2254 4713 inhermies
2305 4659 2362 4713 P
2537 4666 2607 4715 24
2652 4658 2823 4731 quae]
2869 4657 3005 4727 quid
3044 4655 3103 4709 P

608 4750 678 4798 25
706 4743 889 4799 scribe
912 4742 969 4795 P
1080 4746 1151 4795 26
1179 4740 1258 4795 sic
1286 4738 1436 4794 enim
1457 4740 1515 4792 et
1531 4738 1710 4792 Varro
1732 4735 2021 4793 Charisius
2039 4754 2101 4806 p.
2121 4742 2213 4806 95,
2232 4744 2307 4795 18
2423 4738 2642 4794 iuuenis
2671 4739 2728 4793 P
2839 4744 2906 4794 27
2926 4736 3223 4793 inberbum
3600 4736 3605 5057 ι

539 4846 547 4854 ·
608 4821 753 4877 dixit
772 4822 846 4876 M
864 4821 1177 4891 imperbum
1195 4818 1354 4887 (corr.
1374 4817 1710 4885 imberbum)
1731 4817 1989 4887 perduxit
2008 4819 2059 4871 L
2077 4818 2293 4873 inbium
2313 4819 2577 4888 produxit
2602 4817 2983 4875 Pimberbum
3005 4832 3106 4887 per
3126 4833 3224 4870 um

609 4901 753 4956 dixit
793 4917 827 4960 ς
953 4907 1022 4955 28
1059 4898 1227 4954 libius
1265 4898 1399 4953 PM
1407 4898 1460 4951 L
1593 4904 1662 4952 29
1691 4896 2104 4966 Imputribilem
2138 4916 2241 4969 per
2267 4917 2323 4952 m
2362 4898 2533 4954 scribi
2567 4914 2680 4954 non
2713 4915 2816 4969 per
2842 4917 2879 4954 n
2917 4898 3130 4968 inpono
3171 4896 3230 4950 P
