3613 5528
1384 428 1481 483 DE
1520 428 2097 485 ORTHOGRAPHIA
2921 431 3049 496 159

439 539 484 576 p.
511 528 628 569 ssso.
655 529 705 568 si
734 527 785 567 P.
2270 546 2276 552 -

612 611 762 674 Malo
819 630 928 692 per
973 630 1157 673 unum
1206 611 1251 694 l,
1307 613 1463 692 quod
1527 621 1620 675 est
1665 617 1852 694 magis
1898 614 2055 696 volo;
2113 615 2284 675 malle
2329 633 2438 694 per
2484 614 2603 676 duo
2649 615 2696 697 l,
2752 615 2911 695 quod
2958 624 3052 677 est

440 722 623 799 magis
668 705 844 780 velle:
891 717 1027 779 nolo
1073 737 1183 799 per
1228 738 1416 781 unum
1462 719 1510 802 l,
1557 730 1649 782 est
1696 724 1854 782 enim
1902 740 2021 782 non
2069 721 2227 803 volo,
2273 721 2427 783 nolle
2473 741 2583 802 per
2630 721 2749 783 duo
2797 722 2842 805 l,
2890 722 3048 802 quod

441 836 533 889 est
577 845 695 888 non
739 824 906 888 velle.

616 931 891 1004 Querella
936 931 1092 1013 apud
1139 934 1416 1012 antiquos
1459 952 1570 1014 per
1615 952 1803 995 tinum
1849 935 1869 995 l
1915 933 2316 1018 scribebatur,
2372 938 2527 998 sicut
2573 936 2810 998 suadela
2869 937 3051 997 tutela

389 1049 414 1091 ὃ
442 1039 679 1102 candela
734 1039 1101 1122 corruptela,
1161 1042 1429 1119 quamvis
1485 1060 1631 1103 usus
1690 1041 1804 1103 sibi
1864 1043 2042 1103 etiam
2087 1042 2243 1123 apud
2299 1061 2404 1104 eos
2449 1042 2776 1105 vindicaret
2828 1052 2897 1105 ut
2952 1042 3051 1104 ali-

440 1166 555 1229 qua
609 1148 671 1208 in
728 1147 914 1226 figura
970 1145 1471 1209 deminutivorum
1525 1168 1636 1229 per
1690 1149 1808 1211 duo
1864 1148 1883 1209 l
1939 1150 2375 1234 scriberentur,
2437 1158 2504 1212 ut
2558 1150 2778 1232 capella
2844 1150 3054 1213 sabella

442 1254 667 1316 tabella.
741 1255 904 1315 nunc*
947 1262 1147 1316 autem
1194 1257 1373 1316 etiam
1422 1255 1686 1335 querella
1730 1274 1841 1337 per
1886 1256 2006 1318 duo
2052 1256 2070 1317 1
2117 1258 2419 1320 scribitur.

616 1361 838 1423 Narare
873 1379 984 1441 per
1020 1379 1205 1423 unum
1244 1381 1276 1423 r
1314 1360 1614 1445 scribitur,
1648 1342 1719 1425 ut
1753 1362 2003 1425 Varroni
2039 1363 2248 1444 placet.
2323 1373 2568 1427 secutus
2606 1373 2697 1427 est
2736 1366 2893 1426 enim
2931 1373 3052 1446 ety-

441 1469 751 1548 mologiam
797 1470 1053 1530 nominis
1088 1464 1136 1547 †
1174 1471 1303 1531 eius
1340 1487 1455 1549 qua
1492 1488 1714 1548 gnarus
1751 1468 1972 1531 dicitur
2009 1472 2111 1551 qui
2150 1473 2263 1533 scit
2299 1478 2361 1533 et
2407 1474 2647 1555 accipit,
2693 1473 2853 1552 quod
2890 1472 3054 1552 loqui

364 1585 416 1625 1⁰
443 1575 668 1638 debeat.
743 1575 999 1655 denique
1048 1578 1398 1655 compositio
1443 1575 1610 1637 verbi
1648 1570 1659 1657 Ι
1700 1578 1779 1638 ita
1829 1576 2141 1659 scribitur,
2196 1579 2499 1660 ignorare,
2554 1579 2713 1658 quod
2770 1597 2891 1640 uon
2937 1598 3046 1658 per

442 1681 558 1744 duo
604 1701 663 1763 r,
708 1682 814 1744 sed
859 1702 968 1764 per
1013 1700 1201 1745 unum
1250 1681 1548 1745 scribitur.
1624 1682 1756 1744 ideo
1804 1692 1867 1745 et
1913 1686 2140 1745 naratio
2188 1703 2372 1747 unum
2421 1704 2452 1746 r
2497 1684 2717 1747 habere
2764 1685 2960 1747 debet.

619 1789 803 1873 Quot,
848 1789 1084 1869 quando
1132 1808 1418 1852 numerus
1464 1799 1581 1874 est,
1627 1810 1737 1872 per
1774 1798 1825 1875 t,
1870 1791 2106 1871 quando
2151 1811 2509 1876 pronomen,
2555 1812 2665 1874 per
2702 1795 2740 1856 d
2787 1766 3050 1855 scriben-

445 1895 583 1957 dum
629 1905 737 1958 est.
812 1896 1002 1975 [nam]
1052 1896 1299 1959 totidem
1345 1915 1454 1978 per
1499 1906 1527 1958 t
1571 1897 1881 1979 scribitur,
1930 1901 2069 1978 quia
2115 1918 2403 1961 numerus
2450 1886 2557 1963 est.

623 2003 1043 2085 Quaecumque
1101 2003 1279 2066 verba
1334 2004 1406 2066 ab
1454 2024 1483 2066 s
1537 2006 1735 2068 littera
1779 2006 2099 2088 incipiunt,
2155 2008 2207 2067 si
2253 2008 2338 2067 sic
2386 2009 2711 2086 composita
2759 2017 2927 2091 sunt,
2985 2015 3054 2070 ut

375 2118 423 2157 ¹⁵
450 2129 521 2170 ex
565 2113 1061 2193 praepositionem
1101 2114 1409 2195 accipiant,
1447 2120 1677 2174 servata
1705 2131 1733 2174 s
1768 2112 1967 2174 littera
2004 2110 2370 2195 scribuntur,
2405 2122 2475 2175 ut
2511 2121 2714 2194 specto
2754 2126 3053 2195 exspecto,

451 2216 590 2277 salio
637 2218 859 2279 exsilio.
935 2227 1132 2281 cetera
1178 2218 1384 2300 verba,
1439 2238 1591 2299 quae
1639 2239 1668 2280 s
1723 2222 1786 2281 iu
1840 2220 2136 2300 principio
2183 2237 2303 2281 uon
2349 2219 2595 2302 habent,
2650 2223 2889 2281 onerari
2935 2239 3054 2282 non

449 2322 690 2407 debent,
733 2332 806 2387 ut
846 2327 1092 2387 aestimo
1140 2329 1439 2409 existimo,
1485 2345 1634 2388 acuo
1681 2345 1931 2409 exacuo,
1977 2329 2131 2406 agito
2178 2329 2425 2407 exagito.

622 2430 859 2494 Prendo
905 2434 1159 2496 dicimus
1205 2443 1267 2496 et
1310 2434 1643 2516 prehendo,
1689 2442 1757 2495 ut
1801 2432 2003 2495 hercle
2051 2440 2111 2494 et
2157 2433 2427 2516 hercule,
2473 2433 2556 2494 nil
2602 2441 2663 2495 et
2709 2433 2869 2496 nihil.
2954 2434 3055 2495 sed

450 2538 509 2597 in
565 2537 656 2598 his
701 2539 898 2607 verbis
909 2590 928 2622 ‚
983 2528 1133 2620 quae
1181 2542 1642 2621 adspirationem
1697 2539 1917 2601 hahere
1965 2539 2210 2623 debent,
2266 2540 2412 2601 haec
2459 2539 2762 2601 observari
2809 2547 3056 2601 eatenus

379 2651 429 2689 2⁰
454 2652 757 2728 poterunt,
794 2655 1087 2726 quatenus
1126 2646 1495 2710 consuetudo
1534 2648 1891 2727 permiserit.
1950 2647 2053 2708 sed
2101 2655 2296 2708 tamen
2335 2646 2569 2708 libellus
2608 2666 2717 2708 nos
2756 2647 3060 2709 evidenter

454 2749 651 2835 docet,
698 2755 800 2833 qui
843 2754 1095 2818 inferius
1143 2755 1215 2818 de
1262 2755 1661 2836 adspiratione
1709 2755 1969 2835 scriptus
2017 2763 2125 2816 est.

624 2859 813 2941 Traps
862 2860 962 2939 [ab
1011 2882 1082 2923 eo
1129 2863 1287 2944 quod
1335 2863 1554 2924 dicitur
1598 2860 1814 2940 trabis]
1864 2868 1924 2922 et
1971 2879 2115 2941 urps
2162 2879 2270 2940 per
2316 2880 2354 2941 p
2402 2859 2622 2922 debent
2667 2858 2875 2944 scribi,
2921 2860 3059 2924 licet

455 2961 632 3025 Varro
668 2985 778 3047 per
815 2965 853 3028 b
892 2970 1206 3033 scribenda
1242 2978 1438 3053 putet,
1475 2971 1611 3049 quia
1649 2971 1710 3029 iu
1748 2967 1997 3048 reliquis
2035 2966 2271 3029 casibus
2308 2966 2346 3027 b
2385 2966 2622 3029 habent.
2702 2967 2807 3028 sed
2843 2976 3059 3050 tamen,

628 3191 656 3239 1
698 3185 850 3243 Malo
890 3186 1115 3244 emat.
1152 3192 1279 3256 149,
1316 3192 1387 3242 19
1531 3194 1564 3241 8
1612 3186 1826 3241 Nature
1874 3185 1984 3240 Vel.
2022 3184 2197 3254 Lonq.
2236 3190 2332 3251 80,
2366 3190 2405 3239 8
2550 3190 2618 3239 14
2667 3184 3061 3255 Quaecumque

452 3262 622 3318 verba.
657 3265 730 3321 ab
766 3284 792 3321 s
833 3266 1049 3323 Caesen.
1088 3272 1239 3324 2314
1392 3274 1460 3323 18
1498 3266 1716 3322 Prendo
1756 3264 1966 3321 Gomut
2003 3269 2131 3332 153,
2168 3269 2205 3320 7
2366 3270 2434 3319 22
2472 3263 2654 3335 Traps
2691 3264 2846 3321 Gurt.
2881 3266 3057 3322 Valer.

452 3347 578 3411 156,
613 3350 696 3402 22
734 3345 932 3403 Scaur.
969 3352 1066 3418 27,
1103 3353 1171 3403 11
2617 3362 2621 3365 ⁴

627 3548 661 3596 4
699 3541 963 3608 Querella
989 3543 1140 3614 apud
1168 3543 1430 3615 antiquos
1458 3543 1511 3599 A
1526 3543 1574 3599 0
1603 3543 1794 3599 Primo
1823 3541 2073 3613 querella
2108 3543 2268 3613 (corr.
2296 3541 2546 3610 querela)
2586 3542 2734 3612 apud
2771 3541 2979 3598 latinos
3005 3542 3060 3597 Β

468 3655 479 3664 ·
559 3628 591 3676 5
639 3621 748 3677 sibi
793 3624 853 3678 et
895 3627 1036 3692 aput
1082 3641 1175 3679 eos
1221 3623 1534 3678 uindicaret
1578 3626 1638 3678 et
1680 3625 1875 3694 aliqua
1920 3625 1975 3679 A
2023 3624 2132 3679 sibi
2178 3628 2236 3680 et
2280 3623 2430 3694 apud
2474 3621 2607 3678 illos
2654 3623 2970 3678 uindicaret
3005 3625 3065 3678 et

452 3700 640 3770 aliqua
679 3702 727 3756 0
865 3710 897 3758 6
934 3703 1241 3758 scriberent.
1275 3704 1328 3757 A
1344 3703 1391 3757 G
1526 3709 1556 3757 7
1594 3703 1810 3759 tabella
1844 3705 2105 3761 scribitur
2141 3706 2303 3760 Nunc
2341 3706 2530 3759 aut-em
2568 3703 2739 3759 etiam
2777 3703 3064 3773 quaerella

453 3798 553 3850 per
597 3781 704 3836 duo
741 3782 786 3836 ll
832 3782 1093 3838 scribitur
1127 3782 1184 3836 B
1228 3782 1443 3838 tabella
1486 3800 1634 3839 nunc
1669 3788 1859 3840 autem
1906 3786 2077 3842 etiam
2127 3786 2321 3855 (etiam
2359 3803 2458 3840 om.
2501 3784 2661 3854 Par.)
2701 3783 2930 3854 querela
2964 3800 3065 3853 per

451 3879 621 3916 unum
659 3861 680 3915 l
717 3862 982 3918 scribitur
1016 3862 1148 3918 Par.
1188 3878 1222 3921 ς
1365 3881 1512 3919 nune
1548 3865 1738 3920 sutem
1774 3865 1970 3936 etiam]
2010 3865 2100 3920 Na.
2139 3864 2188 3919 0
2324 3871 2357 3920 8
2397 3862 2660 3919 scribitur
2679 3868 2808 3932 post
2835 3881 3010 3918 unum
3035 3882 3062 3916 r

452 3957 553 3995 om.
581 3942 638 3996 Β
746 3950 778 3997 9
816 3945 1045 4010 sonasse
1081 3941 1348 4012 nominis,
1386 3961 1454 4000 eo
1491 3943 1643 4014 quod
1678 3960 1886 4014 gnarus
1915 3943 2121 4000 dieitur
2157 3944 2255 4014 qui
2292 3942 2400 3999 scii.
2438 3945 2496 3998 et
2531 3944 2751 4014 accepit
2859 3943 3065 3999 dicitur

455 4022 578 4091 quis
615 4022 713 4092 qui
749 4021 858 4077 scii:
894 4022 1030 4092 quid
1064 4022 1223 4092 loqui
1260 4022 1465 4078 debeat
1501 4039 1560 4091 ς,
1597 4023 1803 4079 dicitur
1839 4025 1936 4095 qui
1973 4026 2079 4081 scit
2114 4026 2210 4095 qui
2246 4023 2406 4094 loqui
2442 4023 2647 4079 debeat
2683 4025 2818 4079 Par.
2927 4023 3062 4093 quid

452 4103 609 4173 loqui
641 4104 697 4157 B
880 4107 945 4157 10
983 4103 1137 4172 quod
1169 4118 1282 4157 non
1316 4102 1418 4160 Βς
1455 4120 1564 4173 que
1599 4120 1708 4159 non
1749 4106 1802 4159 A
1821 4104 1868 4158 Ο
2046 4112 2107 4160 11
2147 4105 2395 4161 narratio
2433 4122 2570 4162 corr.
2608 4105 2828 4160 naratio
2865 4104 2921 4157 B

458 4190 521 4237 12
559 4184 781 4252 quando
811 4187 1114 4254 posteriore
1147 4186 1263 4239 loco
1299 4201 1400 4240 om.
1437 4184 1494 4238 A
1677 4190 1741 4239 13
1791 4187 1879 4240 est
1913 4201 2013 4241 om.
2055 4184 2104 4239 0
2275 4203 2407 4241 nam
2452 4187 2541 4241 tot
2575 4183 2773 4241 itidem
2807 4185 2890 4239 vel
2923 4183 3062 4237 item

455 4265 678 4319 coniecit
718 4263 1091 4320 Commelinus.
1145 4266 1378 4333 fortasse
1419 4264 1561 4319 item
1604 4266 1695 4321 tot
1742 4283 1843 4336 per
1878 4268 1905 4320 f.
1940 4263 2226 4321 scribitur:
2273 4267 2341 4334 cf.
2381 4266 2589 4321 Isidor.
2629 4267 2673 4318 I
2705 4270 2800 4332 26,
2839 4268 2920 4319 22

456 4344 589 4412 quia
634 4361 894 4401 uumerus
934 4345 982 4400 0
1021 4362 1166 4416 quae
1203 4361 1468 4400 numerus
1502 4344 1558 4397 B
1605 4348 1830 4413 quando
1875 4364 2135 4403 numerus
2173 4349 2227 4402 A
2408 4353 2478 4400 14
2515 4346 2587 4418 si]
2626 4345 2708 4400 sic
2744 4360 2880 4399 corr.
2920 4342 2968 4397 si
3002 4343 3058 4396 B

527 4423 606 4478 sic
641 4440 742 4480 om.
771 4425 887 4479 AG
991 4432 1057 4481 15
1096 4428 1286 4496 specto
1324 4426 1558 4495 expecto
1593 4425 1649 4478 Β
1760 4431 1826 4481 16
1865 4425 2063 4483 exsilio
2100 4430 2158 4482 ei.
2194 4429 2382 4482 cetera.
2416 4425 2533 4480 AG
2650 4421 2913 4478 honorari
2950 4439 3061 4477 non

457 4501 662 4559 debent
695 4522 764 4559 ea
789 4508 855 4560 ut
889 4504 1124 4561 aestimo
1155 4506 1292 4560 Par.
1442 4511 1505 4559 17
1543 4506 1609 4558 ui.
1644 4509 1771 4560 ante
1800 4507 2036 4562 aestimo
2064 4524 2163 4564 om.
2193 4507 2375 4562 ABG
2511 4505 2768 4561 existimo
2795 4519 2899 4558 om.
2926 4504 2983 4557 Β

463 4587 525 4637 18
561 4583 773 4653 prendo
811 4587 869 4641 et
903 4585 1187 4655 prehendo
1224 4584 1460 4640 dicimus
1499 4585 1546 4640 Ο
1686 4584 1869 4640 erclae
1905 4587 1964 4640 et
1999 4588 2218 4642 erculae
2254 4588 2310 4640 B
2455 4586 2535 4640 nil
2580 4586 2637 4639 et
2680 4582 2822 4637 nihil
2863 4580 3062 4637 Carrio

459 4669 509 4716 et
542 4669 794 4733 excerpta
832 4664 1088 4733 Cornuti,
1132 4664 1276 4719 nihil
1321 4666 1381 4719 ei.
1421 4664 1587 4719 nihili
1622 4667 1676 4719 A
1725 4668 1784 4720 elz
1820 4667 1961 4721 nihil
1998 4669 2056 4723 et
2098 4665 2263 4721 nihili
2297 4665 2414 4721 BC
2590 4670 2655 4719 19
2693 4662 2981 4719 obseruari
3022 4662 3069 4716 Ο

460 4744 749 4799 obseruare
787 4746 907 4799 AB
1014 4751 1080 4800 21
1119 4745 1288 4801 docet
1312 4761 1450 4800 corr.
1481 4745 1680 4800 edocet
1712 4745 1768 4798 B
1877 4745 2128 4815 inferius]
2159 4763 2220 4813 p.
2258 4749 2403 4800 2311
2516 4750 2582 4799 22
2622 4743 2780 4814 urps]
2818 4744 2980 4813 turps
3021 4743 3067 4796 C

531 4831 598 4878 23
636 4823 1002 4880 scribendum*
1023 4828 1185 4896 putet
1222 4826 1341 4879 AB
1354 4826 1442 4885 03
1586 4824 1720 4894 quia
1756 4825 1818 4880 in
1859 4825 2091 4894 reliquis
2129 4823 2349 4879 casibus
2389 4823 2426 4878 b
2464 4824 2674 4878 habent
2708 4824 2764 4877 B
2809 4824 2961 4893 quod
3006 4824 3062 4878 in

464 4905 689 4975 reliquis
725 4907 945 4962 casibus
980 4907 1190 4963 habent
1226 4907 1263 4961 b
1297 4907 1415 4962 AG
1447 4907 1598 4976 quod
1635 4906 1695 4960 in
1729 4904 1963 4975 reliquis
2001 4903 2225 4959 casibus
2262 4905 2300 4960 b
2335 4904 2584 4960 habeant
2621 4903 2819 4959 Carrio
