3613 5528
1372 401 1469 456 DE
1507 401 1704 458 ARTE
1741 403 2072 459 METRICA
2900 404 3032 469 229

424 516 468 554 p.
493 506 613 546 2³51.
640 505 692 544 52
719 504 769 544 P.
2406 500 2411 506 ’

424 589 675 651 dicimus
720 596 1005 669 stratum,
1061 607 1092 648 r
1137 607 1270 649 esse
1327 587 1584 650 litteram
1641 588 1945 651 fatendum
2006 597 2122 669 est,
2183 608 2320 650 cum
2362 585 2429 651 'et
2484 588 2699 651 vocalis
2746 598 3032 670 sequatur

425 704 484 757 et
529 695 676 756 duae
722 692 1081 775 praecedant
1126 701 1548 776 consonantes,
1593 703 1619 757 t
1658 713 1896 775 quoque
1936 694 2118 756 nihilo
2157 697 2353 757 minus
2391 703 2847 779 consonantem,
2893 716 3031 759 cum

424 820 550 862 eam
588 811 649 863 et
691 801 1007 881 praecedat
1045 800 1154 863 alia
1192 819 1525 862 consonans
1562 809 1624 863 et
1659 810 1961 881 sequatur.
2035 804 2055 862 i
2091 810 2289 863 autem
2335 802 2448 863 hoc
2493 801 2671 865 habet
2716 806 3028 884 proprium

421 910 577 969 inter
620 907 877 989 vocales,
925 916 1017 990 ut,
1075 910 1351 988 quotiens
1406 907 1603 969 locum
1659 916 1877 971 tenens
1918 911 2298 994 consonantis
2346 908 2591 970 alteram
2651 918 2787 971 ante
2844 930 2910 971 se
2968 913 3029 973 in

369 1035 394 1077 ⁵
421 1015 624 1076 eadem
668 1022 837 1099 parte
883 1017 1167 1077 orationis
1213 1015 1391 1078 habet
1435 1016 1722 1096 vocalem,
1766 1015 1943 1098 hanc,
2007 1018 2121 1077 etsi
2166 1025 2376 1077 natura
2422 1014 2620 1076 brevis
2667 1025 2821 1098 erat,
2877 1036 3027 1082 sem·

420 1143 524 1203 per
560 1124 854 1203 positione
894 1123 1068 1185 faciat
1112 1122 1372 1206 longam,
1417 1132 1484 1184 ut
1529 1124 1719 1202 maius
1764 1125 2090 1203 peiurium:
2129 1123 2285 1185 unde
2326 1132 2385 1183 et
2423 1122 2639 1202 duplex
2677 1123 3025 1205 appellatur.

419 1249 453 1290 x
499 1249 737 1310 quoque
791 1230 988 1292 littera
1034 1248 1367 1292 consonans
1423 1230 1687 1292 eiusdem
1744 1233 2056 1311 potestatis
2109 1232 2296 1310 gratia
2352 1229 2567 1311 duplex
2631 1240 3028 1314 nuncupatur,

419 1343 483 1397 ut
519 1338 661 1399 axis,
735 1346 875 1399 sunt
920 1345 982 1399 et
1025 1337 1322 1417 liquentes
1369 1336 1598 1398 litterae
1645 1345 1946 1419 quattuor,
1993 1337 2011 1398 Ι
2051 1356 2108 1398 m
2147 1356 2186 1398 n
2222 1354 2470 1419 1·,.quae
2509 1337 2744 1398 diverso
2782 1337 3022 1417 quidem

418 1443 616 1520 modo,
680 1443 786 1505 sed
840 1454 1002 1506 certa
1057 1446 1283 1506 ratione
1341 1442 1692 1524 plerumque
1747 1445 1809 1504 iu
1870 1452 2059 1505 metro
2107 1443 2339 1505 solitam
2386 1442 2853 1506 consonantibus
2911 1447 3025 1505 vim
3108 1496 3117 1504 .

259 1550 266 1556 ’
347 1571 392 1611 ιο
419 1553 715 1633 amittere,
763 1569 881 1612 non
919 1570 1241 1632 numquam
1287 1549 1499 1612 breves
1537 1558 1748 1611 natura
1794 1549 2043 1629 syllabas
2081 1551 2466 1611 inveniuntur
2503 1548 2755 1611 reddere
2802 1549 3021 1630 longas.

1432 1723 1550 1789 DE
1598 1721 2000 1788 SYLLABA

589 1872 819 1953 Syllaba
856 1882 949 1935 est
996 1872 1449 1954 comprehensio
1499 1871 1833 1933 litterarum
1882 1869 1971 1931 vel
2017 1872 2195 1933 unius
2246 1871 2459 1933 vocalis
2498 1871 2826 1934 enuntiatio
2874 1878 3020 1932 tem·

412 1998 624 2059 porum
670 1997 883 2062 capax,
936 1982 1071 2061 quia
1116 1981 1311 2041 omnis
1357 1977 1577 2059 syllaba
1622 1985 1723 2040 aut
1777 1976 1976 2038 brevis
2024 1985 2116 2038 est
2167 1986 2227 2039 et
2274 1971 2510 2059 teinpus
2556 1979 2771 2057 recipit
2818 1995 3021 2052 unum,

412 2086 566 2166 quod
615 2094 877 2156 atomum
924 2088 1157 2148 metrici
1200 2093 1439 2167 vocant,
1487 2092 1553 2145 ut
1597 2092 1783 2166 pater,
1831 2091 1935 2145 aut
1979 2083 2171 2164 longa·
2199 2091 2291 2145 est
2335 2092 2397 2145 et
2443 2084 2561 2145 duo
2610 2086 2823 2164 recipit
2877 2092 3020 2148 tem-

337 2212 384 2251 ιε»
411 2201 694 2275 pora,·ut
731 2202 934 2255 mater.
1007 2192 1106 2255 hic
1154 2195 1311 2254 enim
1361 2211 1479 2274 ma,
1526 2210 1662 2253 cum
1710 2190 1929 2253 dicitur
1979 2201 2193 2274 mater,
2231 2190 2596 2272 longitudine
2635 2191 2730 2254 sui
2767 2193 3018 2254 circum-

411 2293 596 2362 ssexu's
645 2309 872 2363 tantum
920 2301 1205 2381 temporis
1252 2300 1344 2361 bis
1381 2307 1658 2381 occupat,
1708 2307 1995 2379 quantum
2041 2303 2123 2379 pa*
2151 2298 2363 2380 semel,
2408 2317 2544 2360 cum
2582 2306 2755 2361 acute
2802 2297 3021 2360 dicitur

409 2414 592 2487 pater.
657 2416 798 2469 sunt
833 2409 1016 2487 igitur
1056 2406 1262 2486 longae
1301 2404 1582 2488 syllabae,
1620 2414 1760 2468 sunt
1796 2405 2035 2487 breveS,
2074 2415 2214 2467 sunt
2248 2424 2610 2468 communes,
2667 2406 2771 2480 secl
2810 2406 3018 2487 longae

408 2513 640 2576 duobus
688 2514 877 2576 modis
924 2515 1100 2595 fiunt,
1145 2521 1355 2574 natura
1404 2521 1464 2575 et
1508 2513 1821 2593 positione.
1893 2520 2101 2574 natura
2149 2512 2388 2592 quidem
2436 2512 2672 2597 bifarie,
2734 2523 2835 2575 ant
2880 2533 3014 2595 pro-

408 2621 685 2682 ductione
726 2620 998 2682 videlicet
1034 2619 1399 2700 singularum
1438 2619 1758 2702 vocalium,
1793 2627 1863 2680 ut
1901 2621 2062 2680 navis
2101 2618 2274 2680 sedes
2313 2620 2446 2680 finis
2483 2638 2658 2686 omen
2698 2639 2872 2701 unuS‚
2916 2630 3019 2684 aut

327 2745 379 2786 κο
405 2728 655 2792 duarum
693 2730 1139 2810 coniunctione,
1186 2718 1343 2809 quod
1392 2725 1796 2808 diphthongon
1839 2735 2078 2810 vocant,
2124 2735 2190 2790 ut
2229 2745 2437 2789 aevum
2483 2746 2674 2809 poena
2710 2715 3015 2810 Augustus

402 2834 601 2898 Eurus
648 2838 732 2920 ei,
781 2845 846 2898 ut
892 2836 1103 2898 Arator

721 2945 787 3004 ei
833 2942 1007 3003 mihi
1053 2944 1186 3003 iam
1236 2944 1438 3004 video
1486 2941 1751 3004 subitis
1799 2942 2089 3021 lapsura
2134 2943 2372 3002 ruinis

718 3048 1007 3110 condita
1053 3050 1209 3110 fana
1257 3048 1406 3132 diu,
1452 3048 1703 3129 templi
1751 3067 2033 3129 quoque
2083 3047 2352 3110 nobilis
2399 3047 2670 3130 aedem3

402 3156 489 3217 vel
527 3174 663 3217 cum
702 3155 955 3217 dicimus
992 3156 1228 3237 Tydeus
1265 3156 1477 3238 Tydei,
1525 3155 1704 3243 ubic
1744 3164 1803 3217 et
1842 3158 1860 3217 i
1908 3173 2028 3216 nou
2076 3174 2445 3239 separamuS,
2491 3155 2596 3217 sed
2644 3159 3008 3219 coniunctim

321 3279 372 3318 25
399 3264 786 3346 proferimuS,
841 3280 921 3349 ne
975 3265 1241 3342 quintam
1296 3263 1496 3342 potius
1553 3280 1729 3341 quam
1785 3261 2106 3322 secundam
2141 3254 2149 3344 Ι
2180 3261 2634 3323 declinationem
2696 3264 3008 3355 significet.

398 3378 459 3430 et
494 3368 608 3430 hoc
644 3387 856 3449 graeca
893 3371 1130 3430 nomina
1168 3372 1526 3452 sortiuntur3
1572 3371 1633 3431 in
1676 3368 1873 3431 latinis
1913 3387 2030 3430 uon
2068 3370 2366 3430 invenitur
2404 3368 2546 3431 baec
2584 3366 3008 3451 diphthongus,

396 3477 689 3556 positione
736 3483 932 3537 autem
978 3475 1187 3555 longae
1235 3476 1384 3536 fiunt
1430 3474 1682 3556 syllabae
1731 3475 1922 3537 modis
1960 3493 2091 3536 sex:
2138 3493 2276 3536 cum
2323 3483 2597 3556 correpta
2644 3477 2860 3539 vocalis
2906 3489 3008 3541 aut

387 3584 456 3643 in
505 3582 649 3644 duas
697 3581 914 3644 desinit
959 3591 1382 3664 consonantes»,
1435 3590 1503 3643 ut
1549 3590 1665 3665 ast3
1722 3591 1824 3644 aut
1882 3585 1943 3643 in
1993 3600 2167 3643 unam
2214 3581 2539 3666 duplicem,
2596 3592 2661 3645 ut
2706 3584 2851 3667 dux3
2908 3595 3010 3649 aut

395 3688 613 3750 desinit
658 3691 720 3750 in
760 3706 936 3750 unam
975 3696 1398 3749 consonantem
1438 3695 1499 3749 et
1543 3689 1839 3768 excipitur
1876 3687 1948 3749 ab
1987 3687 2197 3769 altera,
2242 3697 2311 3748 ut
2355 3707 2517 3771 arca3
2564 3699 2666 3752 aut
2712 3695 3007 3774 excipitur

315 3812 368 3851 so
394 3794 467 3856 ab
523 3815 561 3856 x
616 3794 835 3877 duplici
895 3801 1284 3876 consonante,
1344 3802 1407 3854 ut
1461 3795 1613 3876 axis3
1668 3800 1771 3854 aut
1827 3792 1900 3854 ab
1955 3794 1975 3854 i
2032 3793 2162 3855 loco
2218 3799 2600 3858 consonantis
2653 3801 2874 3882 posita,
2938 3807 3006 3862 ut

394 3900 598 3981 Troia,
655 3918 806 3981 quac
862 3902 1078 3980 positio
1136 3918 1253 3961 non
1314 3918 1637 3980 numquam
1693 3901 1753 3960 in
1818 3902 2025 3961 metris
2092 3902 2153 3962 in
2220 3909 2344 3963 tres
2398 3902 2681 3964 dividitur
2737 3904 3005 3989 syllabaS,

393 4016 460 4067 ut
505 4014 599 4068 est
643 4006 786 4068 illud
802 4054 820 4086 ,

573 4158 599 4206 1
639 4171 670 4206 r
704 4169 816 4207 non
852 4168 971 4207 esse
1007 4151 1062 4205 L
1220 4150 1471 4222 sequitur
1507 4168 1645 4207 corr.
1684 4152 1951 4221 sequatur
1986 4150 2048 4205 F
2204 4157 2236 4206 2
2286 4154 2312 4205 t
2348 4170 2569 4222 quoque
2607 4155 2749 4210 nihil
2786 4158 3003 4214 ominus

392 4233 796 4289 consonantem
821 4248 948 4286 cum
979 4247 1100 4287 eam
1141 4235 1200 4287 et
1229 4231 1537 4303 praecedat
1571 4232 1687 4287 alia
1722 4247 2026 4286 consonans
2063 4232 2124 4285 et
2157 4232 2422 4299 sequatur
2456 4233 2509 4285 L
2544 4236 2571 4289 t
2605 4239 3001 4293 consonantem

391 4331 518 4369 cum
558 4328 682 4368 eam
719 4313 778 4367 et
821 4311 1057 4381 praedat
1101 4311 1219 4367 alia
1263 4328 1572 4369 consonans
1620 4314 1679 4367 et
1721 4313 1988 4383 sequatur
2026 4309 2086 4364 F
2128 4311 2215 4364 st.
2263 4316 2660 4387 consonantem
2708 4332 2835 4370 cum
2872 4333 2998 4372 eam

389 4392 692 4464 praecedat
721 4390 842 4445 'alia
877 4405 1185 4445 consonans
1223 4393 1282 4446 et
1317 4394 1587 4462 sequatur
1623 4392 1680 4445 P
1717 4408 1743 4445 s
1780 4391 1841 4444 et
1874 4391 1903 4443 t
1938 4390 2448 4461 (reliquisgomissis)
2487 4408 2521 4451 ς
2699 4400 2730 4448 5
2781 4412 3000 4466 semper

390 4490 459 4527 ea
496 4470 774 4543 positione
810 4470 872 4524 F
903 4486 1123 4540 semper
1158 4486 1283 4526 eam
1318 4471 1597 4541 positione
1633 4470 1756 4523 LP
1880 4474 1909 4523 7
1948 4468 2134 4538 gratia
2169 4485 2269 4526 om.
2307 4470 2385 4538 L,
2423 4472 2550 4528 add.
2589 4474 2609 4528 l
2738 4480 2770 4528 9
2810 4491 2997 4530 conso·

388 4550 650 4608 nantibus
687 4549 806 4604 FL
842 4550 1268 4606 consonantium
1308 4551 1391 4607 ΡΙ
1519 4557 1586 4605 10
1622 4549 1880 4606 amittere
1908 4566 2326 4619 nonnumquam
2366 4552 2485 4607 FL
2518 4551 2781 4609 amittere
2817 4554 3001 4610 solent

389 4635 471 4703 (et
505 4633 632 4688 add.
672 4631 752 4701 P)
787 4647 1207 4700 nonnumquam
1250 4632 1378 4690 1³15
1549 4636 1616 4685 14
1652 4632 1902 4724 atomtffi
1940 4628 2032 4697 Pf
2035 4643 2068 4687 ς
2107 4631 2338 4686 atonum
2377 4633 2494 4687 FL
2665 4638 2732 4686 18
2767 4633 2910 4689 fiunt
2944 4633 2997 4688 L

386 4715 519 4768 sunt
553 4711 676 4766 FP
794 4708 994 4766 bifarie
1031 4710 1155 4765 LP
1187 4710 1421 4767 bifariae
1460 4710 1521 4764 F
1551 4709 1812 4766 bifariam
1849 4727 1883 4769 ς
2008 4717 2291 4791 sopoene
2330 4714 2391 4768 F
2512 4721 2579 4768 21
2618 4715 2810 4769 aratur
2845 4714 2908 4769 F

386 4798 456 4848 23
493 4790 614 4864 diu]
655 4786 812 4846 dium
849 4789 911 4844 F
1013 4795 1084 4844 24
1122 4789 1478 4845 coniunctum
1508 4807 1644 4846 corr.
1675 4789 1779 4845 -im
1817 4790 1878 4844 F
1983 4798 2050 4847 27
2089 4793 2232 4847 fiunt
2269 4794 2387 4849 FL
2423 4797 2555 4849 sunt
2590 4794 2694 4853 ςΡ
2798 4802 2867 4852 28
2894 4798 2996 4852 aut

384 4890 554 4929 unam
591 4870 875 4942 duplicem
912 4871 965 4925 L
1107 4876 1177 4926 30
1214 4870 1449 4942 duplici]
1489 4868 1645 4939 dupli
1685 4869 1746 4923 F
