3613 5528
1354 436 1449 490 DE
1490 434 2069 490 ORTHOGRAPHIA
2927 438 3007 501 ’Π

406 547 449 582 p.
477 536 597 575 2235.
626 535 677 574 se
704 534 752 574 P.

404 638 519 698 que
565 638 800 699 semper
847 621 1163 680 immutari.
1238 622 1380 680 item
1428 622 1703 699 antiquos
1750 623 1833 680 ait
1878 639 1987 699 per
2032 639 2064 680 e
2113 631 2172 680 et
2216 623 2237 680 i
2284 619 2684 702 scribendum,
2729 623 3007 702 quoniam

404 727 693 804 significet
741 734 894 786 ante.
970 726 1126 805 quod
1179 726 1321 786 mihi
1368 726 1646 805 frigidum
1686 735 1746 786 et
1791 728 2060 805 ineptum
2109 726 2361 808 videtur,
2408 738 2468 788 et
2505 729 2689 790 multo
2738 728 3009 807 frigidius

398 832 572 913 illud,
619 832 775 911 quod
825 828 955 893 ‘illi’
995 851 1231 911 quoque
1271 812 1427 912 apud
1464 832 1627 892 illum
1666 835 1725 893 in
1776 842 2026 911 utraque
2077 832 2292 911 syllaba
2340 853 2448 913 per
2494 855 2526 895 e
2573 836 2690 896 eti
2737 826 3034 895 scribun?

401 949 518 1021 tur,
565 940 722 1020 quod
764 942 1039 1001 vitiosum
1078 949 1185 1000 est.
1252 942 1311 999 in
1351 941 1660 1018 superiore
1701 942 1860 999 enim
1901 941 2138 1000 nomine
2177 950 2268 1001 est
2306 941 2514 1001 saltem
2552 941 2746 1021 aliqua
2785 943 3006 1000 mentio

347 1058 372 1095 ⁵
400 1066 432 1107 e
480 1046 710 1108 litterae
758 1051 823 1107 in
868 1042 1299 1129 ἐτυμολογίᾳ,
1347 1046 1443 1107 hic
1490 1046 1665 1107 nulla.

577 1153 730 1213 Sane
778 1152 966 1213 basim
1013 1164 1074 1213 et
1120 1152 1334 1232 pelvim
1379 1172 1487 1233 per
1536 1156 1553 1213 i
1595 1156 1604 1227 Ι
1646 1153 1996 1235 scribamus,
2044 1156 2322 1233 quoniam
2368 1164 2430 1216 et
2473 1155 2731 1217 basicula
2779 1164 2839 1215 et
2883 1154 3005 1234 pel-

398 1259 586 1320 vicula
635 1259 937 1339 scribitur,
983 1268 1044 1319 et
1090 1259 1338 1320 ablativo
1386 1278 1527 1320 casu
1575 1262 1593 1319 i
1642 1261 1958 1341 finiuntur,
2004 1260 2075 1320 ab
2122 1261 2232 1321 hac
2281 1260 2406 1321 basi
2454 1270 2514 1322 et
2559 1261 2632 1321 ab
2679 1260 2787 1320 hac
2834 1258 3005 1338 pelvi.

575 1360 1150 1445 Alimenta'quoque
1190 1385 1297 1445 per
1336 1369 1355 1426 i
1393 1366 1720 1445 elegantius
1760 1367 2109 1448 scribemus,
2157 1386 2332 1447 quam
2381 1367 2676 1429 alumenta
2721 1386 2829 1447 per
2876 1385 2932 1427 ιι.

575 1472 870 1544 Quasdam
928 1491 1066 1533 vero
1096 1452 1479 1552 'scriptiones
1538 1475 1798 1552 antiquis
1854 1473 2287 1554 relinquamuS,
2341 1483 2409 1535 ut
2462 1476 2523 1534 in
2572 1493 2642 1535 eo
2701 1473 2858 1552 quod
2914 1481 3006 1533 est

322 1594 374 1632 ιο
401 1598 527 1640 eur.
601 1578 685 1640 illi
730 1582 886 1641 enim
934 1598 1043 1659 per
1089 1598 1242 1659 quor
1288 1578 1644 1660 scribebant,
1692 1590 1760 1642 ut
1805 1599 1985 1660 supra
2031 1581 2178 1641 dixi:
2227 1567 2360 1640 nam
2406 1590 2468 1642 et
2512 1583 2706 1660 ipsum
2754 1582 2852 1641 cui
2897 1597 3006 1659 per

394 1689 554 1767 quoi,
601 1705 717 1766 quo
764 1689 1047 1766 pinguius
1094 1694 1352 1767 sonaret,
1395 1689 1762 1747 scribebant.
1839 1706 1947 1748 nos
1995 1689 2257 1747 contenti
2306 1705 2513 1748 sumus
2558 1707 2667 1767 per
2705 1707 2814 1748 cur
2860 1687 3002 1747 scri·

390 1789 554 1872 bere,
582 1800 649 1853 ut
678 1790 1046 1870 plenitudine
1077 1797 1314 1870 quoque
1343 1792 1627 1852 sufficiat:
1657 1811 1790 1852 nam
1822 1802 1913 1853 est
1950 1787 2069 1853 ‘cui
2098 1788 2227 1853 rei'.
2283 1796 2464 1854 mium
2495 1803 2556 1854 et
2591 1795 3000 1855 commircium

395 1916 632 1978 quoque
679 1917 789 1977 per
835 1900 855 1958 i
901 1899 1159 1977 antiquis
1207 1897 1638 1978 relinquamu3‚
1693 1898 1848 1977 apud
1908 1918 2057 1978 quos
2115 1917 2302 1979 aeque
2350 1908 2411 1959 et
2454 1900 2774 1961 Mircurius
2829 1918 2936 1979 per
2982 1901 3001 1958 i

394 2004 720 2085 dicebatur,
767 2004 935 2084 quod,
973 2004 1372 2065 mirandarum
1420 2022 1625 2065 rerum
1673 2014 1834 2065 esset
1876 2007 2170 2088 inventor,
2216 2015 2283 2067 ut
2321 2003 2504 2066 Varro
2545 2007 2704 2068 dicit.
2780 2007 3002 2066 nostris

314 2124 367 2163 16
396 2113 510 2171 iam
566 2110 810 2171 auribus
856 2110 1050 2190 placet
1094 2130 1202 2191 per
1249 2130 1310 2192 e,
1365 2120 1435 2172 ut
1479 2120 1540 2172 et
1584 2110 1917 2172 Mercurius
1963 2121 2025 2171 et
2069 2114 2422 2174 commercia
2478 2113 2768 2174 dicantur.
2858 2114 3002 2172 item

391 2220 525 2278 miis
571 2237 679 2298 per
725 2220 772 2298 i,
818 2235 937 2278 non
984 2219 1134 2278 meis
1179 2235 1288 2296 per
1334 2236 1397 2298 e,
1450 2226 1515 2277 ut
1560 2217 1881 2278 Terentius

654 2326 946 2385 atenim
982 2326 1167 2384 istoc
1205 2323 1384 2384 nihil
1422 2331 1535 2384 est
1570 2327 1822 2403 magiS,
1853 2324 2054 2406 Syre,
2087 2327 2247 2386 miis
2284 2330 2563 2407 nuptiis
2604 2326 3001 2389 adversum.

569 2431 835 2492 Coniunx
886 2442 945 2491 et
991 2433 1201 2492 seiunx
1258 2432 1386 2491 sine
1434 2450 1472 2491 n
1522 2429 1695 2508 [non]
1749 2440 1919 2509 putat
1965 2431 2140 2493 Nisus
2199 2452 2331 2495 esse
2387 2433 2798 2513 scribendum,
2855 2450 2999 2511 quo-

392 2540 550 2597 niam
594 2541 865 2617 genetivo
913 2556 1054 2599 casu
1104 2540 1320 2599 faciant
1366 2539 1635 2616 coniugis
1681 2546 1742 2598 et
1787 2539 2027 2617 seiugis.
2112 2540 2255 2601 mihi
2302 2540 2534 2602 videtur
2579 2558 2697 2600 non
2747 2537 2996 2599 evellen-

568 2719 747 2775 Godcae
788 2718 1088 2773 Parrhasii
1163 2725 1190 2772 1
1235 2717 1498 2789 quoniam
1536 2717 1818 2788 significat
1853 2717 2074 2788 antiqui
2111 2719 2262 2788 quod
2441 2727 2473 2776 3
2511 2737 2611 2791 per
2648 2736 2679 2775 e
2717 2722 2776 2775 et
2809 2718 2831 2774 i
2869 2718 2998 2774 scri-

390 2817 589 2872 bantur
615 2818 765 2886 quod
802 2818 876 2873 sit
909 2818 1093 2872 uisum
1130 2817 1190 2871 in
1219 2815 1501 2885 superiore
1614 2822 1646 2869 5
1685 2833 1714 2870 e
1752 2816 1979 2871 litterae
2009 2804 2308 2887 ετὸμλογια
2335 2818 2429 2873 hic
2458 2820 2615 2873 nulla.
2724 2825 2756 2874 6
2793 2817 2997 2889 basim]

380 2891 418 2954 ἦν’
456 2897 631 2952 ausim
774 2897 1050 2969 basicula]
1088 2898 1337 2953 uasicula
1481 2901 1512 2949 7
1550 2893 1834 2966 scribitur]
1874 2895 2152 2951 scribatur
2294 2897 2448 2951 casui
2483 2898 2748 2953 finiantur
2783 2899 2856 2953 ab
2891 2900 2998 2953 hac

389 2978 509 3032 nasi
688 2985 750 3033 11
791 2980 1017 3033 sonaret
1052 2977 1302 3033 contenti
1340 2993 1529 3030 sumus
1565 2991 1665 3045 per
1703 2993 1808 3043 qur
1843 2977 2084 3030 scribere
2119 2978 2184 3030 ut
2218 2976 2570 3046 plenitudine
2608 2995 2718 3048 quo
2758 2979 3000 3034 sufficiat

387 3075 515 3112 nam
562 3076 706 3127 quae
749 3059 985 3113 nimium
1023 3061 1083 3113 et
1127 3056 1521 3113 commercium
1696 3061 1759 3108 13
1797 3054 2085 3110 mercirius
2134 3072 2235 3125 per
2270 3054 2290 3108 i
2328 3055 2659 3112 dicebantur
2835 3065 2900 3112 14
2936 3060 3002 3113 ut

390 3138 585 3209 Varro]
625 3141 683 3194 et
716 3156 881 3194 uarro
1031 3143 1094 3193 15
1133 3137 1359 3192 auribus
1398 3137 1497 3191 sed
1532 3153 1634 3206 per
1670 3152 1701 3189 e
1739 3136 1799 3188 et
1836 3136 1900 3188 ut
1932 3134 2238 3189 mercurius
2386 3142 2450 3190 17
2488 3136 2670 3206 magis
2706 3154 2806 3191 om.
2838 3138 2898 3206 0,
2935 3138 2999 3191 in

386 3235 556 3287 mary.
592 3219 720 3273 add.
759 3236 789 3272 c

566 3387 591 3434 1
630 3381 864 3446 sonasse
899 3380 1163 3449 quoniam
1203 3378 1481 3449 significet
1517 3393 1611 3431 eos
1650 3375 1749 3445 qui
1785 3375 1917 3429 ante
1952 3374 2178 3429 fuerunt
2331 3382 2363 3430 3
2401 3375 2521 3430 illei
2560 3393 2779 3447 quoque
2817 3375 2872 3432 R

388 3475 486 3527 per
522 3475 552 3513 e
592 3460 650 3513 et
686 3459 707 3513 i
744 3458 1086 3528 scribantur,
1124 3458 1275 3528 quod
1310 3458 1387 3512 sit
1422 3456 1629 3512 visum:
1670 3457 1728 3511 in
1764 3454 2049 3525 superiore
2088 3456 2236 3509 enim
2274 3454 2499 3511 nomine
2536 3460 2622 3512 est
2658 3458 2857 3513 saltem
2895 3458 2997 3514 ali-

387 3556 497 3607 qua
532 3538 742 3595 mentio
779 3556 810 3594 e
845 3538 1094 3607 litterae,
1132 3538 1479 3608 etymologia
1514 3536 1671 3591 nulla
1707 3552 1857 3590 sane.
1906 3534 2084 3589 basim
2121 3532 2177 3587 R
2321 3540 2355 3587 4
2393 3536 2543 3604 quod
2579 3535 2842 3591 vitiosum
2881 3538 2993 3609 est]

388 3637 463 3672 an
490 3621 682 3688 potius
718 3619 868 3689 quod
905 3618 1041 3672 facit
1076 3616 1285 3672 risum?
1467 3623 1498 3671 6
1548 3615 1728 3670 basim
1762 3621 1814 3670 et
1849 3616 2042 3670 deinde
2086 3614 2339 3669 basicula
2373 3620 2422 3669 et
2466 3615 2590 3670 basi
2627 3633 2694 3671 ex
2743 3618 2997 3686 principe

387 3700 620 3755 editione
665 3700 867 3769 recepi,
913 3714 1242 3767 quamquam
1286 3697 1439 3751 haud
1481 3698 1592 3751 scio
1628 3714 1706 3751 an
1746 3697 1934 3764 potius
1978 3694 2179 3749 tussim
2231 3695 2504 3750 tussicula
2537 3696 2682 3752 tussi
2718 3698 2995 3766 scripserit

387 3779 609 3848 Lonqus
751 3778 1034 3847 peluicula
1079 3777 1380 3843 scribatur,
1428 3778 1486 3831 et
1521 3776 1774 3831 ablatiuo
1813 3792 1947 3830 casu
1982 3773 2249 3827 finiantur
2283 3773 2339 3827 R
2521 3780 2587 3830 10
2633 3792 2800 3846 supra
2852 3776 2993 3847 dixi]

377 3874 438 3926 p.
476 3863 564 3924 71,
592 3864 632 3913 2
802 3864 864 3911 11
904 3874 1015 3926 quo
1052 3855 1315 3926 pinguius
1353 3859 1604 3923 sonaret,
1642 3853 1892 3910 contenti
1930 3869 2118 3909 sumus
2156 3869 2256 3921 per
2290 3853 2380 3906 cui
2418 3853 2683 3923 scribere,
2722 3858 2786 3910 ut
2819 3855 2996 3926 pleni·

385 3936 577 3991 tudine
614 3936 749 4007 quoi
783 3938 1039 3993 sufficiat.
1113 3938 1369 4006 Namque
1416 3934 1648 3989 nimium
1696 3935 1755 3988 et
1799 3934 2195 3989 commercium
2231 3933 2287 3987 R
2504 3940 2569 3989 12
2619 3952 2749 3990 nam
2786 3941 2871 3991 est
2907 3937 2997 3991 cui

386 4016 464 4070 rei
507 4019 708 4087 scripsi
754 4018 870 4071 coll.
911 4034 972 4086 p.
1005 4022 1091 4084 71,
1129 4021 1164 4070 3
1202 4019 1289 4070 est
1325 4015 1475 4070 enim
1516 4013 1627 4069 ‘cui
1665 4014 1791 4082 rei’,
1831 4014 1983 4083 quod
2029 4015 2305 4085 significat
2344 4015 2438 4069 ‘ob
2477 4031 2649 4085 quam
2686 4016 2848 4070 rem'.
2963 4037 3000 4050 ···

385 4096 559 4150 mium
595 4098 835 4152 restituit
874 4097 1259 4163 Commclinus,
1297 4091 1679 4150 commircium
1717 4098 1768 4146 et
1803 4094 1996 4147 deinde
2031 4093 2325 4148 Mircurius
2365 4095 2574 4149 Iunius
2749 4102 2813 4150 13
2853 4096 2992 4150 Mer·

386 4173 553 4230 cirius
596 4193 696 4245 per
733 4176 752 4230 i
801 4176 1115 4244 dicebatur,
1165 4175 1317 4244 quod
1363 4173 1743 4229 mirandarum
1781 4177 1930 4228 esset
1965 4193 2152 4230 rerum
2200 4175 2475 4231 inuentor.
2540 4178 2599 4230 et
2634 4174 2814 4231 Varro
2856 4176 2997 4231 dicit

385 4256 587 4309 nostris
638 4257 751 4311 iam
797 4255 1026 4311 auribus
1071 4255 1286 4310 scilicet
1330 4272 1431 4325 per
1476 4270 1532 4322 e,
1580 4256 1638 4308 et
1682 4254 1748 4306 ut
1782 4252 2087 4309 Mercurius
2126 4255 2181 4308 R
2399 4260 2465 4308 14
2517 4257 2583 4309 ut
2617 4255 2795 4310 Varro
2832 4256 2995 4310 dicit:

382 4337 585 4392 nostris
624 4337 740 4392 iam
778 4336 1004 4391 auribus
1042 4354 1200 4391 secus
1245 4336 1460 4405 placet,
1507 4334 1724 4389 scilicet
1769 4351 1870 4404 per
1906 4351 1964 4402 e,
2011 4339 2075 4391 ut
2117 4339 2177 4391 et
2212 4335 2520 4390 Mercurius
2558 4337 2616 4389 et
2661 4337 2995 4390 commercia

382 4416 638 4471 dicantur
672 4415 1004 4471 Bitschelius
1038 4421 1240 4486 quaest.
1282 4416 1443 4471 Varr.
1476 4434 1535 4485 p.
1574 4422 1650 4471 29
1799 4423 1867 4471 16
1906 4415 2224 4486 Terentius]
2261 4416 2440 4470 heaut.
2479 4415 2591 4469 tim.
2633 4414 2801 4467 IIII
2834 4419 2888 4479 3,
2915 4419 2988 4470 21

384 4503 450 4552 18
488 4497 743 4552 Coniunx
772 4528 839 4536 —
870 4503 955 4566 78,
985 4505 1016 4551 3
1047 4497 1265 4567 plenior
1301 4496 1495 4552 veniat
1535 4496 1719 4551 Velius
1746 4497 1974 4565 Lonyus
2001 4498 2155 4565 apud
2184 4495 2426 4550 Cassiod.
2453 4511 2510 4563 p.
2540 4500 2699 4550 2287
2808 4495 2925 4550 sine
2955 4514 2992 4550 n

382 4581 543 4646 putat
569 4578 624 4630 R
662 4579 726 4631 in
760 4578 1095 4647 comymdis
1130 4582 1179 4630 et
1215 4578 1381 4631 editio
1413 4576 1730 4631 Commelim‘
1875 4581 1941 4629 19
1975 4574 2150 4630 faciat
2175 4575 2230 4629 R
2373 4573 2514 4628 mihi
2550 4576 2739 4629 autem
2768 4574 2992 4631 videtur

381 4674 493 4712 non
528 4657 879 4712 evellendam
917 4657 1116 4713 exinde
1154 4660 1298 4713 hanc
1336 4658 1608 4727 litteram,
1656 4673 1766 4727 qua
1818 4673 1985 4711 sonus
2024 4655 2421 4710 enuntiationis
2459 4654 2804 4723 exprimitur.
2859 4671 2991 4709 nam

383 4736 640 4803 quamvis
677 4738 888 4790 asserat
922 4754 1032 4792 non
1070 4756 1189 4793 esse
1228 4738 1567 4793 onerandam
1606 4734 1968 4807 supervacuis
2017 4734 2222 4790 litteris
2268 4734 2598 4802 dictionem,
2646 4751 2752 4804 ego
2799 4738 2990 4791 tamen

382 4831 494 4869 non
528 4815 900 4869 fraudandum
936 4834 1129 4871 sonum
1167 4816 1426 4873 existimo
1464 4817 1577 4872 suis
1621 4816 1857 4884 litteris,
1905 4814 2107 4883 quibus
2150 4813 2372 4884 integer
2417 4817 2476 4870 et
2518 4815 2720 4883 plenus
2756 4815 2989 4871 auribus

381 4893 673 4949 intimatur
710 4902 959 4964 excerpta
998 4897 1339 4952 Cassiodorii
