3613 5528
542 386 633 450 44
1484 390 1489 395 ’
1603 389 1798 445 VELII
1836 391 2062 448 LONGI

543 574 606 634 in
666 574 954 635 rationem
1015 568 1344 633 scribendi'
1402 576 1697 636 transiens
1750 595 1809 656 p.
1866 572 2041 639 2219
2106 578 2368 657 primum
2432 576 2505 638 de
2567 581 2644 641 iis
2698 579 3024 658 vocabulis,
3088 584 3152 644 in

543 682 760 763 quibus
824 662 1055 743 diversa
1118 679 1191 741 31)
1257 684 1662 744 enuntiatione
1729 692 1858 747 erat
1913 668 2158 766 scriptio
2206 685 2298 746 vel
2351 688 2413 748 in
2471 685 2689 766 quibus
2751 687 3150 751 diversitatem

541 790 985 869 significationis
1031 787 1346 850 scribendo
1394 792 1727 869 exprimere
1776 809 1896 852 non
1955 790 2102 852 nulli
2148 790 2481 874 voluerunt,
2527 791 2804 874 disputat.
2877 813 3013 856 nam
3057 797 3151 858 his

542 895 987 976 quaestionibus
1045 915 1114 957 ea
1168 898 1366 957 omnia
1421 915 1571 975 quae
1630 897 1745 958 hoc
1800 898 1933 959 loco
1979 906 2232 960 tractata
2277 908 2420 959 sunt
2465 902 2863 963 continentur.
2936 903 3149 964 deinde

540 1004 613 1064 (18
657 1001 1198 1083 praepositionibus
1244 1004 1306 1063 in
1353 1005 1782 1083 compositione
1833 1006 2099 1078 mutatiS‚
2147 1004 2220 1065 de
2269 1004 2488 1084 quibus
2532 1026 2720 1087 pauca
2766 1010 2922 1089 apud
2969 1010 3149 1072 Scau-

481 1094 490 1106 ’
540 1130 673 1172 rum
728 1111 1036 1192 leguntur,
1083 1110 1225 1170 dicit
1272 1129 1326 1188 p.
1374 1106 1832 1172 2224-2228.
1918 1110 2198 1190 deinceps
2244 1121 2380 1191 post
2424 1111 2665 1174 brevem
2711 1115 3149 1178 adnotationem

539 1216 611 1277 de
668 1236 739 1278 eo
796 1216 955 1296 quod
1009 1218 1260 1277 interest
1321 1217 1477 1277 inter
1531 1208 2006 1298 ὀρθογραφίαν
2063 1226 2123 1279 et
2183 1209 2591 1300 ὀρθοέπειαν
2648 1204 2970 1284 subiectae'
3009 1232 3152 1284 sunt

544 1326 941 1405 quaestioneS,
1002 1342 1152 1402 quae
1199 1325 1361 1404 ipsae
1423 1342 1660 1403 quoque
1722 1343 1755 1385 a
1816 1323 2156 1386 diversitate
2214 1327 2637 1388 enuntiationis
2692 1336 2754 1388 et
2809 1331 3150 1409 scriptionis
3249 1409 3272 1418 ἱ

541 1432 1023 1513 proficiscuntur,
1069 1431 1142 1491 de
1190 1431 1485 1509 scriptura
1531 1450 1639 1511 per
1686 1434 1705 1492 i
1752 1430 1844 1493 vel
1890 1451 1948 1513 u,
1994 1432 2068 1493 de
2115 1432 2530 1515 adspiratione,
2577 1434 2650 1494 de
2697 1434 2997 1497 vocabulis
3042 1455 3151 1516 per

542 1538 579 1599 (1
619 1537 707 1599 vel
746 1547 770 1600 t
806 1520 871 1599 et
902 1555 1010 1618 per
1049 1557 1082 1598 c
1119 1537 1211 1598 vel
1248 1556 1286 1618 q
1325 1540 1578 1618 scriptis.
1636 1548 1974 1619 sequuntur
2012 1541 2391 1619 quaestiones
2428 1543 2490 1600 in
2528 1539 2746 1620 quibus
2786 1533 3150 1623 ὀρθοέπεια

540 1653 601 1705 et
656 1634 1087 1726 ὀρθογραφία
1145 1644 1388 1705 confusa
1450 1653 1541 1706 est
1594 1664 1649 1725 p.
1697 1642 1904 1727 2232,
1947 1649 2089 1711 item
2136 1664 2365 1739 paucae
2406 1648 2783 1726 quaestiones
2831 1657 3146 1711 consuetu-

536 1750 690 1811 dinis
746 1753 964 1812 veteris
1020 1758 1081 1811 et
1134 1768 1321 1811 novae
1380 1771 1436 1831 p.
1486 1748 1658 1813 2233
1708 1760 1767 1813 et
1815 1754 2193 1833 quaestiones
2239 1753 2608 1815 diversarum
2654 1755 3148 1834 significationum

535 1876 590 1937 p.
638 1854 831 1921 2234.
904 1864 1206 1938 postremo
1261 1876 1317 1936 p.
1369 1854 1546 1918 2235
1594 1877 1721 1938 sqq.
1770 1861 1998 1920 varium
2062 1878 2252 1939 genus
2308 1862 2750 1943 quaestionum,
2813 1863 2875 1923 in
2931 1862 3148 1942 quibus

537 1965 611 2025 de
658 1983 805 2026 sono
852 1964 1275 2025 enuntiationis
1327 1967 1634 2043 quaeritur
1694 1964 2030 2027 subiectum
2085 1972 2192 2028 est.
2269 1985 2378 2047 per
2436 1986 2644 2029 omnes
2690 1976 2888 2030 autem
2943 1977 3145 2049 p‘artes

537 2072 671 2133 libri
726 2089 901 2152 quam
959 2070 1140 2132 multa
1197 2089 1333 2131 cum
1393 2070 1603 2133 Scauri
1671 2071 2170 2154 disputationibus
2227 2077 2600 2136 consentiant
2660 2075 2830 2137 facile
2886 2085 3148 2155 apparet.

539 2199 729 2260 neque
787 2187 984 2259 potest
1039 2175 1298 2240 dubitari
1353 2180 1498 2257 quin
1557 2181 1808 2240 maxima
1854 2181 1984 2240 eius
2032 2198 2360 2241 consensus
2406 2199 2545 2261 pars
2592 2182 2664 2244 ab
2711 2181 3148 2262 antiquioribus

538 2286 880 2349 auctoribus
927 2288 1030 2365 qui
1076 2286 1149 2346 de
1196 2283 1406 2345 iisdem
1455 2282 1636 2346 rebus
1684 2288 2048 2366 scripserant
2094 2287 2415 2367 repetenda
2462 2291 2567 2370 sit,
2610 2292 2964 2369 praesertim
3010 2300 3147 2352 cum

536 2403 597 2455 et
641 2400 778 2454 ante
826 2401 1149 2471 utrumque
1195 2393 1644 2471 grammaticum
1682 2392 1959 2454 Annaeus
1999 2392 2301 2455 Cornutus
2348 2402 2408 2456 et
2452 2404 2660 2475 postea
2696 2394 2916 2457 Marius
2954 2395 3146 2457 Victo·

538 2503 708 2561 rinus
755 2498 1042 2580 quaedam
1089 2517 1161 2558 ex
1206 2497 1300 2560 his
1347 2517 1496 2577 quae
1544 2498 1660 2558 illie
1707 2503 2044 2561 communia
2101 2509 2240 2562 sunt
2286 2500 2558 2563 similiter
2603 2504 3001 2565 tractaverint.
3075 2502 3148 2563 de

543 2625 661 2686 quo
729 2614 865 2692 post
920 2605 1373 2666 Wilmannsium
1430 2606 1503 2666 (18
1565 2604 1727 2667 Varr.
1776 2605 1908 2668 libr.
1955 2625 2198 2686 gramm.
2244 2627 2301 2687 p.
2351 2605 2436 2669 86
2484 2628 2570 2688 sq.
2618 2608 2766 2670 dixit
2822 2608 3149 2671 Guilelmus

540 2712 769 2793 Schady
824 2711 898 2773 de
955 2710 1103 2773 Mari
1160 2710 1445 2773 Victorini
1501 2711 1637 2773 libri
1691 2712 1716 2773 1
1773 2715 1964 2793 capite
2021 2714 2096 2775 1v
2144 2708 2410 2798 (Bonnae
2457 2734 2506 2777 a.
2559 2711 2759 2800 1869)
2805 2736 2861 2797 p.
2910 2713 2995 2779 22
3043 2735 3149 2799 sq.,

538 2825 640 2901 qui
678 2820 870 2881 Verrii
907 2818 1102 2880 Flacci
1147 2816 1331 2879 libros
1376 2820 1449 2879 de
1497 2819 1916 2899 orthographia
1964 2823 2309 2900 primarium
2356 2841 2562 2885 eorum
2609 2826 2877 2885 omnium
2923 2826 3147 2885 sontem

538 2930 721 2990 fuisse
790 2927 1199 2988 demonstrare
1256 2925 1500 2987 studuit.
1590 2926 1877 3005 quaedam
1935 2936 2129 2989 tamen
2185 2931 2266 2990 ita
2312 2939 2648 3010 comparata
2695 2938 2860 3013 sunt,
2907 2938 2975 2991 ut
3018 2933 3147 3010 ipse

540 3036 749 3096 Scauri
804 3032 957 3095 liber
1003 3032 1205 3113 Longo
1253 3040 1388 3093 ante
1438 3032 1643 3093 oculos
1689 3034 1874 3095 fuisse
1933 3035 2216 3096 videatur.
2310 3053 2428 3115 qua
2481 3037 2542 3096 in
2599 3055 2666 3098 re
2721 3054 2841 3098 non
2896 3036 3147 3098 multum

540 3142 739 3204 tribuo
786 3143 859 3202 iis
907 3142 1070 3222 locis,
1115 3143 1178 3200 in
1225 3137 1443 3218 quibus
1491 3140 1732 3202 eaedem
1779 3159 1879 3203 res
1925 3159 1958 3201 a
2004 3141 2238 3205 duobus
2284 3146 2681 3223 grammaticis
2720 3143 2968 3205 traditae
3008 3151 3149 3204 sunt

536 3249 628 3310 vel
684 3248 786 3310 ubi
842 3248 1122 3310 similium
1180 3264 1382 3307 rerum
1439 3250 1818 3326 quaestiones
1874 3248 2082 3309 eodem
2139 3250 2347 3311 ordine
2396 3260 2647 3331 uterque
2696 3253 3030 3330 coniunxit,
3082 3257 3150 3310 ut

537 3375 606 3415 ea
654 3375 804 3435 quae
852 3356 924 3417 de
971 3356 1012 3415 h
1058 3354 1254 3415 littera
1300 3356 1523 3432 scripta
1578 3362 1720 3415 sunt
1764 3373 1823 3434 p.
1869 3352 2043 3418 2258
2092 3364 2252 3436 etp.
2305 3355 2477 3419 2217
2529 3365 2589 3418 et
2634 3357 2706 3418 de
2753 3359 3147 3438 geminatione

538 3463 825 3523 vocalium
871 3460 944 3522 ab
990 3461 1168 3522 Accio
1204 3464 1441 3522 inventa
1489 3479 1603 3522 una
1652 3479 1788 3523 cum
1834 3465 2171 3544 praeceptis
2207 3463 2419 3525 Lucilii
2442 3449 2509 3545 p.
2547 3461 2726 3526 2255
2764 3472 2826 3526 et
2860 3483 2915 3544 p.
2954 3459 3145 3524 2220.

539 3587 674 3630 nam
718 3568 864 3628 haec
911 3567 983 3628 ab
1029 3569 1362 3646 antiquiore
1409 3576 1649 3629 auctore
1696 3578 1937 3649 recepta
1985 3588 2114 3631 esse
2163 3578 2396 3632 certum
2442 3579 2549 3632 est.
2626 3571 2742 3633 sed,
2776 3590 2845 3632 ea
2885 3589 3034 3651 quae
3073 3570 3146 3632 de

539 3695 591 3735 v.
640 3677 878 3735 artibus
924 3692 1032 3753 per
1088 3676 1108 3734 i
1163 3692 1282 3734 non
1339 3692 1449 3754 per
1503 3693 1544 3734 u
1600 3673 1915 3737 scribendo
1973 3676 2237 3740 Scaurus
2293 3681 2598 3758 praecepit
2640 3697 2697 3758 p.
2743 3674 2948 3759 2260,
3001 3695 3149 3752 erqo

537 3800 657 3843 vox
713 3783 1061 3857 scribenda,
1122 3799 1239 3856 quo
1298 3783 1471 3842 modo
1531 3789 1593 3843 et
1644 3790 1825 3844 sonat
1831 3805 1856 3855 ;
1914 3803 2086 3847 nemo
2145 3794 2347 3847 autem
2405 3803 2689 3861 umquam
2745 3791 2868 3845 tam
2928 3787 3153 3845 insulse

531 3908 650 3966 per
712 3907 753 3948 u
819 3890 1075 3950 artubus
1138 3891 1394 3962 dixerit,
1468 3874 1801 3969 respexisse
1875 3892 2109 3960 videtur
2165 3890 2405 3971 Longus
2470 3892 2543 3952 de
2599 3890 2808 3953 eodem
2868 3888 3150 3951 vocabulo

539 3996 849 4075 disputans
883 4015 939 4076 p.
970 3993 1163 4078 2229,
1202 4000 1288 4056 ita
1335 4002 1535 4057 tamen
1572 4001 1850 4060 existimo
1888 4001 2345 4073 enuntiandum,
2391 4006 2460 4058 ut
2502 4018 2617 4061 nec
2655 4002 2832 4060 nimis
2878 4003 2902 4060 i
2944 4002 3152 4060 littera

530 4091 719 4164 ⁸exilis·
772 4106 882 4177 sit,
939 4122 1053 4164 nec
1108 4122 1149 4164 u
1203 4107 1468 4164 litteram
1520 4107 1578 4164 si
1629 4107 1978 4181 εονὶρεενὶε,
2033 4108 2467 4166 enuntiationis
2520 4124 2666 4167 sono
2722 4108 2900 4167 nimis
2949 4109 3152 4182 plena,

542 4210 868 4290 eodemque
914 4211 1218 4291 pertinent
1265 4228 1415 4288 quae
1470 4209 1828 4289 generaliter
1884 4210 2183 4271 adnotavit
2226 4231 2284 4291 p.
2331 4207 2526 4292 2219,
2584 4214 2954 4288 inqredienti
3005 4212 3157 4271 mihi

540 4320 839 4377 rationem
874 4318 1189 4378 scribendi
1222 4319 1499 4377 occurrit
1533 4320 1736 4377 statim
1774 4321 1862 4377 ita
1908 4321 2198 4393 quosdam
2236 4322 2542 4379 censuisse
2578 4337 2706 4379 esse
2747 4320 3151 4390 scribendum,

541 4431 608 4483 ut
658 4427 970 4501 loquimur
1031 4430 1090 4485 et
1149 4425 1448 4483 audimus
1539 4422 1749 4483 similia
1812 4431 1952 4484 sunt
2008 4423 2155 4484 haec
2216 4424 2290 4485 de
2348 4444 2399 4485 v.
2457 4429 2738 4502 paulum,
2798 4423 2955 4504 quod
3016 4442 3153 4484 cum

542 4531 837 4607 geminata
896 4530 917 4590 l
975 4530 1173 4591 littera
1231 4528 1414 4591 scribi
1476 4528 1759 4590 voluisset
1821 4529 2082 4591 Scaurus
2140 4551 2198 4611 p.
2259 4526 2452 4612 2256,
2511 4547 2722 4593 verum
2779 4534 2911 4593 sine
2970 4532 3153 4592 dubio

536 4645 803 4712 peccant
846 4641 955 4713 qui
987 4641 1243 4714 paulum
1282 4643 1341 4697 et
1377 4641 1697 4713 paululum
1735 4655 1856 4713 per
1893 4655 2077 4698 unum
2114 4641 2139 4697 Ι
2170 4639 2465 4713 scribunt,
2511 4657 2650 4700 cum
2689 4641 2920 4713 alioqui
2948 4641 3152 4714 prima

530 4745 755 4818 positio
815 4746 944 4804 eius
1006 4746 1243 4820 duplici
1284 4745 1403 4804 hac
1452 4747 1659 4805 littera
1719 4747 2085 4821 enuntietur,
2141 4751 2211 4805 ut
2255 4747 2489 4821 pullum
2543 4752 2603 4805 et
2649 4747 2960 4821 pusillum,
3022 4761 3153 4803 eam

543 4849 832 4908 rationem
870 4851 1078 4910 reiecit
1118 4847 1356 4927 Longus
1394 4867 1448 4928 p.
1481 4845 1673 4930 2238,
1710 4868 1929 4910 rursus
1965 4854 2113 4926 quia
2149 4854 2387 4928 pullum
2420 4869 2543 4928 per
2590 4854 2710 4912 duo
2747 4855 2773 4913 l
2812 4853 3152 4925 scribimuS,
3200 4850 3219 4870 “
