3613 5528
621 412 754 477 396
1743 413 2091 470 DOSITHEI

617 523 662 560 p.
691 515 744 554 ξε
771 513 831 553 Β.

615 597 861 680 Adelfis,
908 601 1068 660 ensis
1112 598 1375 660 ensicula
1422 608 1482 659 et
1527 599 1857 681 ensiculuS,
1904 608 1972 662 ut
2007 599 2252 662 Plautus
2301 599 2388 677 [in
2428 600 2656 680 singula
2694 598 2780 678 et]
2829 602 2890 661 in
2928 599 3219 662 Rudente.

618 714 956 786 monoptota
1005 725 1143 768 vero
1192 709 1427 768 nomina
1475 715 1535 767 et
1593 706 1740 768 haee
1786 726 1939 787 quae
1986 717 2196 769 natura
2252 706 2569 787 singularia
2617 718 2784 790 sunt,
2839 707 2899 768 id
2957 717 3048 769 est
3102 707 3216 769 ele·

616 822 839 895 menta,
887 817 1031 876 item
1068 815 1378 877 fluminum
1426 824 1487 877 et
1531 818 1821 878 montium
1870 818 2106 877 nomina
2152 818 2419 896 propria,
2474 817 2616 876 item
2673 814 2801 877 dies
2858 816 3023 898 festi,
3079 817 3219 876 item

615 919 946 984 litterarum
985 922 1294 1006 elementa,
1330 926 1473 985 item
1513 927 1764 1005 numeri,
1802 923 2273 1004 diminutionem,
2319 921 2477 1003 quod
2516 921 2729 983 Graeci
2763 912 3220 1003 ὑποκορισμόν

614 1029 925 1110 appellant,
973 1050 1090 1093 non
1139 1033 1449 1112 recipiunt.
1540 1040 1680 1093 sunt
1735 1035 1919 1093 etiam
1964 1050 2124 1108 quae
2172 1034 2401 1093 Graeci
2453 1022 2779 1111 ῥηματικά
2824 1034 3061 1106 dicunt,
3110 1048 3219 1091 nos
3273 1045 3300 1085 ε

614 1155 733 1197 non
797 1136 1052 1199 absurde
1117 1137 1371 1200 verbalia
1418 1138 1769 1218 dixeriinuS,
1819 1146 1885 1199 ut
1929 1147 2022 1200 est
2066 1157 2099 1199 a
2144 1137 2325 1199 verbo
2371 1136 2503 1217 lego
2549 1136 2751 1219 lectio,
2807 1145 2867 1198 et
2911 1146 3115 1217 raptor
3159 1146 3220 1198 et

613 1261 933 1324 percussor
977 1263 1048 1305 ex
1095 1263 1167 1305 eo
1213 1245 1372 1325 quod
1418 1254 1506 1307 est
1551 1248 1714 1327 rapio
1762 1254 1823 1318 et
1868 1247 2157 1326 percutio.

791 1351 1088 1423 Quaedam
1152 1352 1447 1431 generalia
1511 1363 1677 1436 sunt,
1749 1351 1970 1433 quibus
2044 1351 2226 1413 multa
2292 1354 2676 1413 continentur
2749 1350 3081 1433 dissimilia,
3152 1360 3219 1412 ut

612 1458 826 1519 animal
873 1457 1066 1520 arbor.
1158 1478 1226 1520 ex
1275 1459 1369 1521 his
1416 1467 1742 1521 naseuntur
1789 1458 2094 1540 specialia,
2152 1478 2303 1540 quae
2359 1459 2705 1521 dividuntur
2759 1468 2820 1520 et
2865 1461 3217 1520 minuuntur

612 1564 941 1644 originibus
988 1568 1113 1627 suis
1157 1566 1560 1649 generalibus,
1616 1576 1683 1628 ut
1727 1566 1905 1627 homo
1951 1584 2143 1647 equus
2189 1575 2398 1628 taurus
2443 1567 2646 1628 laurus
2701 1568 2878 1647 pinus
2933 1566 3213 1630 fraxinus
3246 1581 3298 1619 1⁰

613 1673 901 1752 quaedam
950 1673 1101 1735 sacta
1148 1692 1182 1734 a
1228 1676 1391 1736 sonis
1438 1674 1527 1735 vel
1575 1693 1606 1735 a
1654 1674 1922 1756 vocibuS,
1980 1683 2046 1735 ut
2093 1674 2314 1736 stridor
2359 1674 2600 1755 clangor
2646 1676 2896 1736 tinnitus
2951 1673 3218 1735 hinnitus

611 1780 871 1842 ululatus
919 1781 1191 1843 fremitus
1238 1783 1516 1861 mugitus
1593 1779 1880 1860 quaedam
1919 1780 2290 1842 descendunt
2326 1780 2399 1841 ab
2438 1780 2757 1864 adverbiis,
2806 1791 2871 1843 ut
2898 1780 3217 1842 hesternus

787 1989 970 2045 Codex
1005 1989 1397 2059 Sanqallensia.
1492 1995 1519 2043 1
1559 1990 1626 2043 ut
1660 1993 1788 2043 ante
1833 1987 2065 2043 Plautus
2101 2005 2203 2044 om.
2366 1990 2424 2045 in
2468 1989 2758 2046 rudentem
2919 1994 2953 2044 2
2989 1988 3218 2044 nomina

609 2085 769 2204 (7)νείἐπ
802 2076 888 2205 ωε
927 2073 1059 2126 sunt
1079 2102 1140 2111 --
1160 2070 1356 2126 dicunt
1390 2085 1491 2124 om.
1637 2075 1669 2123 6
1708 2072 1773 2123 ut
1808 2085 1845 2123 a.
1878 2069 2052 2130 uerba
2088 2069 2366 2141 (carebo)
2404 2074 2494 2125 est
2526 2070 2657 2141 lego
2799 2086 3092 2140 percursor

790 2327 817 2375 1
857 2321 916 2375 in
954 2321 1189 2393 Adelfis]
1220 2320 1324 2374 IV
1346 2324 1478 2385 2,45
1623 2318 1855 2374 Plautus
1894 2319 2201 2374 ensiculum
2238 2319 2294 2373 in
2325 2320 2578 2375 Rudente
2608 2320 2898 2375 Charisius
2920 2337 2975 2389 p.
2998 2325 3215 2388 155‚17,

608 2399 840 2454 Plautus
877 2400 1125 2457 ensicnla.
1157 2401 1217 2455 in
1253 2400 1513 2454 Rudente
1548 2415 1659 2454 ατε.
1701 2401 1916 2456 Charis.
1947 2417 2009 2469 p.
2048 2405 2253 2468 535,25
2283 2421 2299 2453 :
2331 2400 2519 2456 Plaut.
2559 2399 2708 2456 Rud.
2740 2399 2843 2453 IV
2866 2405 3031 2466 4‚112
3069 2402 3211 2456 ensi·

607 2480 791 2536 culust
825 2482 1084 2536 aureolus
1227 2486 1259 2534 2
1298 2500 1444 2551 μονα
1482 2481 1546 2533 δε
1588 2499 1838 2549 ονοματα
1870 2482 2202 2549 monoptota
2229 2496 2361 2534 uero
2389 2479 2617 2535 nomina
2647 2480 2722 2534 M
2859 2486 2892 2534 3
2922 2480 3213 2535 fluminum

608 2562 668 2615 et
719 2561 994 2616 montium
1047 2560 1277 2622 nomina.
1330 2563 1390 2614 et
1442 2560 1688 2629 urbium,
1752 2559 1891 2614 item
1954 2558 2185 2615 deornm
2242 2562 2302 2614 et
2361 2559 2650 2615 hominum
2704 2559 2933 2615 nomina.
2985 2561 3217 2631 propria.

607 2640 895 2695 Charisius
922 2658 984 2711 p.
1023 2645 1222 2707 155‚19
1393 2647 1427 2694 4
1465 2641 1639 2715 quod]
1689 2657 1859 2709 quam
1906 2656 2017 2694 exc.
2060 2640 2227 2695 Char.
2272 2656 2332 2709 p.
2374 2646 2608 2709 535‚28,
2656 2640 2807 2711 quod
2854 2656 2993 2695 corr.
3043 2659 3213 2710 quam

606 2721 773 2777 codex
811 2719 1055 2777 Charisii
1080 2739 1141 2792 p.
1181 2725 1382 2789 155,21
1529 2727 1562 2775 5
1601 2723 1731 2777 sunt
1766 2720 1938 2776 etiam
1978 2737 2122 2791 quae
2161 2720 2232 2785 ab
2268 2721 2357 2777 his
2394 2716 2674 2792 ὅηματικά
2704 2720 2965 2777 dicuntur
2995 2721 3212 2779 Charis.

596 2818 658 2871 p.
698 2808 914 2869 152,22
1058 2821 1220 2872 ημεις
1254 2803 1319 2855 δε
1357 2818 1461 2856 nos
1498 2818 1631 2857 uero
1680 2805 1690 2870 Ι
1739 2821 1846 2857 ουκ
1883 2821 2149 2870 ανωητως
2185 2819 2296 2857 non
2332 2802 2571 2858 absurde
2613 2806 2623 2870 Ι
2663 2800 2918 2857 nex-belia
2973 2819 3215 2872 ερουμεν

605 2882 905 2939 dixerimus
946 2887 956 2953 1
996 2903 1071 2945 ως
1106 2900 1258 2937 εστιν
1295 2903 1511 2938 αποτου
1550 2889 1613 2938 nt
1647 2884 1736 2938 est
1772 2898 1808 2936 a.
1849 2881 1858 2952 Ι
1898 2885 2038 2951 leym
2086 2901 2332 2952 ρηματος
2376 2882 2504 2952 lego
2542 2883 2712 2937 uerbo
2748 2881 2921 2937 lectio
2962 2882 3037 2936 M
3176 2890 3211 2938 8

602 2983 731 3017 τινα
768 2965 832 3017 δε
870 2982 1068 3033 γενικα
1106 2963 1381 3034 qua-edam
1419 2967 1607 3018 autem
1643 2960 1934 3032 generalia.
1971 2965 1981 3029 1
2023 2980 2174 3017 εστιν
2223 2982 2308 3025 οις
2350 2966 2527 3017 πολλα
2575 2964 2705 3017 sunt
2740 2962 2941 3032 quibus
2976 2962 3160 3018 multa
3200 2966 3209 3035 Ι

607 3047 970 3114 περιεχθεται
1009 3044 1361 3099 eontinentur
1401 3044 1475 3098 M
1619 3051 1679 3098 11
1721 3044 2001 3114 quaedam
2046 3045 2236 3099 autem
2282 3043 2433 3098 facta.
2472 3044 2545 3097 M
2688 3063 2854 3113 οηχος
2898 3047 3211 3113 τοῦχαλκοῦ

603 3125 839 3179 tinnitus
876 3125 1020 3180 aeris
1052 3126 1061 3193 Ι
1092 3142 1454 3195 χρεμετισμος
1490 3144 1641 3179 ιππω
1680 3123 1930 3179 hinnitus
1971 3123 2098 3193 eqni
2138 3123 2214 3177 M

975 3276 986 3277 ἶ
1011 3274 1096 3280 —-—
1119 3274 1182 3280 -——
1201 3274 1376 3281 ---—-——-
1870 3275 1909 3280 —
1926 3273 2311 3280 --—-—-————.-——-.

606 3360 939 3443 διαφωνεῖ
1121 3359 1398 3425 σεῦτλον
1458 3361 1796 3441 σευτλίον,
1862 3355 2121 3444 μαλάχη
2179 3354 2536 3444 μαλάχιον,
2594 3352 2963 3442 ἀρτοκόπος
3016 3353 3210 3442 ἀρτο-

601 3464 863 3549 κόπιον,
910 3465 1101 3549 ξίφος
1200 3518 1213 3531 .
1254 3469 1265 3546 Ι
1303 3461 1382 3530 τά
1419 3462 1812 3552 μονόπτωτα
1859 3464 1932 3532 δὲ
1979 3462 2277 3552 ὀνόματα
2313 3463 2422 3530 καὶ
2459 3465 2667 3531 ταῦτα
2703 3458 2747 3529 ἃ
2785 3459 2983 3549 φύσει
3023 3461 3209 3530 ἑνικά

602 3573 769 3655 ἐστι,
812 3572 1112 3640 τουτέστι
1157 3568 1238 3637 τὰ
1283 3584 1603 3656 στοιχεῖα,
1659 3568 1905 3658 ὁμοίως
1957 3575 2093 3640 τῶν
2147 3573 2462 3658 ποταμῶν
2516 3571 2626 3638 καὶ
2685 3573 2821 3639 τῶν
2867 3567 3082 3655 ὀρέων
3125 3570 3206 3638 τὰ

606 3675 901 3765 ὀνόματα
936 3677 1154 3765 κύρια,
1200 3674 1446 3765 ὁμοίως
1481 3680 1556 3745 αἱ
1590 3678 1837 3763 ἑορταί,
1880 3674 2127 3766 ὁμοίως
2160 3681 2296 3745 τῶν
2335 3675 2740 3764 γραμμάτων
2776 3674 2856 3744 τά
2892 3668 3208 3765 στοιχεῖα,

604 3782 850 3873 ὁμοίως
895 3787 966 3853 οἱ
1016 3783 1329 3873 ἀριθμοί,
1393 3788 1700 3871 μείωσιν,
1768 3780 1804 3852 ὃ
1863 3785 1932 3852 οἰ
1977 3781 2295 3871 ’Έλληνες
2345 3780 2806 3871 ὑποκορισμὸν
2860 3789 3207 3871 καλοῦσιν,
3265 3814 3291 3853 5

605 3890 726 3959 οὐκ
770 3888 1177 3979 ἀναδέχεται.
1269 3896 1436 3960 ἔστι
1500 3892 1629 3959 καὶ
1692 3886 1734 3958 ἃ
1797 3894 1876 3959 οἱ
1920 3888 2294 3977 ’Έλληνες
2349 3888 2741 3978 ῥηματικὰ
2799 3893 3208 3978 λέγουσιν,

600 3997 789 4088 ἡμεῖς
833 4000 907 4068 δὲ
955 3996 1079 4067 οὐκ
1123 3996 1427 4086 ἀνοήτως
1604 4000 1913 4087 ἐροῦμεν,
1971 3995 2062 4078 ὦς
2119 4004 2298 4067 ἔστιν
2356 3993 2484 4065 ἀπὸ
2531 4000 2654 4066 τοῦ
2698 3999 2869 4083 λέγω
2917 3998 3208 4087 ῥήματος

689 4108 800 4176 καὶ
847 4105 1062 4195 ἅρπαξ
1105 4106 1216 4174 καὶ
1262 4104 1550 4193 πλήκτης
1595 4107 1666 4174 ἐκ
1711 4107 1957 4175 τούτου
2004 4103 2044 4173 ὅ
2087 4131 2151 4173 τι
2197 4101 2460 4191 ἆρπάζω
2506 4106 2618 4173 καὶ
2663 4105 2954 4193 πλήσσω.

786 4213 950 4284 Τινά
999 4214 1073 4282 δὲ
1119 4212 1350 4301 γενικά
1389 4214 1594 4299 ἐστιν,
1641 4206 1742 4292 οἷς
1778 4210 1990 4281 πολλὰ
2026 4214 2391 4309 περιέχεται
2427 4209 2747 4300 ἀνόμοια,
2795 4208 2884 4291 ὡς
2918 4210 2994 4282 τὸ
3035 4217 3204 4306 ζῷον

603 4324 910 4407 δένδρον.
1000 4323 1073 4390 ἐκ
1115 4319 1376 4390 τούτων
1421 4319 1497 4388 δὲ
1541 4324 1855 4406 γεννᾶται
1910 4322 2082 4403 ἴδια,
2147 4315 2190 4386 ἃ
2246 4322 2597 4405 διαιρεῖται
2651 4319 2762 4387 καὶ
2816 4319 3203 4388 λεπτύνεται
3235 4350 3288 4388 ιο

602 4427 729 4497 ἀπὸ
786 4433 903 4517 τῆς
958 4433 1133 4508 ἰδίας
1184 4426 1392 4516 ἀρχῆς
1446 4430 1564 4514 τῆς
1625 4431 1921 4515 γενικῆς,
1987 4423 2076 4506 ὡς
2136 4423 2212 4494 τὸ
2278 4424 2643 4514 ἅνθρωπος
2705 4429 2903 4506 ἵππος
2961 4431 3205 4512 ταῦρος

605 4534 831 4623 δάφνη
894 4541 1086 4615 πίτυς
1147 4533 1318 4618 ὀξέα.
1416 4532 1568 4604 τινά
1627 4533 1703 4602 δὲ
1757 4534 2168 4622 πεποιημένα
2222 4536 2293 4602 ἐκ
2345 4537 2482 4602 τῶν
2546 4531 2730 4621 ἤχων
2782 4529 2824 4620 ἢ
2880 4531 3014 4602 ἀπὸ
3069 4538 3203 4603 τῶν

600 4647 884 4729 φωνῶν,
949 4640 1039 4722 ὥς
1095 4642 1170 4710 τὸ
1227 4641 1531 4731 τρισμός,
1585 4640 1876 4730 κραυγή,
1932 4638 1969 4709 ὁ
2026 4632 2213 4745 ἦχος,
2249 4645 2369 4709 τοῦ
2434 4645 2714 4728 χαλκοῦ,
2775 4639 3206 4729 χρεμετισμὸς

600 4772 766 4779 ——--

782 4829 808 4877 1
847 4840 1090 4892 αρτοπος
1125 4840 1466 4891 αρτοκοπιον
1622 4827 1654 4876 3
1693 4815 1902 4893 ὁρέων]
1940 4840 2050 4891 epm
2196 4826 2228 4875 6
2268 4817 2671 4890 ἔστι-λέγουσιν
2706 4836 2804 4875 om.
2959 4826 2988 4875 7
3030 4817 3205 4891 ἔστιν]

601 4919 694 4957 εστ
837 4908 870 4958 8
907 4898 1173 4974 πλήκτης]
1213 4921 1460 4973 παηκτες
1603 4908 1634 4957 9
1673 4905 1856 4955 παλλα
1893 4919 2243 4972 περιεχεεται
2280 4920 2528 4973 ανομαια
