3613 5528
533 333 665 398 216
1311 292 1325 300 ⁴
1402 331 1861 388 csssmnomi
1896 331 2287 387 nxcERP‘rA

535 445 579 482 Ρ.
608 433 716 475 282⁸
743 434 794 474 P.

713 517 872 580 Haec
917 516 1179 579 breviter
1214 516 1370 579 dicta
1417 517 1730 578 sufficiant.
1805 523 2075 578 ceterum
2114 519 2217 597 qui
2263 535 2331 578 ea
2369 516 2624 579 voluerit
2668 518 2845 580 latius
2890 518 3151 599 plenius-

537 645 653 706 que
701 644 1090 706 cognoscere,
1136 643 1273 686 cum
1317 626 1684 705 praefatione
1731 642 1839 685 sua
1886 624 2151 685 codicem
2196 623 2379 706 legat,
2427 642 2605 703 quem
2653 633 2856 686 nostra
2902 628 3149 687 curiosi-

537 741 656 794 tate
705 734 1112 814 formavimuS,
1157 731 1216 792 id
1264 741 1356 792 est
1392 740 1581 793 artem
1618 731 1858 812 Donati,
1906 732 2004 791 cui
2041 729 2114 791 de
2155 729 2571 810 orthographia
2618 731 2837 792 librum
2875 740 2936 793 et
2973 733 3151 793 alium

537 840 610 900 de
678 837 1046 920 etymologiis
1109 840 1473 900 inseruimus
1486 887 1503 920 ,
1569 847 1849 917 quartum
1914 856 2153 917 quoque
2219 837 2292 899 de
2359 838 2759 930 schematibus
2816 838 3155 900 Sacerdotis

538 947 942 1027 adiunximus,
999 953 1294 1025 quatenus
1341 945 1591 1024 diligens
1647 944 1835 1005 lector
1891 946 1953 1004 in
2001 962 2119 1004 uno
2167 944 2372 1006 codice
2419 947 2686 1024 reperire
2733 946 2948 1027 possit,
2995 945 3155 1024 quod
3185 967 3211 1006 5

539 1055 654 1115 arti
698 1054 1120 1133 grammaticae
1167 1051 1515 1132 deputatum
1563 1069 1696 1111 esse
1742 1052 2065 1130 cognoscit.

1108 1353 1186 1437 Q.
1242 1351 1602 1424 PAPIRII
1657 1353 1782 1424 DE
1842 1351 2597 1425 ORTHOGRAPHIA

726 1495 954 1557 lustitia
1004 1513 1140 1556 cum
1188 1493 1499 1576 scribitur,
1555 1499 1731 1557 tertia
1777 1494 1996 1575 syllaba
2052 1497 2138 1555 sic
2185 1502 2382 1576 sonat,
2437 1498 2606 1574 quasi
2655 1504 2890 1557 constet
2936 1515 3008 1556 ex
3054 1499 3158 1558 tri·

546 1602 661 1665 bus
707 1601 923 1663 litteris
972 1610 1054 1663 tz
1102 1611 1162 1663 et
1206 1605 1254 1684 i,
1303 1619 1440 1662 cum
1485 1601 1698 1663 habeat
1744 1602 1920 1685 duas,
1966 1611 1992 1663 t
2038 1609 2099 1663 et
2142 1604 2179 1661 i.
2254 1600 2357 1662 sed
2406 1602 2729 1664 notandum
2778 1605 2914 1682 quia
2960 1606 3021 1663 in
3066 1603 3160 1663 his

546 1707 782 1789 syllabis
819 1711 930 1770 iste
970 1728 1153 1771 sonus
1190 1709 1422 1771 litterae
1461 1730 1490 1770 z
1528 1712 1814 1771 inmixtus
1858 1710 2112 1770 inveniri
2160 1715 2387 1769 tantum
2425 1716 2652 1789 potest,
2699 1728 2850 1789 quae
2888 1718 3163 1770 constant
3193 1733 3245 1771 ιο

548 1834 620 1875 ex
667 1822 692 1877 t
737 1823 799 1876 et
843 1818 862 1876 i
910 1825 970 1876 et
1015 1834 1115 1877 eas
1171 1819 1443 1895 sequitur
1499 1815 1717 1877 vocalis
1772 1814 2097 1895 quaelibet,
2156 1822 2225 1875 ut
2269 1814 2475 1876 Tatius
2533 1823 2594 1876 et
2649 1821 2768 1877 otia
2822 1817 3043 1879 iustitia
3101 1829 3165 1877 et

551 1921 702 1983 talia.
756 1925 1135 2002 excipiuntur
1172 1922 1460 2002 quaedam
1498 1924 1734 1983 nomina
1772 1923 2032 2002 propria,
2070 1940 2221 2000 quae
2259 1923 2574 2001 peregrina
2612 1931 2768 1984 sunt.
2817 1923 2922 1983 sed
2959 1922 3032 1983 ab
3068 1923 3163 1984 his

548 2026 786 2108 syllabis
834 2027 1169 2091 excluditur
1215 2048 1399 2091 sonus
1445 2049 1475 2089 z
1521 2029 1781 2109 litterae,
1830 2046 1977 2106 quas
2021 2030 2296 2107 sequitur
2341 2026 2539 2089 littera
2584 2030 2631 2108 i,
2679 2037 2746 2090 ut
2784 2032 2888 2091 otii
2936 2033 3164 2092 iustitii.

547 2138 690 2197 item
737 2152 857 2196 non
904 2145 1075 2196 sonat
1120 2156 1178 2217 z,
1226 2156 1363 2198 cum
1409 2134 1687 2216 syllabam
1734 2137 1780 2196 ti
1827 2134 2126 2196 antecedit
2170 2134 2369 2196 littera
2414 2153 2472 2217 s,
2529 2141 2596 2196 ut
2649 2138 2867 2220 iustius
2925 2140 3163 2198 castius

729 2323 756 2370 1
803 2318 944 2372 haec
989 2316 1236 2372 breuiter
1283 2317 1374 2386 (de
1422 2317 1549 2374 add.
1589 2317 1643 2386 b)
1693 2314 2109 2371 definitionibus
2156 2314 2546 2370 tantummodo
2594 2313 2747 2372 dicta
2794 2316 3078 2372 sufficiant
3111 2318 3169 2371 B

657 2405 689 2453 2
729 2389 979 2453 codic'em
1015 2396 1172 2466 legat
1207 2414 1375 2466 quem
1413 2397 1481 2452 de
1517 2396 1889 2468 grammatica
1938 2395 2045 2449 feci
2084 2397 2205 2449 arte
2245 2396 2547 2466 conscripsi
2593 2398 2753 2465 (corr.
2792 2397 3067 2451 conscribi
3113 2399 3169 2466 b)

551 2480 829 2551 quatenus
883 2476 1125 2548 diligens
1179 2476 1357 2530 lector
1416 2477 1667 2531 inuenire
1722 2475 1906 2545 possit
1961 2476 2112 2544 quod
2165 2476 2252 2531 illi
2308 2475 2595 2546 proposito
2651 2475 2982 2545 deputatum
3047 2493 3169 2532 esse

552 2556 853 2626 cognoscit.
925 2557 1086 2611 Nunc
1134 2555 1205 2609 ad
1257 2556 1395 2610 artis
1439 2556 1749 2611 rhetoricae
1796 2555 2099 2613 divisiones
2145 2556 2605 2624 definitionesque
2650 2555 2960 2611 ueniamus.
3024 2573 3169 2625 quae

553 2637 700 2692 sicut
747 2639 977 2692 extensa
1024 2637 1190 2705 atque
1240 2638 1464 2707 copiosa
1510 2639 1597 2691 est
1645 2636 1728 2691 ita
1773 2636 1967 2690 multis
2016 2640 2074 2692 et
2118 2635 2284 2689 claris
2328 2633 2694 2704 scriptoribus
2739 2636 2985 2690 tractata
3030 2636 3170 2692 dila-

550 2719 721 2773 tatur.
812 2716 895 2773 De
955 2716 1234 2773 rethorica.
1284 2717 1340 2772 B
1557 2723 1588 2772 6
1653 2717 1957 2788 cognoscit.
2034 2716 2144 2773 Sed
2200 2715 2335 2786 quia
2397 2715 2743 2772 continentia
2795 2715 2977 2787 magis
3031 2717 3172 2772 artis

553 2797 964 2869 grammaticae·
1011 2798 1165 2853 dicta
1219 2800 1326 2867 est,
1399 2798 1715 2853 cui-animus
1772 2798 1966 2868 aliqua
2020 2800 2089 2856 de
2154 2796 2396 2852 nominis
2461 2796 2731 2864 uerbique
2794 2797 3004 2868 regulis
3069 2816 3172 2869 pro

553 2880 713 2949 parte
758 2876 1034 2947 subicere,
1080 2895 1220 2948 quas
1263 2881 1414 2933 recte
1461 2880 1682 2932 tantum
1720 2878 2051 2935 Aristoteles
2098 2877 2424 2949 (aristotelis
2462 2877 2506 2931 S
2542 2877 2791 2931 arestoth
2800 2877 2901 2932 elis
2939 2881 2994 2933 A
3031 2896 3172 2936 corr.

555 2959 660 3014 -les
710 2961 766 3027 a)
816 2958 1082 3014 orationis
1128 2961 1315 3028 partes
1360 2959 1612 3013 adseruit
1663 2957 1774 3012 AS
1782 2972 1832 3016 ς.
1888 2960 2134 3028 sequitur
2182 2960 2376 3015 deinde
2425 2959 2490 3011 in
2537 2958 2592 3010 A
2640 2957 2860 3012 uberior
2910 2976 3170 3017 commen-

554 3042 736 3097 tarius
787 3041 853 3094 de
904 3040 1266 3094 declinatione
1319 3041 1602 3094 nominum
1653 3043 1702 3091 et
1751 3040 1817 3093 cle
1866 3041 2249 3109 coniugatione
2302 3040 2610 3106 verborum,
2678 3038 2893 3093 Graeca
2944 3040 3174 3097 nomina

555 3137 700 3189 quae
737 3120 887 3189 apud
926 3136 1026 3174 nos
1062 3119 1122 3173 in
1160 3136 1221 3173 as
1259 3121 1465 3173 exeunt
1499 3122 1612 3173 tres
1650 3116 1865 3186 species
1902 3118 2116 3173 habent
2153 3150 2217 3159 —
2263 3118 2466 3190 fungor
2511 3119 2659 3172 hanc
2697 3134 2816 3173 rem
2855 3120 2913 3173 et
2956 3119 3059 3176 illa
3094 3138 3170 3175 re.

554 3202 708 3256 Haec
745 3200 881 3255 satis
918 3200 991 3253 ad
1030 3199 1286 3268 exempla
1320 3197 1614 3266 analogiae
1652 3196 1858 3251 dixisse
1896 3196 2156 3253 sufficiat.
2214 3214 2358 3253 nunc
2396 3199 2469 3253 ad
2498 3197 2636 3252 artis
2670 3197 2983 3254 rhetoricae
3021 3201 3173 3256 deui-

555 3282 739 3335 siones
776 3278 1240 3346 definitionesque
1285 3277 1578 3332 ueniamus
1625 3294 1735 3346 sqq.
1790 3278 1884 3331 sed
1927 3279 2057 3332 haec
2093 3280 2304 3347 omnia,
2350 3294 2582 3348 quorum
2616 3293 2757 3347 pars
2801 3279 2865 3332 in
2911 3280 3175 3336 editiones

561 3358 898 3413 Cassiodorii
923 3362 1139 3425 recepta
1165 3362 1268 3422 est,
1297 3373 1364 3409 eae
1395 3356 1683 3411 Martiani
1712 3357 1965 3425 Capellae
2002 3358 2140 3413 lib-ro
2168 3359 2326 3413 tertio
2355 3376 2417 3428 p.
2439 3364 2534 3424 82,
2557 3364 2592 3411 6
2613 3388 2679 3397 —
2710 3362 2803 3423 95,
2822 3362 2895 3411 33
2922 3359 3002 3412 ed.
3032 3359 3171 3429 Eys.

556 3439 831 3506 descripta
857 3441 1002 3491 sant.
1058 3437 1123 3489 in
1149 3436 1195 3490 S
1222 3440 1402 3490 autem
1437 3437 1638 3489 omissa
1673 3436 1776 3490 hac
1803 3441 1970 3503 parte
1998 3453 2107 3505 pro
2135 3454 2199 3492 ea
2224 3439 2435 3506 scripta
2461 3441 2592 3490 sunt
2627 3437 2785 3502 haec,
2822 3437 3040 3506 reliqua
3077 3440 3175 3507 qui

556 3516 802 3572 uoluerit
835 3514 894 3569 in
922 3515 1036 3570 alio
1065 3518 1302 3584 quaerat
1327 3515 1627 3569 uolumine.
1686 3533 1816 3570 narn
1853 3534 1958 3587 ego
1995 3518 2305 3573 describtor
2339 3517 2412 3572 ad
2448 3515 2670 3585 potiora
2707 3515 3019 3571 discurrens
3047 3518 3174 3573 reli·

558 3610 791 3663 quorum
830 3593 1042 3648 oblitus
1079 3613 1202 3649 sum
1241 3596 1341 3649 aut
1375 3595 1488 3650 fors
1527 3596 1763 3665 neglexi.
1823 3598 1975 3651 Inter
2011 3598 2257 3652 rationes
2295 3597 2601 3652 rethoricae
2630 3596 3063 3651 obseruandum:
3102 3599 3174 3664 cf.

557 3680 688 3733 rhet.
720 3678 815 3731 lat.
845 3678 925 3733 ed.
959 3677 1130 3730 Halm
1150 3694 1210 3745 p.
1234 3681 1358 3731 501.
1397 3676 1735 3745 interpositis
1761 3676 2173 3742 definitionibus
2202 3677 2277 3731 ad
2306 3682 2475 3731 artem
2502 3674 2826 3731 rhetoricam
2852 3676 3175 3745 pertinenti-

560 3760 660 3813 bus
695 3759 942 3827 sequitur
977 3757 1172 3811 deinde
1207 3759 1472 3825 expositio
1509 3759 1648 3811 artis
1683 3757 1995 3811 rhetoricae.

742 3844 771 3893 ‘l
822 3837 1048 3906 Papirii
1085 3839 1454 3908 fraymentum
1501 3843 1564 3894 in
1608 3838 1788 3894 codiee
1825 3837 2087 3891 Palatino
2124 3840 2269 3890 1753
2316 3836 2581 3905 scriptam
2627 3842 2702 3889 est
2748 3836 2790 3902 f.
2831 3841 2902 3891 75
2948 3835 3099 3905 incip·
3138 3843 3177 3905 p

562 3919 741 3988 quinti
781 3917 986 3989 papirii
1024 3918 1324 3987 ortografia
1358 3918 1599 3974 feliciter
1633 3915 1834 3972 lectori
1871 3919 1931 3971 et
1965 3915 2249 3985 scriptori:
2289 3917 2358 3983 cf.
2395 3933 2620 3985 qramm.
2652 3917 2746 3971 lat.
2786 3932 2835 3971 v.
2874 3916 2966 3969 VI
2991 3917 3176 3985 praef.

560 4018 622 4068 p.
654 4000 804 4053 VII.
859 4015 926 4052 ex
953 3998 1132 4053 eodem
1170 3998 1348 4053 codice
1381 4001 1623 4068 primum
1649 3997 1854 4051 editum
1890 4001 1965 4049 est
2002 3997 2070 4049 ab
2102 3998 2319 4051 Ioanne
2346 3996 2615 4050 Sicharclo
2652 3996 2716 4048 in
2751 3997 2984 4051 editione
3010 3995 3177 4049 Basi-

562 4081 728 4137 leensi
763 4098 813 4136 a.
853 4082 1004 4134 1527
1040 4077 1082 4143 f.
1127 4082 1254 4146 106,
1296 4078 1381 4143 Ὦ.
1418 4078 1720 4133 PAPYRII
1756 4077 1852 4130 DE
1894 4074 2476 4131 ORTHOGRAPHIA
2510 4073 3045 4130 FRAGMENTUM.
3111 4073 3181 4129 Si

563 4162 823 4216 diuinare
869 4159 1016 4224 licet,
1064 4173 1184 4211 eum
1230 4159 1651 4214 existimaverim
1701 4160 2013 4228 Papyrium
2029 4200 2042 4226 ,
2101 4160 2199 4227 qui
2244 4176 2281 4212 a
2327 4157 2617 4211 Pri-seiano
2663 4157 2817 4209 toties
2862 4154 3180 4224 Papyriani

562 4242 781 4296 nomine
828 4241 1033 4294 citatur
1077 4238 1143 4292 de
1187 4256 1246 4292 re
1290 4241 1678 4308 grammatica,
1723 4240 1882 4293 cuius
1927 4239 2201 4307 exemplar
2247 4252 2483 4305 eata-sque
2518 4235 2731 4289 Hassia
2776 4236 2891 4289 iam
2934 4237 3047 4289 iam
3089 4249 3179 4289 ex-

558 4326 868 4390 pectamuS,
912 4320 1179 4374 donaturi
1224 4319 1525 4388 aliquando
1565 4318 1834 4386 publico’.
1895 4319 1957 4372 in
2003 4319 2165 4373 titulo
2201 4317 2458 4373 editionis
2493 4316 2701 4370 dicitur
2745 4313 2975 4385 Papyrii
3011 4314 3178 4368 Prae·

563 4399 766 4456 textati
809 4400 1187 4469 fragmentum
1233 4398 1302 4452 de
1350 4396 1779 4467 orthographia:
1828 4399 1898 4463 cf.
1935 4414 2161 4466 qramm.
2201 4398 2295 4452 lat.
2344 4398 2379 4451 l.
2418 4412 2461 4449 c.
2498 4413 2558 4465 p.
2598 4395 2718 4448 IX.
2768 4412 2835 4450 ex
2870 4395 3180 4450 Basileensi

567 4485 802 4539 editione
839 4481 1066 4550 Papirii
1099 4482 1466 4549 fraymentum
1504 4479 1753 4546 repetivit
1790 4477 2022 4545 Lipsius
2057 4476 2122 4530 de
2156 4481 2283 4531 rect.
2312 4480 2582 4545 prement.
2613 4475 2706 4530 lat.
2737 4476 2872 4545 ling.
2906 4492 2949 4531 c.
2978 4479 3074 4541 14,
3111 4490 3179 4527 ex

568 4562 831 4617 Palatino
868 4563 1047 4616 codice
1083 4562 1370 4630 Auyustus
1419 4558 1823 4613 Wilmannsias
1858 4574 1994 4612 mus.
2032 4557 2206 4612 Rhen.
2244 4573 2291 4610 v.
2336 4555 2592 4609 XXIII
2624 4572 2676 4610 a.
2717 4560 2869 4610 1868
2903 4572 2959 4623 p.
2997 4559 3100 4609 401

569 4647 601 4697 9
641 4644 902 4716 constant
938 4658 1005 4696 ex
1040 4643 1067 4697 t
1115 4639 1541 4703 Wilmannsius,
1579 4639 1799 4692 constat
1834 4640 1861 4691 t
1895 4640 2062 4715 eodem
2635 4641 2645 4649 '
