<?xml version="1.0" encoding="UTF-8"?>
<!DOCTYPE html PUBLIC "-//W3C//DTD XHTML 1.0 Transitional//EN"
    "http://www.w3.org/TR/xhtml1/DTD/xhtml1-transitional.dtd">
<html xmlns="http://www.w3.org/1999/xhtml" xml:lang="en" lang="en">
 <head>
  <title>
</title>
<meta http-equiv="Content-Type" content="text/html;charset=utf-8" />
  <meta name='ocr-system' content='tesseract 3.04.00' />
  <meta name='ocr-capabilities' content='ocr_page ocr_carea ocr_par ocr_line ocrx_word'/>
</head>
<body>
  <div class='ocr_page' id='page_1' title='image "./grammaticilatin09keilgoog_0022.png"; bbox 0 0 3613 5528; ppageno 0'>
   <div class='ocr_carea' id='block_1_1' title="bbox 544 401 2169 552">
    <p class='ocr_par' dir='ltr' id='par_1_1' title="bbox 544 401 2169 552">
     <span class='ocr_line' id='line_1_1' title="bbox 549 401 2169 465; baseline -0.002 -8"><span class='ocrx_word' id='word_1_1' title='bbox 549 402 631 465; x_wconf 83' lang='lat'><strong>12</strong></span> <span class='ocrx_word' id='word_1_2' title='bbox 1521 402 1868 457; x_wconf 82' lang='lat' dir='ltr'>TERENTH</span> <span class='ocrx_word' id='word_1_3' title='bbox 1907 401 2169 457; x_wconf 84' lang='lat' dir='ltr'>SCAVRI</span> 
     </span>
     <span class='ocr_line' id='line_1_2' title="bbox 544 503 800 552; baseline 0.004 -10"><span class='ocrx_word' id='word_1_4' title='bbox 544 515 586 552; x_wconf 75' lang='lat' dir='ltr'><strong>p.</strong></span> <span class='ocrx_word' id='word_1_5' title='bbox 617 503 719 543; x_wconf 72' lang='lat'>2251</span> <span class='ocrx_word' id='word_1_6' title='bbox 751 504 800 544; x_wconf 71' lang='lat'><strong>1³.</strong></span> 
     </span>
    </p>
   </div>
   <div class='ocr_carea' id='block_1_2' title="bbox 544 562 3249 2915">
    <p class='ocr_par' dir='ltr' id='par_1_2' title="bbox 544 562 3249 2915">
     <span class='ocr_line' id='line_1_3' title="bbox 546 562 3156 671; baseline 0.001 -24"><span class='ocrx_word' id='word_1_7' title='bbox 546 587 958 663; x_wconf 85' lang='lat' dir='ltr'><strong>adnexionem‚</strong></span> <span class='ocrx_word' id='word_1_8' title='bbox 1015 596 1082 648; x_wconf 91' lang='lat' dir='ltr'><strong>ut</strong></span> <span class='ocrx_word' id='word_1_9' title='bbox 1138 562 1298 647; x_wconf 57' lang='lat' dir='ltr'><strong>cum‘</strong></span> <span class='ocrx_word' id='word_1_10' title='bbox 1330 588 1391 646; x_wconf 88' lang='lat' dir='ltr'><strong>in</strong></span> <span class='ocrx_word' id='word_1_11' title='bbox 1448 586 1629 647; x_wconf 87' lang='lat' dir='ltr'><strong>verbo</strong></span> <span class='ocrx_word' id='word_1_12' title='bbox 1683 588 1888 648; x_wconf 90' lang='lat' dir='ltr'><strong>nescio</strong></span> <span class='ocrx_word' id='word_1_13' title='bbox 1944 605 1974 648; x_wconf 93' lang='lat' dir='ltr'><strong>s</strong></span> <span class='ocrx_word' id='word_1_14' title='bbox 2024 585 2283 649; x_wconf 79' lang='lat' dir='ltr'><strong>litteram</strong></span> <span class='ocrx_word' id='word_1_15' title='bbox 2337 588 2524 667; x_wconf 79' lang='lat' dir='ltr'>priori</span> <span class='ocrx_word' id='word_1_16' title='bbox 2585 586 2836 668; x_wconf 81' lang='lat' dir='ltr'>syllabae</span> <span class='ocrx_word' id='word_1_17' title='bbox 2883 589 3156 671; x_wconf 83' lang='lat' dir='ltr'><strong>iungunt,</strong></span> 
     </span>
     <span class='ocr_line' id='line_1_4' title="bbox 548 690 3155 775; baseline 0 -20"><span class='ocrx_word' id='word_1_18' title='bbox 548 713 686 756; x_wconf 89' lang='lat' dir='ltr'><strong>cum</strong></span> <span class='ocrx_word' id='word_1_19' title='bbox 730 695 1080 774; x_wconf 90' lang='lat' dir='ltr'><strong>posterioris</strong></span> <span class='ocrx_word' id='word_1_20' title='bbox 1126 695 1359 754; x_wconf 88' lang='lat' dir='ltr'><strong>initium</strong></span> <span class='ocrx_word' id='word_1_21' title='bbox 1409 712 1540 755; x_wconf 89' lang='lat' dir='ltr'><strong>esse</strong></span> <span class='ocrx_word' id='word_1_22' title='bbox 1586 690 1828 755; x_wconf 85' lang='lat' dir='ltr'><strong>debeat:</strong></span> <span class='ocrx_word' id='word_1_23' title='bbox 1885 704 1978 756; x_wconf 89' lang='lat' dir='ltr'><strong>est</strong></span> <span class='ocrx_word' id='word_1_24' title='bbox 2024 696 2181 756; x_wconf 89' lang='lat' dir='ltr'><strong>enim</strong></span> <span class='ocrx_word' id='word_1_25' title='bbox 2230 713 2304 755; x_wconf 90' lang='lat' dir='ltr'><strong>ne</strong></span> <span class='ocrx_word' id='word_1_26' title='bbox 2352 695 2492 755; x_wconf 91' lang='lat' dir='ltr'><strong>scio.</strong></span> <span class='ocrx_word' id='word_1_27' title='bbox 2566 712 2703 756; x_wconf 90' lang='lat' dir='ltr'><strong>nam</strong></span> <span class='ocrx_word' id='word_1_28' title='bbox 2749 714 2823 757; x_wconf 92' lang='lat' dir='ltr'><strong>ne</strong></span> <span class='ocrx_word' id='word_1_29' title='bbox 2878 713 2988 775; x_wconf 92' lang='lat' dir='ltr'><strong>pro</strong></span> <span class='ocrx_word' id='word_1_30' title='bbox 3035 714 3155 756; x_wconf 91' lang='lat' dir='ltr'><strong>non</strong></span> 
     </span>
     <span class='ocr_line' id='line_1_5' title="bbox 544 798 3155 882; baseline 0 -21"><span class='ocrx_word' id='word_1_31' title='bbox 544 802 802 880; x_wconf 87' lang='lat' dir='ltr'><strong>positum</strong></span> <span class='ocrx_word' id='word_1_32' title='bbox 862 808 954 860; x_wconf 86' lang='lat' dir='ltr'><strong>est</strong></span> <span class='ocrx_word' id='word_1_33' title='bbox 1008 798 1161 879; x_wconf 88' lang='lat' dir='ltr'><strong>apud</strong></span> <span class='ocrx_word' id='word_1_34' title='bbox 1218 801 1510 879; x_wconf 82' lang='lat' dir='ltr'><strong>antiquos,</strong></span> <span class='ocrx_word' id='word_1_35' title='bbox 1594 798 1640 879; x_wconf 94' lang='lat'><em>†</em></span> <span class='ocrx_word' id='word_1_36' title='bbox 1697 801 1989 879; x_wconf 84' lang='lat' dir='ltr'><strong>significat</strong></span> <span class='ocrx_word' id='word_1_37' title='bbox 2049 801 2368 862; x_wconf 75' lang='lat' dir='ltr'><strong>nefrendes</strong></span> <span class='ocrx_word' id='word_1_38' title='bbox 2411 819 2627 881; x_wconf 87' lang='lat' dir='ltr'><strong>porcos</strong></span> <span class='ocrx_word' id='word_1_39' title='bbox 2683 804 2786 882; x_wconf 91' lang='lat' dir='ltr'><strong>qui</strong></span> <span class='ocrx_word' id='word_1_40' title='bbox 2843 811 2985 864; x_wconf 90' lang='lat' dir='ltr'><strong>sunt</strong></span> <span class='ocrx_word' id='word_1_41' title='bbox 3028 804 3155 863; x_wconf 91' lang='lat' dir='ltr'><strong>sine</strong></span> 
     </span>
     <span class='ocr_line' id='line_1_6' title="bbox 547 904 3159 989; baseline 0 -21"><span class='ocrx_word' id='word_1_42' title='bbox 547 906 851 988; x_wconf 81' lang='lat' dir='ltr'><strong>dentibuS,</strong></span> <span class='ocrx_word' id='word_1_43' title='bbox 895 906 955 967; x_wconf 92' lang='lat' dir='ltr'><strong>id</strong></span> <span class='ocrx_word' id='word_1_44' title='bbox 1002 913 1096 967; x_wconf 87' lang='lat' dir='ltr'><strong>est</strong></span> <span class='ocrx_word' id='word_1_45' title='bbox 1142 908 1243 985; x_wconf 91' lang='lat' dir='ltr'><strong>qui</strong></span> <span class='ocrx_word' id='word_1_46' title='bbox 1290 904 1482 966; x_wconf 84' lang='lat' dir='ltr'><strong>sabam</strong></span> <span class='ocrx_word' id='word_1_47' title='bbox 1530 904 1805 967; x_wconf 75' lang='lat' dir='ltr'><strong>frendere</strong></span> <span class='ocrx_word' id='word_1_48' title='bbox 1854 925 1973 967; x_wconf 90' lang='lat' dir='ltr'><strong>non</strong></span> <span class='ocrx_word' id='word_1_49' title='bbox 2019 917 2304 989; x_wconf 78' lang='lat' dir='ltr'><strong>possunt,</strong></span> <span class='ocrx_word' id='word_1_50' title='bbox 2360 926 2616 988; x_wconf 89' lang='lat' dir='ltr'><strong>nesapus</strong></span> <span class='ocrx_word' id='word_1_51' title='bbox 2662 912 2763 989; x_wconf 89' lang='lat' dir='ltr'><strong>qui</strong></span> <span class='ocrx_word' id='word_1_52' title='bbox 2810 927 2929 970; x_wconf 89' lang='lat' dir='ltr'><strong>non</strong></span> <span class='ocrx_word' id='word_1_53' title='bbox 2989 910 3159 989; x_wconf 88' lang='lat' dir='ltr'><strong>sapit,</strong></span> 
     </span>
     <span class='ocr_line' id='line_1_7' title="bbox 546 1002 3212 1095; baseline -0.002 -21"><span class='ocrx_word' id='word_1_54' title='bbox 546 1017 624 1075; x_wconf 93' lang='lat' dir='ltr'><strong>ita</strong></span> <span class='ocrx_word' id='word_1_55' title='bbox 673 1022 734 1074; x_wconf 90' lang='lat' dir='ltr'><strong>et</strong></span> <span class='ocrx_word' id='word_1_56' title='bbox 778 1016 979 1074; x_wconf 91' lang='lat' dir='ltr'><strong>nescio</strong></span> <span class='ocrx_word' id='word_1_57' title='bbox 1030 1031 1146 1073; x_wconf 88' lang='lat' dir='ltr'><strong>nou</strong></span> <span class='ocrx_word' id='word_1_58' title='bbox 1195 1014 1318 1073; x_wconf 91' lang='lat' dir='ltr'><strong>scio</strong></span> <span class='ocrx_word' id='word_1_59' title='bbox 1365 1011 1621 1074; x_wconf 90' lang='lat' dir='ltr'><strong>diductis</strong></span> <span class='ocrx_word' id='word_1_60' title='bbox 1666 1015 1727 1073; x_wconf 90' lang='lat' dir='ltr'><strong>in</strong></span> <span class='ocrx_word' id='word_1_61' title='bbox 1776 1012 2023 1075; x_wconf 87' lang='lat' dir='ltr'><strong>verbum</strong></span> <span class='ocrx_word' id='word_1_62' title='bbox 2070 1021 2132 1074; x_wconf 89' lang='lat' dir='ltr'><strong>et</strong></span> <span class='ocrx_word' id='word_1_63' title='bbox 2195 1012 2538 1076; x_wconf 82' lang='lat' dir='ltr'><strong>adverbium</strong></span> <span class='ocrx_word' id='word_1_64' title='bbox 2583 1014 2838 1095; x_wconf 83' lang='lat' dir='ltr'><strong>syllabis.</strong></span> <span class='ocrx_word' id='word_1_65' title='bbox 2905 1002 3212 1075; x_wconf 74' lang='lat' dir='ltr'><strong>recorri-5</strong></span> 
     </span>
     <span class='ocr_line' id='line_1_8' title="bbox 545 1117 3159 1203; baseline -0 -20"><span class='ocrx_word' id='word_1_66' title='bbox 545 1124 705 1203; x_wconf 82' lang='lat' dir='ltr'><strong>gitur</strong></span> <span class='ocrx_word' id='word_1_67' title='bbox 754 1132 892 1181; x_wconf 83' lang='lat' dir='ltr'><strong>vero</strong></span> <span class='ocrx_word' id='word_1_68' title='bbox 932 1119 1153 1199; x_wconf 85' lang='lat' dir='ltr'><strong>regulis</strong></span> <span class='ocrx_word' id='word_1_69' title='bbox 1200 1118 1420 1193; x_wconf 80' lang='lat' dir='ltr'><strong>tribuS‚</strong></span> <span class='ocrx_word' id='word_1_70' title='bbox 1468 1118 1742 1202; x_wconf 88' lang='lat' dir='ltr'><strong>historia,</strong></span> <span class='ocrx_word' id='word_1_71' title='bbox 1789 1123 2210 1200; x_wconf 84' lang='lat' dir='ltr'><strong>originatione,</strong></span> <span class='ocrx_word' id='word_1_72' title='bbox 2256 1140 2431 1201; x_wconf 89' lang='lat' dir='ltr'><strong>quam</strong></span> <span class='ocrx_word' id='word_1_73' title='bbox 2470 1121 2679 1183; x_wconf 89' lang='lat' dir='ltr'><strong>Graeci</strong></span> <span class='ocrx_word' id='word_1_74' title='bbox 2719 1117 3159 1203; x_wconf 80' lang='grc' dir='ltr'><strong><em>ἐτυμολογίαν</em></strong></span> 
     </span>
     <span class='ocr_line' id='line_1_9' title="bbox 546 1217 3161 1312; baseline 0 -22"><span class='ocrx_word' id='word_1_75' title='bbox 546 1228 868 1310; x_wconf 88' lang='lat' dir='ltr'><strong>appellant,</strong></span> <span class='ocrx_word' id='word_1_76' title='bbox 915 1229 1333 1307; x_wconf 78' lang='lat' dir='ltr'><strong>proportione,</strong></span> <span class='ocrx_word' id='word_1_77' title='bbox 1379 1245 1528 1306; x_wconf 88' lang='lat' dir='ltr'><strong>quae</strong></span> <span class='ocrx_word' id='word_1_78' title='bbox 1576 1245 1786 1306; x_wconf 77' lang='lat' dir='ltr'><strong>graece</strong></span> <span class='ocrx_word' id='word_1_79' title='bbox 1833 1217 2165 1306; x_wconf 77' lang='grc' dir='ltr'><em>ἀναλογία</em></span> <span class='ocrx_word' id='word_1_80' title='bbox 2210 1228 2446 1290; x_wconf 88' lang='lat' dir='ltr'><strong>dicitur.</strong></span> <span class='ocrx_word' id='word_1_81' title='bbox 2522 1238 2582 1290; x_wconf 89' lang='lat' dir='ltr'><strong>et</strong></span> <span class='ocrx_word' id='word_1_82' title='bbox 2619 1229 2865 1291; x_wconf 87' lang='lat' dir='ltr'><strong>historia</strong></span> <span class='ocrx_word' id='word_1_83' title='bbox 2903 1229 3161 1312; x_wconf 89' lang='lat' dir='ltr'><strong>quidem,</strong></span> 
     </span>
     <span class='ocr_line' id='line_1_10' title="bbox 546 1332 3159 1416; baseline -0.001 -18"><span class='ocrx_word' id='word_1_84' title='bbox 546 1345 615 1398; x_wconf 90' lang='lat' dir='ltr'><strong>ut</strong></span> <span class='ocrx_word' id='word_1_85' title='bbox 663 1353 798 1398; x_wconf 91' lang='lat' dir='ltr'><strong>cum</strong></span> <span class='ocrx_word' id='word_1_86' title='bbox 847 1333 949 1394; x_wconf 91' lang='lat' dir='ltr'><strong>sed</strong></span> <span class='ocrx_word' id='word_1_87' title='bbox 997 1352 1106 1413; x_wconf 86' lang='lat' dir='ltr'><strong>per</strong></span> <span class='ocrx_word' id='word_1_88' title='bbox 1144 1334 1522 1411; x_wconf 79' lang='lat' dir='ltr'><strong>novissimam</strong></span> <span class='ocrx_word' id='word_1_89' title='bbox 1570 1332 1827 1394; x_wconf 89' lang='lat' dir='ltr'><strong>litteram</strong></span> <span class='ocrx_word' id='word_1_90' title='bbox 1875 1337 1919 1394; x_wconf 77' lang='lat' dir='ltr'><strong>d</strong></span> <span class='ocrx_word' id='word_1_91' title='bbox 1963 1333 2310 1415; x_wconf 82' lang='lat' dir='ltr'><strong>scribimuS,</strong></span> <span class='ocrx_word' id='word_1_92' title='bbox 2357 1337 2633 1414; x_wconf 89' lang='lat' dir='ltr'><strong>quoniam</strong></span> <span class='ocrx_word' id='word_1_93' title='bbox 2676 1338 2906 1416; x_wconf 81' lang='lat' dir='ltr'><strong>antiqui</strong></span> <span class='ocrx_word' id='word_1_94' title='bbox 2953 1335 3159 1397; x_wconf 90' lang='lat' dir='ltr'><strong>sedum</strong></span> 
     </span>
     <span class='ocr_line' id='line_1_11' title="bbox 547 1440 3163 1522; baseline -0 -19"><span class='ocrx_word' id='word_1_95' title='bbox 547 1443 809 1503; x_wconf 84' lang='lat' dir='ltr'><strong>dixerint</strong></span> <span class='ocrx_word' id='word_1_96' title='bbox 845 1450 906 1502; x_wconf 89' lang='lat' dir='ltr'><strong>et</strong></span> <span class='ocrx_word' id='word_1_97' title='bbox 942 1458 1049 1520; x_wconf 91' lang='lat' dir='ltr'><strong>per</strong></span> <span class='ocrx_word' id='word_1_98' title='bbox 1086 1440 1478 1501; x_wconf 86' lang='lat' dir='ltr'><strong>abscisionem</strong></span> <span class='ocrx_word' id='word_1_99' title='bbox 1518 1442 1957 1502; x_wconf 88' lang='lat' dir='ltr'><strong>coniunctionis</strong></span> <span class='ocrx_word' id='word_1_100' title='bbox 1993 1458 2132 1520; x_wconf 90' lang='lat' dir='ltr'><strong>pars</strong></span> <span class='ocrx_word' id='word_1_101' title='bbox 2171 1444 2541 1502; x_wconf 81' lang='lat' dir='ltr'><strong>remanserit.</strong></span> <span class='ocrx_word' id='word_1_102' title='bbox 2599 1440 2714 1520; x_wconf 88' lang='lat' dir='ltr'><strong>[at]</strong></span> <span class='ocrx_word' id='word_1_103' title='bbox 2752 1444 3163 1522; x_wconf 83' lang='lat' dir='ltr'><strong>originatione‚</strong></span> 
     </span>
     <span class='ocr_line' id='line_1_12' title="bbox 548 1547 3244 1629; baseline -0.001 -18"><span class='ocrx_word' id='word_1_104' title='bbox 548 1558 614 1611; x_wconf 91' lang='lat' dir='ltr'><strong>ut</strong></span> <span class='ocrx_word' id='word_1_105' title='bbox 673 1566 808 1609; x_wconf 91' lang='lat' dir='ltr'><strong>cum</strong></span> <span class='ocrx_word' id='word_1_106' title='bbox 867 1548 1118 1609; x_wconf 87' lang='lat' dir='ltr'><strong>dicimus</strong></span> <span class='ocrx_word' id='word_1_107' title='bbox 1172 1548 1453 1608; x_wconf 90' lang='lat' dir='ltr'><strong>inchoare</strong></span> <span class='ocrx_word' id='word_1_108' title='bbox 1515 1565 1650 1608; x_wconf 90' lang='lat' dir='ltr'><strong>cum</strong></span> <span class='ocrx_word' id='word_1_109' title='bbox 1709 1548 2068 1627; x_wconf 80' lang='lat' dir='ltr'><strong>aspiratione</strong></span> <span class='ocrx_word' id='word_1_110' title='bbox 2126 1547 2535 1629; x_wconf 87' lang='lat' dir='ltr'><strong>scribendum,</strong></span> <span class='ocrx_word' id='word_1_111' title='bbox 2590 1552 2866 1628; x_wconf 87' lang='lat' dir='ltr'><strong>quoniam</strong></span> <span class='ocrx_word' id='word_1_112' title='bbox 2924 1568 2954 1609; x_wconf 89' lang='lat' dir='ltr'><strong>a</strong></span> <span class='ocrx_word' id='word_1_113' title='bbox 3015 1549 3161 1610; x_wconf 85' lang='lat' dir='ltr'><strong>chao</strong></span> <span class='ocrx_word' id='word_1_114' title='bbox 3193 1565 3244 1602; x_wconf 86' lang='lat'><strong>10</strong></span> 
     </span>
     <span class='ocr_line' id='line_1_13' title="bbox 549 1655 3161 1738; baseline -0.002 -19"><span class='ocrx_word' id='word_1_115' title='bbox 549 1658 771 1719; x_wconf 88' lang='lat' dir='ltr'><strong>dictum</strong></span> <span class='ocrx_word' id='word_1_116' title='bbox 818 1660 921 1732; x_wconf 79' lang='lat' dir='ltr'><strong>sit,</strong></span> <span class='ocrx_word' id='word_1_117' title='bbox 970 1655 1128 1735; x_wconf 90' lang='lat' dir='ltr'><strong>quod</strong></span> <span class='ocrx_word' id='word_1_118' title='bbox 1176 1656 1357 1716; x_wconf 85' lang='lat' dir='ltr'><strong>fuerit</strong></span> <span class='ocrx_word' id='word_1_119' title='bbox 1402 1657 1636 1716; x_wconf 88' lang='lat' dir='ltr'><strong>initium</strong></span> <span class='ocrx_word' id='word_1_120' title='bbox 1676 1656 1941 1715; x_wconf 89' lang='lat' dir='ltr'><strong>omnium</strong></span> <span class='ocrx_word' id='word_1_121' title='bbox 1979 1674 2200 1717; x_wconf 89' lang='lat' dir='ltr'><strong>rerum.</strong></span> <span class='ocrx_word' id='word_1_122' title='bbox 2272 1658 2686 1738; x_wconf 88' lang='lat' dir='ltr'><strong>proportione,</strong></span> <span class='ocrx_word' id='word_1_123' title='bbox 2733 1664 2800 1716; x_wconf 91' lang='lat' dir='ltr'><strong>ut</strong></span> <span class='ocrx_word' id='word_1_124' title='bbox 2845 1674 2981 1717; x_wconf 89' lang='lat' dir='ltr'><strong>cum</strong></span> <span class='ocrx_word' id='word_1_125' title='bbox 3019 1655 3161 1716; x_wconf 91' lang='lat' dir='ltr'><strong>dici·</strong></span> 
     </span>
     <span class='ocr_line' id='line_1_14' title="bbox 551 1760 3161 1844; baseline -0.002 -18"><span class='ocrx_word' id='word_1_126' title='bbox 551 1783 683 1826; x_wconf 90' lang='lat' dir='ltr'><strong>mus</strong></span> <span class='ocrx_word' id='word_1_127' title='bbox 730 1781 949 1843; x_wconf 88' lang='lat' dir='ltr'><strong>equum</strong></span> <span class='ocrx_word' id='word_1_128' title='bbox 996 1770 1059 1823; x_wconf 92' lang='lat' dir='ltr'><strong>et</strong></span> <span class='ocrx_word' id='word_1_129' title='bbox 1104 1779 1341 1823; x_wconf 81' lang='lat' dir='ltr'><strong>servum</strong></span> <span class='ocrx_word' id='word_1_130' title='bbox 1389 1769 1449 1822; x_wconf 89' lang='lat' dir='ltr'><strong>et</strong></span> <span class='ocrx_word' id='word_1_131' title='bbox 1497 1761 1706 1822; x_wconf 81' lang='lat' dir='ltr'><strong>similia</strong></span> <span class='ocrx_word' id='word_1_132' title='bbox 1754 1760 1973 1822; x_wconf 90' lang='lat' dir='ltr'><strong>debere</strong></span> <span class='ocrx_word' id='word_1_133' title='bbox 2021 1761 2231 1844; x_wconf 84' lang='lat' dir='ltr'><strong>scribi,</strong></span> <span class='ocrx_word' id='word_1_134' title='bbox 2279 1763 2414 1841; x_wconf 90' lang='lat' dir='ltr'><strong>quia</strong></span> <span class='ocrx_word' id='word_1_135' title='bbox 2462 1764 2691 1842; x_wconf 89' lang='lat' dir='ltr'><strong>antiqui</strong></span> <span class='ocrx_word' id='word_1_136' title='bbox 2736 1781 2845 1843; x_wconf 89' lang='lat' dir='ltr'><strong>per</strong></span> <span class='ocrx_word' id='word_1_137' title='bbox 2894 1782 2969 1823; x_wconf 91' lang='lat' dir='ltr'><strong>uo</strong></span> <span class='ocrx_word' id='word_1_138' title='bbox 3017 1764 3161 1823; x_wconf 92' lang='lat' dir='ltr'><strong>scri-</strong></span> 
     </span>
     <span class='ocr_line' id='line_1_15' title="bbox 549 1867 3166 1954; baseline -0 -22"><span class='ocrx_word' id='word_1_139' title='bbox 549 1874 804 1954; x_wconf 87' lang='lat' dir='ltr'><strong>pserint,</strong></span> <span class='ocrx_word' id='word_1_140' title='bbox 865 1873 1144 1951; x_wconf 88' lang='lat' dir='ltr'><strong>quoniam</strong></span> <span class='ocrx_word' id='word_1_141' title='bbox 1203 1870 1470 1930; x_wconf 89' lang='lat' dir='ltr'><strong>scierunt</strong></span> <span class='ocrx_word' id='word_1_142' title='bbox 1531 1867 1789 1929; x_wconf 86' lang='lat' dir='ltr'><strong>vocalem</strong></span> <span class='ocrx_word' id='word_1_143' title='bbox 1851 1887 1969 1930; x_wconf 90' lang='lat' dir='ltr'><strong>non</strong></span> <span class='ocrx_word' id='word_1_144' title='bbox 2025 1887 2201 1949; x_wconf 91' lang='lat' dir='ltr'><strong>posse</strong></span> <span class='ocrx_word' id='word_1_145' title='bbox 2257 1871 2545 1949; x_wconf 88' lang='lat' dir='ltr'><strong>geminari</strong></span> <span class='ocrx_word' id='word_1_146' title='bbox 2600 1869 3040 1950; x_wconf 85' lang='lat' dir='ltr'><strong>credebantque</strong></span> <span class='ocrx_word' id='word_1_147' title='bbox 3103 1878 3166 1931; x_wconf 89' lang='lat' dir='ltr'><strong>et</strong></span> 
     </span>
     <span class='ocr_line' id='line_1_16' title="bbox 551 1975 3161 2059; baseline -0.001 -20"><span class='ocrx_word' id='word_1_148' title='bbox 551 1980 701 2041; x_wconf 88' lang='lat' dir='ltr'><strong>hanc</strong></span> <span class='ocrx_word' id='word_1_149' title='bbox 749 1978 1004 2040; x_wconf 88' lang='lat' dir='ltr'><strong>litteram</strong></span> <span class='ocrx_word' id='word_1_150' title='bbox 1053 1979 1407 2057; x_wconf 84' lang='lat' dir='ltr'><strong>geminatam</strong></span> <span class='ocrx_word' id='word_1_151' title='bbox 1455 1984 1712 2055; x_wconf 87' lang='lat' dir='ltr'><strong>utroque</strong></span> <span class='ocrx_word' id='word_1_152' title='bbox 1759 1975 1890 2036; x_wconf 92' lang='lat' dir='ltr'><strong>loco</strong></span> <span class='ocrx_word' id='word_1_153' title='bbox 1937 1978 1998 2037; x_wconf 93' lang='lat' dir='ltr'><strong>in</strong></span> <span class='ocrx_word' id='word_1_154' title='bbox 2047 1996 2152 2037; x_wconf 91' lang='lat' dir='ltr'><strong>sua</strong></span> <span class='ocrx_word' id='word_1_155' title='bbox 2198 1984 2490 2057; x_wconf 84' lang='lat' dir='ltr'><strong>potestate</strong></span> <span class='ocrx_word' id='word_1_156' title='bbox 2539 1995 2952 2059; x_wconf 82' lang='lat' dir='ltr'><strong>perseverare,</strong></span> <span class='ocrx_word' id='word_1_157' title='bbox 2997 1978 3161 2055; x_wconf 85' lang='lat' dir='ltr'><strong>igno-</strong></span> 
     </span>
     <span class='ocr_line' id='line_1_17' title="bbox 551 2082 3244 2164; baseline -0.001 -18"><span class='ocrx_word' id='word_1_158' title='bbox 551 2092 751 2146; x_wconf 87' lang='lat' dir='ltr'><strong>rantes</strong></span> <span class='ocrx_word' id='word_1_159' title='bbox 790 2103 917 2145; x_wconf 89' lang='lat' dir='ltr'><strong>eam</strong></span> <span class='ocrx_word' id='word_1_160' title='bbox 957 2085 1352 2164; x_wconf 86' lang='lat' dir='ltr'><strong>praepositam</strong></span> <span class='ocrx_word' id='word_1_161' title='bbox 1397 2082 1581 2143; x_wconf 88' lang='lat' dir='ltr'><strong>vocali</strong></span> <span class='ocrx_word' id='word_1_162' title='bbox 1618 2084 2000 2145; x_wconf 89' lang='lat' dir='ltr'><strong>consonantis</strong></span> <span class='ocrx_word' id='word_1_163' title='bbox 2037 2085 2163 2144; x_wconf 83' lang='lat' dir='ltr'><strong>vice</strong></span> <span class='ocrx_word' id='word_1_164' title='bbox 2204 2083 2370 2163; x_wconf 77' lang='lat' dir='ltr'><strong>fungi</strong></span> <span class='ocrx_word' id='word_1_165' title='bbox 2418 2092 2477 2144; x_wconf 91' lang='lat' dir='ltr'><strong>et</strong></span> <span class='ocrx_word' id='word_1_166' title='bbox 2522 2087 2662 2164; x_wconf 92' lang='lat' dir='ltr'><strong>poni</strong></span> <span class='ocrx_word' id='word_1_167' title='bbox 2707 2103 2817 2164; x_wconf 93' lang='lat' dir='ltr'><strong>pro</strong></span> <span class='ocrx_word' id='word_1_168' title='bbox 2857 2102 2923 2144; x_wconf 90' lang='lat' dir='ltr'><strong>ea</strong></span> <span class='ocrx_word' id='word_1_169' title='bbox 2968 2082 3163 2144; x_wconf 85' lang='lat' dir='ltr'><strong>littera</strong></span> <span class='ocrx_word' id='word_1_170' title='bbox 3193 2098 3244 2137; x_wconf 76' lang='lat'><strong>1⁵</strong></span> 
     </span>
     <span class='ocr_line' id='line_1_18' title="bbox 551 2189 3165 2274; baseline -0.002 -20"><span class='ocrx_word' id='word_1_171' title='bbox 551 2211 699 2273; x_wconf 88' lang='lat' dir='ltr'><strong>quae</strong></span> <span class='ocrx_word' id='word_1_172' title='bbox 756 2195 835 2254; x_wconf 89' lang='lat' dir='ltr'><strong>sit</strong></span> <span class='ocrx_word' id='word_1_173' title='bbox 888 2194 945 2274; x_wconf 83' lang='lat' dir='ltr'><strong>f;</strong></span> <span class='ocrx_word' id='word_1_174' title='bbox 1003 2189 1245 2271; x_wconf 89' lang='lat' dir='ltr'><strong>deinde,</strong></span> <span class='ocrx_word' id='word_1_175' title='bbox 1303 2191 1462 2270; x_wconf 92' lang='lat' dir='ltr'><strong>quod</strong></span> <span class='ocrx_word' id='word_1_176' title='bbox 1520 2192 1716 2251; x_wconf 89' lang='lat' dir='ltr'><strong>omnia</strong></span> <span class='ocrx_word' id='word_1_177' title='bbox 1765 2193 2002 2251; x_wconf 90' lang='lat' dir='ltr'><strong>nomina</strong></span> <span class='ocrx_word' id='word_1_178' title='bbox 2060 2191 2341 2252; x_wconf 76' lang='lat' dir='ltr'><strong>feminina</strong></span> <span class='ocrx_word' id='word_1_179' title='bbox 2390 2193 2746 2252; x_wconf 76' lang='lat' dir='ltr'><strong>nominativo</strong></span> <span class='ocrx_word' id='word_1_180' title='bbox 2803 2190 3085 2269; x_wconf 85' lang='lat' dir='ltr'><strong>singulari</strong></span> <span class='ocrx_word' id='word_1_181' title='bbox 3133 2208 3165 2249; x_wconf 91' lang='lat' dir='ltr'><strong>a</strong></span> 
     </span>
     <span class='ocr_line' id='line_1_19' title="bbox 551 2282 3166 2380; baseline -0.001 -20"><span class='ocrx_word' id='word_1_182' title='bbox 551 2301 740 2380; x_wconf 84' lang='lat' dir='ltr'><strong>finita,</strong></span> <span class='ocrx_word' id='word_1_183' title='bbox 799 2282 1076 2377; x_wconf 89' lang='lat' dir='ltr'><strong>quotiens</strong></span> <span class='ocrx_word' id='word_1_184' title='bbox 1131 2300 1189 2358; x_wconf 92' lang='lat' dir='ltr'><strong>in</strong></span> <span class='ocrx_word' id='word_1_185' title='bbox 1251 2295 1642 2357; x_wconf 86' lang='lat' dir='ltr'><strong>masculinum</strong></span> <span class='ocrx_word' id='word_1_186' title='bbox 1700 2303 2033 2379; x_wconf 89' lang='lat' dir='ltr'><strong>transeant,</strong></span> <span class='ocrx_word' id='word_1_187' title='bbox 2093 2299 2338 2358; x_wconf 87' lang='lat' dir='ltr'><strong>servatis</strong></span> <span class='ocrx_word' id='word_1_188' title='bbox 2400 2296 2893 2378; x_wconf 86' lang='lat' dir='ltr'><strong>praecedentibus</strong></span> <span class='ocrx_word' id='word_1_189' title='bbox 2951 2298 3166 2360; x_wconf 89' lang='lat' dir='ltr'><strong>litteris</strong></span> 
     </span>
     <span class='ocr_line' id='line_1_20' title="bbox 554 2405 3167 2495; baseline -0.001 -27"><span class='ocrx_word' id='word_1_190' title='bbox 554 2408 937 2468; x_wconf 79' lang='lat' dir='ltr'><strong>novissimum</strong></span> <span class='ocrx_word' id='word_1_191' title='bbox 995 2424 1027 2465; x_wconf 91' lang='lat' dir='ltr'><strong>a</strong></span> <span class='ocrx_word' id='word_1_192' title='bbox 1086 2406 1148 2465; x_wconf 91' lang='lat' dir='ltr'><strong>in</strong></span> <span class='ocrx_word' id='word_1_193' title='bbox 1205 2424 1244 2466; x_wconf 90' lang='grc' dir='ltr'><strong>ιι</strong></span> <span class='ocrx_word' id='word_1_194' title='bbox 1303 2410 1535 2465; x_wconf 85' lang='lat' dir='ltr'><strong>vertant</strong></span> <span class='ocrx_word' id='word_1_195' title='bbox 1588 2410 1650 2464; x_wconf 87' lang='lat' dir='ltr'><strong>et</strong></span> <span class='ocrx_word' id='word_1_196' title='bbox 1711 2411 2010 2495; x_wconf 88' lang='lat' dir='ltr'><strong>assumpta</strong></span> <span class='ocrx_word' id='word_1_197' title='bbox 2064 2422 2093 2464; x_wconf 90' lang='lat' dir='ltr'><strong>s</strong></span> <span class='ocrx_word' id='word_1_198' title='bbox 2141 2406 2506 2466; x_wconf 88' lang='lat' dir='ltr'><strong>contrarium</strong></span> <span class='ocrx_word' id='word_1_199' title='bbox 2554 2423 2760 2466; x_wconf 87' lang='lat' dir='ltr'><strong>sexum</strong></span> <span class='ocrx_word' id='word_1_200' title='bbox 2816 2405 3167 2486; x_wconf 84' lang='lat' dir='ltr'><strong>significent,</strong></span> 
     </span>
     <span class='ocr_line' id='line_1_21' title="bbox 557 2500 3165 2594; baseline -0.002 -19"><span class='ocrx_word' id='word_1_201' title='bbox 557 2522 622 2575; x_wconf 88' lang='lat' dir='ltr'><strong>ut</strong></span> <span class='ocrx_word' id='word_1_202' title='bbox 669 2518 827 2575; x_wconf 88' lang='lat' dir='ltr'><strong>iusta</strong></span> <span class='ocrx_word' id='word_1_203' title='bbox 871 2515 1096 2594; x_wconf 78' lang='lat' dir='ltr'><strong>iustuS,</strong></span> <span class='ocrx_word' id='word_1_204' title='bbox 1140 2520 1300 2573; x_wconf 88' lang='lat' dir='ltr'><strong>casta</strong></span> <span class='ocrx_word' id='word_1_205' title='bbox 1347 2519 1573 2591; x_wconf 80' lang='lat' dir='ltr'><strong>castuS,</strong></span> <span class='ocrx_word' id='word_1_206' title='bbox 1618 2513 1714 2590; x_wconf 86' lang='lat' dir='ltr'><strong>pia</strong></span> <span class='ocrx_word' id='word_1_207' title='bbox 1760 2512 1924 2591; x_wconf 77' lang='lat' dir='ltr'><strong>piuS,</strong></span> <span class='ocrx_word' id='word_1_208' title='bbox 1970 2500 2056 2571; x_wconf 61' lang='lat' dir='ltr'><strong>ita&#39;</strong></span> <span class='ocrx_word' id='word_1_209' title='bbox 2097 2519 2158 2571; x_wconf 91' lang='lat' dir='ltr'><strong>et</strong></span> <span class='ocrx_word' id='word_1_210' title='bbox 2203 2529 2355 2590; x_wconf 90' lang='lat' dir='ltr'><strong>equa</strong></span> <span class='ocrx_word' id='word_1_211' title='bbox 2393 2519 2454 2572; x_wconf 91' lang='lat' dir='ltr'><strong>et</strong></span> <span class='ocrx_word' id='word_1_212' title='bbox 2487 2530 2666 2573; x_wconf 80' lang='lat' dir='ltr'><strong>serva</strong></span> <span class='ocrx_word' id='word_1_213' title='bbox 2706 2514 2952 2573; x_wconf 88' lang='lat' dir='ltr'><strong>servatis</strong></span> <span class='ocrx_word' id='word_1_214' title='bbox 2997 2529 3165 2590; x_wconf 90' lang='lat' dir='ltr'><strong>prae·</strong></span> 
     </span>
     <span class='ocr_line' id='line_1_22' title="bbox 556 2616 3249 2697; baseline -0.002 -15"><span class='ocrx_word' id='word_1_215' title='bbox 556 2619 906 2682; x_wconf 87' lang='lat' dir='ltr'><strong>cedentibus</strong></span> <span class='ocrx_word' id='word_1_216' title='bbox 968 2618 1183 2679; x_wconf 89' lang='lat' dir='ltr'><strong>litteris</strong></span> <span class='ocrx_word' id='word_1_217' title='bbox 1244 2627 1305 2679; x_wconf 88' lang='lat' dir='ltr'><strong>et</strong></span> <span class='ocrx_word' id='word_1_218' title='bbox 1364 2637 1398 2678; x_wconf 91' lang='lat' dir='ltr'><strong>u</strong></span> <span class='ocrx_word' id='word_1_219' title='bbox 1456 2636 1565 2697; x_wconf 89' lang='lat' dir='ltr'><strong>pro</strong></span> <span class='ocrx_word' id='word_1_220' title='bbox 1622 2636 1653 2677; x_wconf 93' lang='lat' dir='ltr'><strong>a</strong></span> <span class='ocrx_word' id='word_1_221' title='bbox 1712 2616 2036 2679; x_wconf 88' lang='lat' dir='ltr'><strong>substituto</strong></span> <span class='ocrx_word' id='word_1_222' title='bbox 2091 2635 2282 2696; x_wconf 89' lang='lat' dir='ltr'><strong>equus</strong></span> <span class='ocrx_word' id='word_1_223' title='bbox 2340 2627 2400 2680; x_wconf 90' lang='lat' dir='ltr'><strong>et</strong></span> <span class='ocrx_word' id='word_1_224' title='bbox 2455 2638 2663 2679; x_wconf 83' lang='lat' dir='ltr'><strong>servus</strong></span> <span class='ocrx_word' id='word_1_225' title='bbox 2723 2627 2785 2680; x_wconf 89' lang='lat' dir='ltr'><strong>et</strong></span> <span class='ocrx_word' id='word_1_226' title='bbox 2840 2635 3058 2697; x_wconf 87' lang='lat' dir='ltr'><strong>equum</strong></span> <span class='ocrx_word' id='word_1_227' title='bbox 3107 2625 3249 2678; x_wconf 79' lang='lat' dir='ltr'><strong>et20</strong></span> 
     </span>
     <span class='ocr_line' id='line_1_23' title="bbox 562 2724 3169 2808; baseline -0.002 -19"><span class='ocrx_word' id='word_1_228' title='bbox 562 2746 798 2790; x_wconf 84' lang='lat' dir='ltr'><strong>servum</strong></span> <span class='ocrx_word' id='word_1_229' title='bbox 855 2744 964 2807; x_wconf 87' lang='lat' dir='ltr'><strong>per</strong></span> <span class='ocrx_word' id='word_1_230' title='bbox 1020 2725 1138 2787; x_wconf 90' lang='lat' dir='ltr'><strong>duo</strong></span> <span class='ocrx_word' id='word_1_231' title='bbox 1199 2745 1264 2808; x_wconf 76' lang='lat' dir='ltr'><strong>u,</strong></span> <span class='ocrx_word' id='word_1_232' title='bbox 1320 2744 1438 2787; x_wconf 87' lang='lat' dir='ltr'><strong>non</strong></span> <span class='ocrx_word' id='word_1_233' title='bbox 1494 2743 1604 2806; x_wconf 91' lang='lat' dir='ltr'><strong>per</strong></span> <span class='ocrx_word' id='word_1_234' title='bbox 1661 2742 1846 2787; x_wconf 88' lang='lat' dir='ltr'><strong>unum</strong></span> <span class='ocrx_word' id='word_1_235' title='bbox 1901 2743 1940 2785; x_wconf 93' lang='lat' dir='ltr'><strong>u</strong></span> <span class='ocrx_word' id='word_1_236' title='bbox 1998 2724 2290 2808; x_wconf 84' lang='lat' dir='ltr'><strong>efficiunt,</strong></span> <span class='ocrx_word' id='word_1_237' title='bbox 2346 2734 2593 2807; x_wconf 84' lang='lat' dir='ltr'><strong>excepto</strong></span> <span class='ocrx_word' id='word_1_238' title='bbox 2654 2745 2771 2788; x_wconf 87' lang='lat' dir='ltr'><strong>uno</strong></span> <span class='ocrx_word' id='word_1_239' title='bbox 2828 2728 2953 2787; x_wconf 85' lang='lat' dir='ltr'><strong>avia</strong></span> <span class='ocrx_word' id='word_1_240' title='bbox 3008 2743 3169 2806; x_wconf 79' lang='lat' dir='ltr'><strong>avuS‚</strong></span> 
     </span>
     <span class='ocr_line' id='line_1_24' title="bbox 556 2832 1748 2915; baseline -0.003 -18"><span class='ocrx_word' id='word_1_241' title='bbox 556 2836 713 2898; x_wconf 88' lang='lat' dir='ltr'><strong>unde</strong></span> <span class='ocrx_word' id='word_1_242' title='bbox 760 2842 1004 2915; x_wconf 89' lang='lat' dir='ltr'><strong>apparet</strong></span> <span class='ocrx_word' id='word_1_243' title='bbox 1049 2836 1243 2895; x_wconf 88' lang='lat' dir='ltr'><strong>avium</strong></span> <span class='ocrx_word' id='word_1_244' title='bbox 1290 2833 1568 2896; x_wconf 89' lang='lat' dir='ltr'><strong>debuisse</strong></span> <span class='ocrx_word' id='word_1_245' title='bbox 1614 2832 1748 2894; x_wconf 89' lang='lat' dir='ltr'><strong>dici.</strong></span> 
     </span>
    </p>
   </div>
   <div class='ocr_carea' id='block_1_3' title="bbox 554 2965 980 2977">
    <p class='ocr_par' dir='ltr' id='par_1_3' title="bbox 554 2965 980 2977">
     <span class='ocr_line' id='line_1_25' title="bbox 554 2965 980 2977; baseline 0 2551"><span class='ocrx_word' id='word_1_246' title='bbox 554 2965 980 2977; x_wconf 95' lang='lat' dir='ltr'><strong> </strong></span> 
     </span>
    </p>
   </div>
   <div class='ocr_carea' id='block_1_4' title="bbox 738 3021 2477 3093">
    <p class='ocr_par' dir='ltr' id='par_1_4' title="bbox 738 3021 2477 3093">
     <span class='ocr_line' id='line_1_26' title="bbox 738 3021 2477 3093; baseline 0.001 -14"><span class='ocrx_word' id='word_1_247' title='bbox 738 3031 762 3079; x_wconf 91' lang='lat'><strong>1</strong></span> <span class='ocrx_word' id='word_1_248' title='bbox 804 3022 991 3079; x_wconf 88' lang='lat' dir='ltr'><strong>neseio</strong></span> <span class='ocrx_word' id='word_1_249' title='bbox 1022 3041 1080 3092; x_wconf 81' lang='lat' dir='ltr'><strong>p.</strong></span> <span class='ocrx_word' id='word_1_250' title='bbox 1121 3029 1220 3090; x_wconf 79' lang='lat'><strong>28,</strong></span> <span class='ocrx_word' id='word_1_251' title='bbox 1257 3028 1331 3079; x_wconf 88' lang='lat'><strong>15</strong></span> <span class='ocrx_word' id='word_1_252' title='bbox 1476 3030 1541 3077; x_wconf 75' lang='lat'><strong>15</strong></span> <span class='ocrx_word' id='word_1_253' title='bbox 1581 3022 1959 3093; x_wconf 76' lang='lat' dir='ltr'><strong>praepositam</strong></span> <span class='ocrx_word' id='word_1_254' title='bbox 1997 3021 2180 3078; x_wconf 83' lang='lat' dir='ltr'><strong>vocali</strong></span> <span class='ocrx_word' id='word_1_255' title='bbox 2206 3039 2271 3092; x_wconf 78' lang='lat' dir='ltr'><strong>p.</strong></span> <span class='ocrx_word' id='word_1_256' title='bbox 2309 3028 2399 3091; x_wconf 87' lang='lat'><strong>17,</strong></span> <span class='ocrx_word' id='word_1_257' title='bbox 2436 3029 2477 3081; x_wconf 77' lang='lat'><em>2</em></span> 
     </span>
    </p>
   </div>
   <div class='ocr_carea' id='block_1_5' title="bbox 560 3145 941 3153">
    <p class='ocr_par' dir='ltr' id='par_1_5' title="bbox 560 3145 941 3153">
     <span class='ocr_line' id='line_1_27' title="bbox 560 3145 941 3153; baseline 0 2375"><span class='ocrx_word' id='word_1_258' title='bbox 560 3145 941 3153; x_wconf 95' lang='lat' dir='ltr'><strong> </strong></span> 
     </span>
    </p>
   </div>
   <div class='ocr_carea' id='block_1_6' title="bbox 554 3191 3184 4944">
    <p class='ocr_par' dir='ltr' id='par_1_6' title="bbox 554 3191 3176 3424">
     <span class='ocr_line' id='line_1_28' title="bbox 736 3191 3169 3264; baseline 0 -18"><span class='ocrx_word' id='word_1_259' title='bbox 736 3201 760 3246; x_wconf 91' lang='lat'>1</span> <span class='ocrx_word' id='word_1_260' title='bbox 820 3193 1042 3248; x_wconf 79' lang='lat' dir='ltr'><strong>litterae</strong></span> <span class='ocrx_word' id='word_1_261' title='bbox 1095 3191 1177 3258; x_wconf 89' lang='grc' dir='ltr'><strong>Β,</strong></span> <span class='ocrx_word' id='word_1_262' title='bbox 1227 3208 1365 3248; x_wconf 84' lang='lat' dir='ltr'><strong>corr.</strong></span> <span class='ocrx_word' id='word_1_263' title='bbox 1410 3210 1525 3247; x_wconf 83' lang='lat' dir='ltr'><strong>-am</strong></span> <span class='ocrx_word' id='word_1_264' title='bbox 1577 3194 1608 3246; x_wconf 81' lang='lat' dir='ltr'><strong><em>b</em></strong></span> <span class='ocrx_word' id='word_1_265' title='bbox 1824 3191 1999 3262; x_wconf 85' lang='lat' dir='ltr'><strong>priori</strong></span> <span class='ocrx_word' id='word_1_266' title='bbox 2043 3192 2295 3262; x_wconf 78' lang='lat' dir='ltr'><strong>syllabae</strong></span> <span class='ocrx_word' id='word_1_267' title='bbox 2347 3193 2588 3264; x_wconf 82' lang='lat' dir='ltr'><strong>iungunt</strong></span> <span class='ocrx_word' id='word_1_268' title='bbox 2636 3199 2890 3263; x_wconf 68' lang='lat' dir='ltr'><strong>exem-pta</strong></span> <span class='ocrx_word' id='word_1_269' title='bbox 2932 3193 3169 3247; x_wconf 62' lang='lat' dir='ltr'><strong>Evnmer.</strong></span> 
     </span>
     <span class='ocr_line' id='line_1_29' title="bbox 554 3271 3176 3345; baseline 0 -17"><span class='ocrx_word' id='word_1_270' title='bbox 554 3273 836 3343; x_wconf 76' lang='lat' dir='ltr'><strong>Sanyerm.</strong></span> <span class='ocrx_word' id='word_1_271' title='bbox 886 3272 1065 3338; x_wconf 60' lang='lat' dir='ltr'><strong>Voss,</strong></span> <span class='ocrx_word' id='word_1_272' title='bbox 1102 3272 1276 3342; x_wconf 85' lang='lat' dir='ltr'><strong>priori</strong></span> <span class='ocrx_word' id='word_1_273' title='bbox 1314 3273 1562 3341; x_wconf 82' lang='lat' dir='ltr'><strong>syllabae</strong></span> <span class='ocrx_word' id='word_1_274' title='bbox 1599 3271 1901 3341; x_wconf 83' lang='lat' dir='ltr'><strong>iniungunt</strong></span> <span class='ocrx_word' id='word_1_275' title='bbox 1938 3274 1995 3326; x_wconf 89' lang='lat' dir='ltr'><em>P</em></span> <span class='ocrx_word' id='word_1_276' title='bbox 2027 3274 2202 3344; x_wconf 90' lang='lat' dir='ltr'><strong>priori</strong></span> <span class='ocrx_word' id='word_1_277' title='bbox 2243 3274 2495 3343; x_wconf 80' lang='lat' dir='ltr'><strong>syllabae</strong></span> <span class='ocrx_word' id='word_1_278' title='bbox 2534 3274 2879 3345; x_wconf 85' lang='lat' dir='ltr'><strong>coniungunt</strong></span> <span class='ocrx_word' id='word_1_279' title='bbox 2914 3294 2958 3327; x_wconf 86' lang='grc' dir='ltr'><em>ω</em></span> <span class='ocrx_word' id='word_1_280' title='bbox 3001 3274 3176 3344; x_wconf 89' lang='lat' dir='ltr'><strong>priori</strong></span> 
     </span>
     <span class='ocr_line' id='line_1_30' title="bbox 555 3351 3029 3424; baseline 0 -17"><span class='ocrx_word' id='word_1_281' title='bbox 555 3355 798 3424; x_wconf 84' lang='lat' dir='ltr'><strong>iungunt</strong></span> <span class='ocrx_word' id='word_1_282' title='bbox 830 3353 885 3406; x_wconf 89' lang='grc' dir='ltr'><strong><em>Β</em></strong></span> <span class='ocrx_word' id='word_1_283' title='bbox 1031 3359 1063 3406; x_wconf 81' lang='lat'><strong>2</strong></span> <span class='ocrx_word' id='word_1_284' title='bbox 1102 3354 1188 3407; x_wconf 88' lang='lat' dir='ltr'><strong>est</strong></span> <span class='ocrx_word' id='word_1_285' title='bbox 1234 3352 1380 3407; x_wconf 90' lang='lat' dir='ltr'><strong>enim</strong></span> <span class='ocrx_word' id='word_1_286' title='bbox 1427 3351 1614 3407; x_wconf 87' lang='lat' dir='ltr'><strong>nescio</strong></span> <span class='ocrx_word' id='word_1_287' title='bbox 1662 3370 1774 3409; x_wconf 87' lang='lat' dir='ltr'><strong>non</strong></span> <span class='ocrx_word' id='word_1_288' title='bbox 1818 3351 1934 3407; x_wconf 89' lang='lat' dir='ltr'><strong>scio</strong></span> <span class='ocrx_word' id='word_1_289' title='bbox 1979 3359 2231 3424; x_wconf 64' lang='lat' dir='ltr'><strong>exempta</strong></span> <span class='ocrx_word' id='word_1_290' title='bbox 2267 3354 2505 3408; x_wconf 78' lang='lat' dir='ltr'><strong>Emmer.</strong></span> <span class='ocrx_word' id='word_1_291' title='bbox 2546 3354 2827 3424; x_wconf 75' lang='lat' dir='ltr'><strong>Sanqerm.</strong></span> <span class='ocrx_word' id='word_1_292' title='bbox 2882 3354 3029 3408; x_wconf 75' lang='lat' dir='ltr'><strong>Voss.</strong></span> 
     </span>
    </p>

    <p class='ocr_par' dir='ltr' id='par_1_7' title="bbox 554 3429 3176 3819">
     <span class='ocr_line' id='line_1_31' title="bbox 554 3429 3176 3503; baseline 0 -17"><span class='ocrx_word' id='word_1_293' title='bbox 554 3439 585 3487; x_wconf 89' lang='lat'><strong>3</strong></span> <span class='ocrx_word' id='word_1_294' title='bbox 630 3435 782 3503; x_wconf 84' lang='lat' dir='ltr'><strong>Aput</strong></span> <span class='ocrx_word' id='word_1_295' title='bbox 829 3432 1090 3500; x_wconf 87' lang='lat' dir='ltr'><strong>antiquos</strong></span> <span class='ocrx_word' id='word_1_296' title='bbox 1137 3429 1415 3501; x_wconf 83' lang='lat' dir='ltr'><strong>significat</strong></span> <span class='ocrx_word' id='word_1_297' title='bbox 1460 3431 1741 3486; x_wconf 86' lang='lat' dir='ltr'><strong>nifrendes</strong></span> <span class='ocrx_word' id='word_1_298' title='bbox 1783 3431 1841 3484; x_wconf 89' lang='lat' dir='ltr'><em>P</em></span> <span class='ocrx_word' id='word_1_299' title='bbox 1882 3432 2034 3500; x_wconf 79' lang='lat' dir='ltr'><strong>apud</strong></span> <span class='ocrx_word' id='word_1_300' title='bbox 2070 3434 2333 3503; x_wconf 87' lang='lat' dir='ltr'><strong>antiquos</strong></span> <span class='ocrx_word' id='word_1_301' title='bbox 2370 3435 2435 3487; x_wconf 88' lang='lat' dir='ltr'><strong>ut</strong></span> <span class='ocrx_word' id='word_1_302' title='bbox 2481 3432 2774 3488; x_wconf 84' lang='lat' dir='ltr'><strong>nefrendes</strong></span> <span class='ocrx_word' id='word_1_303' title='bbox 2812 3453 2873 3488; x_wconf 85' lang='grc' dir='ltr'><strong>ω.</strong></span> <span class='ocrx_word' id='word_1_304' title='bbox 2943 3432 3176 3500; x_wconf 80' lang='lat' dir='ltr'><strong>fortasse</strong></span> 
     </span>
     <span class='ocr_line' id='line_1_32' title="bbox 555 3510 3172 3585; baseline 0 -18"><span class='ocrx_word' id='word_1_305' title='bbox 555 3512 707 3582; x_wconf 87' lang='lat' dir='ltr'><strong>apud</strong></span> <span class='ocrx_word' id='word_1_306' title='bbox 738 3511 1024 3581; x_wconf 86' lang='lat' dir='ltr'><strong>antiquos,</strong></span> <span class='ocrx_word' id='word_1_307' title='bbox 1063 3511 1210 3566; x_wconf 87' lang='lat' dir='ltr'><strong>sieut</strong></span> <span class='ocrx_word' id='word_1_308' title='bbox 1245 3511 1509 3567; x_wconf 82' lang='lat' dir='ltr'><strong>dicebant</strong></span> <span class='ocrx_word' id='word_1_309' title='bbox 1538 3510 1831 3566; x_wconf 87' lang='lat' dir='ltr'><strong>nefrendes</strong></span> <span class='ocrx_word' id='word_1_310' title='bbox 1975 3512 2287 3585; x_wconf 88' lang='lat' dir='ltr'><strong>nefrendes]</strong></span> <span class='ocrx_word' id='word_1_311' title='bbox 2330 3513 2492 3568; x_wconf 82' lang='lat' dir='ltr'><strong>Varr.</strong></span> <span class='ocrx_word' id='word_1_312' title='bbox 2521 3531 2567 3570; x_wconf 79' lang='lat' dir='ltr'><strong>r.</strong></span> <span class='ocrx_word' id='word_1_313' title='bbox 2598 3530 2645 3568; x_wconf 86' lang='lat' dir='ltr'><strong>r.</strong></span> <span class='ocrx_word' id='word_1_314' title='bbox 2677 3515 2762 3567; x_wconf 93' lang='lat' dir='ltr'><strong>II</strong></span> <span class='ocrx_word' id='word_1_315' title='bbox 2784 3518 2838 3580; x_wconf 75' lang='lat'><strong>4,</strong></span> <span class='ocrx_word' id='word_1_316' title='bbox 2865 3519 2937 3569; x_wconf 89' lang='grc'><strong>17</strong></span> <span class='ocrx_word' id='word_1_317' title='bbox 2966 3513 3172 3568; x_wconf 85' lang='lat' dir='ltr'><strong>amisso</strong></span> 
     </span>
     <span class='ocr_line' id='line_1_33' title="bbox 556 3591 3175 3662; baseline -0.001 -14"><span class='ocrx_word' id='word_1_318' title='bbox 556 3592 780 3648; x_wconf 88' lang='lat' dir='ltr'><strong>nomine</strong></span> <span class='ocrx_word' id='word_1_319' title='bbox 817 3593 1079 3648; x_wconf 83' lang='lat' dir='ltr'><strong>lactentis</strong></span> <span class='ocrx_word' id='word_1_320' title='bbox 1108 3593 1371 3648; x_wconf 87' lang='lat' dir='ltr'><strong>dicuntur</strong></span> <span class='ocrx_word' id='word_1_321' title='bbox 1397 3591 1691 3647; x_wconf 87' lang='lat' dir='ltr'><strong>nefrendes</strong></span> <span class='ocrx_word' id='word_1_322' title='bbox 1720 3593 1794 3647; x_wconf 87' lang='lat' dir='ltr'><strong>ab</strong></span> <span class='ocrx_word' id='word_1_323' title='bbox 1825 3607 1915 3659; x_wconf 88' lang='lat' dir='ltr'><strong>eo,</strong></span> <span class='ocrx_word' id='word_1_324' title='bbox 1954 3593 2106 3660; x_wconf 88' lang='lat' dir='ltr'><strong>quod</strong></span> <span class='ocrx_word' id='word_1_325' title='bbox 2132 3594 2380 3649; x_wconf 90' lang='lat' dir='ltr'><strong>nondum</strong></span> <span class='ocrx_word' id='word_1_326' title='bbox 2407 3592 2597 3647; x_wconf 83' lang='lat' dir='ltr'><strong>fabam</strong></span> <span class='ocrx_word' id='word_1_327' title='bbox 2634 3591 2889 3647; x_wconf 83' lang='lat' dir='ltr'><strong>frendere</strong></span> <span class='ocrx_word' id='word_1_328' title='bbox 2927 3594 3175 3662; x_wconf 76' lang='lat' dir='ltr'><strong>possunt,</strong></span> 
     </span>
     <span class='ocr_line' id='line_1_34' title="bbox 554 3671 3176 3742; baseline 0 -16"><span class='ocrx_word' id='word_1_329' title='bbox 554 3672 615 3726; x_wconf 86' lang='lat' dir='ltr'><strong>id</strong></span> <span class='ocrx_word' id='word_1_330' title='bbox 655 3674 742 3727; x_wconf 91' lang='lat' dir='ltr'><strong>est</strong></span> <span class='ocrx_word' id='word_1_331' title='bbox 775 3672 1062 3742; x_wconf 79' lang='lat' dir='ltr'><strong>frangere:</strong></span> <span class='ocrx_word' id='word_1_332' title='bbox 1112 3675 1182 3740; x_wconf 77' lang='lat' dir='ltr'><strong>cf.</strong></span> <span class='ocrx_word' id='word_1_333' title='bbox 1218 3673 1369 3730; x_wconf 77' lang='lat' dir='ltr'><strong>Feat.</strong></span> <span class='ocrx_word' id='word_1_334' title='bbox 1406 3690 1462 3742; x_wconf 81' lang='lat' dir='ltr'><strong>p.</strong></span> <span class='ocrx_word' id='word_1_335' title='bbox 1501 3677 1615 3727; x_wconf 82' lang='lat'><strong>162</strong></span> <span class='ocrx_word' id='word_1_336' title='bbox 1762 3679 1792 3726; x_wconf 85' lang='lat'><strong>5</strong></span> <span class='ocrx_word' id='word_1_337' title='bbox 1833 3671 2076 3728; x_wconf 86' lang='lat' dir='ltr'><strong>diductis</strong></span> <span class='ocrx_word' id='word_1_338' title='bbox 2117 3675 2223 3728; x_wconf 86' lang='grc' dir='ltr'><strong>Ρω</strong></span> <span class='ocrx_word' id='word_1_339' title='bbox 2262 3671 2515 3729; x_wconf 84' lang='lat' dir='ltr'><strong>deductis</strong></span> <span class='ocrx_word' id='word_1_340' title='bbox 2550 3672 2606 3725; x_wconf 96' lang='grc' dir='ltr'><strong><em>Β</em></strong></span> <span class='ocrx_word' id='word_1_341' title='bbox 2751 3679 2784 3727; x_wconf 81' lang='grc'><strong>6</strong></span> <span class='ocrx_word' id='word_1_342' title='bbox 2823 3672 3176 3726; x_wconf 86' lang='grc' dir='ltr'>ΗΓΥΜΟΛΟ-</span> 
     </span>
     <span class='ocr_line' id='line_1_35' title="bbox 554 3752 3056 3819; baseline 0 -13"><span class='ocrx_word' id='word_1_343' title='bbox 554 3753 707 3806; x_wconf 90' lang='grc' dir='ltr'>ΤΙΑΝ</span> <span class='ocrx_word' id='word_1_344' title='bbox 757 3752 812 3805; x_wconf 90' lang='grc' dir='ltr'>Β</span> <span class='ocrx_word' id='word_1_345' title='bbox 860 3753 1255 3809; x_wconf 75' lang='grc' dir='ltr'>ΕΤΥΜΛΓΙΑΝ</span> <span class='ocrx_word' id='word_1_346' title='bbox 1308 3754 1364 3807; x_wconf 89' lang='grc' dir='ltr'><em>Ρ</em></span> <span class='ocrx_word' id='word_1_347' title='bbox 1532 3758 1562 3806; x_wconf 80' lang='grc'><strong>’1</strong></span> <span class='ocrx_word' id='word_1_348' title='bbox 1603 3755 1659 3808; x_wconf 87' lang='lat' dir='ltr'><strong>et</strong></span> <span class='ocrx_word' id='word_1_349' title='bbox 1695 3770 1795 3806; x_wconf 83' lang='lat' dir='ltr'><strong>om.</strong></span> <span class='ocrx_word' id='word_1_350' title='bbox 1837 3773 1880 3807; x_wconf 88' lang='grc' dir='ltr'><strong><em>ω</em></strong></span> <span class='ocrx_word' id='word_1_351' title='bbox 2051 3760 2084 3808; x_wconf 87' lang='grc'>8</span> <span class='ocrx_word' id='word_1_352' title='bbox 2122 3755 2160 3809; x_wconf 81' lang='lat' dir='ltr'><strong>d</strong></span> <span class='ocrx_word' id='word_1_353' title='bbox 2197 3771 2296 3808; x_wconf 88' lang='lat' dir='ltr'><strong>om.</strong></span> <span class='ocrx_word' id='word_1_354' title='bbox 2334 3753 2390 3806; x_wconf 91' lang='grc' dir='ltr'><strong><em>Β</em></strong></span> <span class='ocrx_word' id='word_1_355' title='bbox 2405 3753 2538 3819; x_wconf 85' lang='grc' dir='ltr'><strong>Ρω,</strong></span> <span class='ocrx_word' id='word_1_356' title='bbox 2589 3752 2717 3807; x_wconf 81' lang='lat' dir='ltr'><strong>add.</strong></span> <span class='ocrx_word' id='word_1_357' title='bbox 2760 3753 3056 3807; x_wconf 74' lang='lat' dir='ltr'><strong>Putschius</strong></span> 
     </span>
    </p>

    <p class='ocr_par' dir='ltr' id='par_1_8' title="bbox 558 3829 3184 4944">
     <span class='ocr_line' id='line_1_36' title="bbox 558 3829 3177 3901; baseline 0.001 -17"><span class='ocrx_word' id='word_1_358' title='bbox 558 3838 589 3885; x_wconf 87' lang='lat'>9</span> <span class='ocrx_word' id='word_1_359' title='bbox 628 3830 890 3886; x_wconf 86' lang='lat' dir='ltr'><strong>dixerunt</strong></span> <span class='ocrx_word' id='word_1_360' title='bbox 923 3834 1099 3887; x_wconf 88' lang='grc' dir='ltr'><strong>ΒΡω</strong></span> <span class='ocrx_word' id='word_1_361' title='bbox 1278 3839 1341 3887; x_wconf 90' lang='grc'><strong>10</strong></span> <span class='ocrx_word' id='word_1_362' title='bbox 1380 3833 1671 3887; x_wconf 84' lang='lat' dir='ltr'><strong>scribendo</strong></span> <span class='ocrx_word' id='word_1_363' title='bbox 1710 3852 1753 3885; x_wconf 86' lang='grc' dir='ltr'><strong>ω</strong></span> <span class='ocrx_word' id='word_1_364' title='bbox 1927 3851 1963 3888; x_wconf 90' lang='lat' dir='ltr'><strong>a</strong></span> <span class='ocrx_word' id='word_1_365' title='bbox 2000 3835 2139 3890; x_wconf 84' lang='lat' dir='ltr'><strong>chao</strong></span> <span class='ocrx_word' id='word_1_366' title='bbox 2182 3834 2287 3887; x_wconf 88' lang='grc' dir='ltr'><strong>Ρω</strong></span> <span class='ocrx_word' id='word_1_367' title='bbox 2326 3849 2362 3887; x_wconf 88' lang='lat' dir='ltr'><strong>a</strong></span> <span class='ocrx_word' id='word_1_368' title='bbox 2399 3832 2504 3886; x_wconf 84' lang='lat' dir='ltr'><strong>eho</strong></span> <span class='ocrx_word' id='word_1_369' title='bbox 2540 3831 2624 3885; x_wconf 88' lang='lat' dir='ltr'><strong>B:</strong></span> <span class='ocrx_word' id='word_1_370' title='bbox 2658 3829 2863 3888; x_wconf 86' lang='lat' dir='ltr'><strong>inchoo</strong></span> <span class='ocrx_word' id='word_1_371' title='bbox 2898 3832 3177 3901; x_wconf 80' lang='lat' dir='ltr'><strong>inchoavi,</strong></span> 
     </span>
     <span class='ocr_line' id='line_1_37' title="bbox 558 3910 3177 3984; baseline 0 -19"><span class='ocrx_word' id='word_1_372' title='bbox 558 3910 637 3965; x_wconf 91' lang='lat' dir='ltr'><strong>sic</strong></span> <span class='ocrx_word' id='word_1_373' title='bbox 675 3910 971 3966; x_wconf 84' lang='lat' dir='ltr'><strong>dicendum</strong></span> <span class='ocrx_word' id='word_1_374' title='bbox 1019 3914 1184 3983; x_wconf 83' lang='lat' dir='ltr'><strong>putat</strong></span> <span class='ocrx_word' id='word_1_375' title='bbox 1220 3913 1394 3966; x_wconf 89' lang='lat' dir='ltr'><strong>lulius</strong></span> <span class='ocrx_word' id='word_1_376' title='bbox 1432 3912 1744 3982; x_wconf 86' lang='lat' dir='ltr'><strong>Modestus,</strong></span> <span class='ocrx_word' id='word_1_377' title='bbox 1792 3914 1926 3983; x_wconf 85' lang='lat' dir='ltr'><strong>quia</strong></span> <span class='ocrx_word' id='word_1_378' title='bbox 1976 3915 2052 3970; x_wconf 84' lang='lat' dir='ltr'><strong>sit</strong></span> <span class='ocrx_word' id='word_1_379' title='bbox 2088 3914 2458 3984; x_wconf 87' lang='lat' dir='ltr'><strong>compositum</strong></span> <span class='ocrx_word' id='word_1_380' title='bbox 2495 3930 2531 3968; x_wconf 86' lang='lat' dir='ltr'><strong>a</strong></span> <span class='ocrx_word' id='word_1_381' title='bbox 2568 3913 2736 3981; x_wconf 88' lang='lat' dir='ltr'><strong>chao,</strong></span> <span class='ocrx_word' id='word_1_382' title='bbox 2783 3912 2946 3967; x_wconf 84' lang='lat' dir='ltr'><strong>initio</strong></span> <span class='ocrx_word' id='word_1_383' title='bbox 2992 3930 3177 3967; x_wconf 89' lang='lat' dir='ltr'><strong>rerum</strong></span> 
     </span>
     <span class='ocr_line' id='line_1_38' title="bbox 560 3990 3173 4060; baseline 0 -16"><span class='ocrx_word' id='word_1_384' title='bbox 560 3990 850 4046; x_wconf 77' lang='lat' dir='ltr'><strong>Diomedes</strong></span> <span class='ocrx_word' id='word_1_385' title='bbox 876 4009 938 4060; x_wconf 79' lang='lat' dir='ltr'><strong>p.</strong></span> <span class='ocrx_word' id='word_1_386' title='bbox 977 3998 1107 4060; x_wconf 85' lang='lat'><strong>365,</strong></span> <span class='ocrx_word' id='word_1_387' title='bbox 1143 3999 1233 4047; x_wconf 89' lang='grc'><strong>16.</strong></span> <span class='ocrx_word' id='word_1_388' title='bbox 1272 3993 1341 4060; x_wconf 82' lang='lat' dir='ltr'><strong>cf.</strong></span> <span class='ocrx_word' id='word_1_389' title='bbox 1382 3991 1545 4046; x_wconf 72' lang='lat' dir='ltr'><strong>Varr.</strong></span> <span class='ocrx_word' id='word_1_390' title='bbox 1584 3994 1649 4047; x_wconf 81' lang='lat' dir='ltr'><strong>de</strong></span> <span class='ocrx_word' id='word_1_391' title='bbox 1685 3993 1720 4048; x_wconf 84' lang='lat' dir='ltr'><strong>l.</strong></span> <span class='ocrx_word' id='word_1_392' title='bbox 1760 3995 1793 4048; x_wconf 85' lang='lat' dir='ltr'><strong>l.</strong></span> <span class='ocrx_word' id='word_1_393' title='bbox 1846 3995 1897 4049; x_wconf 84' lang='lat' dir='ltr'><strong><em>V</em></strong></span> <span class='ocrx_word' id='word_1_394' title='bbox 1929 4001 1999 4050; x_wconf 88' lang='lat'><strong>19</strong></span> <span class='ocrx_word' id='word_1_395' title='bbox 2167 4000 2231 4048; x_wconf 89' lang='lat'><strong>11</strong></span> <span class='ocrx_word' id='word_1_396' title='bbox 2272 3993 2348 4048; x_wconf 88' lang='lat' dir='ltr'><strong>sit</strong></span> <span class='ocrx_word' id='word_1_397' title='bbox 2384 4009 2483 4048; x_wconf 85' lang='lat' dir='ltr'><strong>om.</strong></span> <span class='ocrx_word' id='word_1_398' title='bbox 2522 3993 2698 4052; x_wconf 85' lang='grc' dir='ltr'><strong>ΒΡω</strong></span> <span class='ocrx_word' id='word_1_399' title='bbox 2876 3999 2940 4046; x_wconf 82' lang='lat'><strong>12</strong></span> <span class='ocrx_word' id='word_1_400' title='bbox 2978 4007 3173 4047; x_wconf 88' lang='lat' dir='ltr'><strong>ecuum</strong></span> 
     </span>
     <span class='ocr_line' id='line_1_39' title="bbox 559 4071 3175 4144; baseline 0 -20"><span class='ocrx_word' id='word_1_401' title='bbox 559 4071 716 4138; x_wconf 80' lang='lat' dir='ltr'><strong>(corr.</strong></span> <span class='ocrx_word' id='word_1_402' title='bbox 757 4074 945 4142; x_wconf 86' lang='lat' dir='ltr'><strong>equm)</strong></span> <span class='ocrx_word' id='word_1_403' title='bbox 993 4077 1051 4129; x_wconf 87' lang='lat' dir='ltr'><strong>et</strong></span> <span class='ocrx_word' id='word_1_404' title='bbox 1097 4090 1319 4128; x_wconf 90' lang='lat' dir='ltr'><strong>seruum</strong></span> <span class='ocrx_word' id='word_1_405' title='bbox 1354 4073 1409 4126; x_wconf 89' lang='grc' dir='ltr'><strong><em>Β</em></strong></span> <span class='ocrx_word' id='word_1_406' title='bbox 1457 4090 1674 4128; x_wconf 85' lang='lat' dir='ltr'><strong>seruum</strong></span> <span class='ocrx_word' id='word_1_407' title='bbox 1717 4074 1774 4127; x_wconf 88' lang='lat' dir='ltr'><strong>et</strong></span> <span class='ocrx_word' id='word_1_408' title='bbox 1820 4091 2047 4130; x_wconf 85' lang='lat' dir='ltr'><strong>ceruum</strong></span> <span class='ocrx_word' id='word_1_409' title='bbox 2089 4075 2214 4144; x_wconf 85' lang='grc' dir='ltr'><strong>Ρω,</strong></span> <span class='ocrx_word' id='word_1_410' title='bbox 2253 4088 2457 4142; x_wconf 89' lang='lat' dir='ltr'><strong>equom</strong></span> <span class='ocrx_word' id='word_1_411' title='bbox 2495 4073 2554 4126; x_wconf 90' lang='lat' dir='ltr'><strong>et</strong></span> <span class='ocrx_word' id='word_1_412' title='bbox 2603 4088 2823 4126; x_wconf 87' lang='lat' dir='ltr'><strong>seruom</strong></span> <span class='ocrx_word' id='word_1_413' title='bbox 2864 4071 3175 4125; x_wconf 63' lang='lat' dir='ltr'><strong>Putschim.</strong></span> 
     </span>
     <span class='ocr_line' id='line_1_40' title="bbox 558 4151 3180 4225; baseline 0 -20"><span class='ocrx_word' id='word_1_414' title='bbox 558 4152 791 4217; x_wconf 79' lang='lat' dir='ltr'><strong>fortasse</strong></span> <span class='ocrx_word' id='word_1_415' title='bbox 826 4168 1030 4222; x_wconf 86' lang='lat' dir='ltr'><strong>equum</strong></span> <span class='ocrx_word' id='word_1_416' title='bbox 1069 4169 1293 4209; x_wconf 82' lang='lat' dir='ltr'><strong>servum</strong></span> <span class='ocrx_word' id='word_1_417' title='bbox 1329 4155 1389 4208; x_wconf 86' lang='lat' dir='ltr'><strong>et</strong></span> <span class='ocrx_word' id='word_1_418' title='bbox 1437 4152 1644 4207; x_wconf 87' lang='lat' dir='ltr'><strong>similia</strong></span> <span class='ocrx_word' id='word_1_419' title='bbox 1690 4169 1789 4223; x_wconf 88' lang='lat' dir='ltr'><strong>per</strong></span> <span class='ocrx_word' id='word_1_420' title='bbox 1825 4154 1936 4208; x_wconf 87' lang='lat' dir='ltr'><strong>duo</strong></span> <span class='ocrx_word' id='word_1_421' title='bbox 1973 4173 2010 4208; x_wconf 88' lang='lat' dir='ltr'><strong>n</strong></span> <span class='ocrx_word' id='word_1_422' title='bbox 2048 4154 2250 4209; x_wconf 87' lang='lat' dir='ltr'><strong>debere</strong></span> <span class='ocrx_word' id='word_1_423' title='bbox 2287 4152 2456 4225; x_wconf 79' lang='lat' dir='ltr'><strong>scribi</strong></span> <span class='ocrx_word' id='word_1_424' title='bbox 2626 4151 2818 4207; x_wconf 86' lang='lat' dir='ltr'><strong>deberi</strong></span> <span class='ocrx_word' id='word_1_425' title='bbox 2858 4153 2915 4206; x_wconf 91' lang='lat' dir='ltr'><em>P</em></span> <span class='ocrx_word' id='word_1_426' title='bbox 3081 4167 3180 4222; x_wconf 87' lang='lat' dir='ltr'><strong>per</strong></span> 
     </span>
     <span class='ocr_line' id='line_1_41' title="bbox 558 4231 3179 4304; baseline 0.001 -20"><span class='ocrx_word' id='word_1_427' title='bbox 558 4245 631 4284; x_wconf 88' lang='lat' dir='ltr'><strong>uo</strong></span> <span class='ocrx_word' id='word_1_428' title='bbox 669 4231 992 4302; x_wconf 74' lang='lat' dir='ltr'><strong>scripserint</strong></span> <span class='ocrx_word' id='word_1_429' title='bbox 1030 4235 1351 4303; x_wconf 66' lang='lat' dir='ltr'><strong>Puteo-hius,</strong></span> <span class='ocrx_word' id='word_1_430' title='bbox 1388 4250 1489 4303; x_wconf 88' lang='lat' dir='ltr'><strong>per</strong></span> <span class='ocrx_word' id='word_1_431' title='bbox 1524 4249 1626 4288; x_wconf 90' lang='lat' dir='ltr'><strong>uos</strong></span> <span class='ocrx_word' id='word_1_432' title='bbox 1661 4233 1985 4304; x_wconf 89' lang='lat' dir='ltr'><strong>scripserint</strong></span> <span class='ocrx_word' id='word_1_433' title='bbox 2024 4235 2130 4288; x_wconf 88' lang='grc' dir='ltr'><strong>Ρω</strong></span> <span class='ocrx_word' id='word_1_434' title='bbox 2170 4250 2271 4304; x_wconf 90' lang='lat' dir='ltr'><strong>per</strong></span> <span class='ocrx_word' id='word_1_435' title='bbox 2304 4250 2405 4289; x_wconf 88' lang='lat' dir='ltr'><strong>uos</strong></span> <span class='ocrx_word' id='word_1_436' title='bbox 2442 4233 2677 4303; x_wconf 66' lang='lat' dir='ltr'><strong>scripse?</strong></span> <span class='ocrx_word' id='word_1_437' title='bbox 2715 4232 2771 4285; x_wconf 92' lang='grc' dir='ltr'><strong><em>Β</em></strong></span> <span class='ocrx_word' id='word_1_438' title='bbox 2952 4238 3019 4286; x_wconf 84' lang='grc'><strong>14</strong></span> <span class='ocrx_word' id='word_1_439' title='bbox 3056 4248 3179 4302; x_wconf 88' lang='lat' dir='ltr'><strong>per·</strong></span> 
     </span>
     <span class='ocr_line' id='line_1_42' title="bbox 559 4311 3179 4383; baseline 0.001 -19"><span class='ocrx_word' id='word_1_440' title='bbox 559 4311 840 4383; x_wconf 83' lang='lat' dir='ltr'><strong>seuerare]</strong></span> <span class='ocrx_word' id='word_1_441' title='bbox 879 4330 1131 4370; x_wconf 82' lang='lat' dir='ltr'><strong>seuerare</strong></span> <span class='ocrx_word' id='word_1_442' title='bbox 1167 4314 1223 4368; x_wconf 90' lang='grc' dir='ltr'><strong><em>Β</em></strong></span> <span class='ocrx_word' id='word_1_443' title='bbox 1263 4330 1483 4370; x_wconf 87' lang='lat' dir='ltr'><strong>seruare</strong></span> <span class='ocrx_word' id='word_1_444' title='bbox 1524 4313 1580 4366; x_wconf 90' lang='lat' dir='ltr'><em>P</em></span> <span class='ocrx_word' id='word_1_445' title='bbox 1613 4313 1824 4367; x_wconf 84' lang='lat' dir='ltr'><strong>seruari</strong></span> <span class='ocrx_word' id='word_1_446' title='bbox 1861 4334 1903 4368; x_wconf 85' lang='grc' dir='ltr'><em>ω</em></span> <span class='ocrx_word' id='word_1_447' title='bbox 2097 4320 2162 4368; x_wconf 88' lang='grc'><strong>16</strong></span> <span class='ocrx_word' id='word_1_448' title='bbox 2201 4330 2343 4382; x_wconf 86' lang='lat' dir='ltr'><strong>quae</strong></span> <span class='ocrx_word' id='word_1_449' title='bbox 2381 4312 2458 4369; x_wconf 87' lang='lat' dir='ltr'><strong>sit</strong></span> <span class='ocrx_word' id='word_1_450' title='bbox 2490 4313 2520 4367; x_wconf 87' lang='lat' dir='ltr'><strong>f</strong></span> <span class='ocrx_word' id='word_1_451' title='bbox 2549 4333 2593 4366; x_wconf 87' lang='grc' dir='ltr'><strong><em>ω</em></strong></span> <span class='ocrx_word' id='word_1_452' title='bbox 2631 4311 2917 4381; x_wconf 78' lang='lat' dir='ltr'><strong>quaesitae</strong></span> <span class='ocrx_word' id='word_1_453' title='bbox 2952 4311 3007 4364; x_wconf 97' lang='grc' dir='ltr'><strong><em>Β</em></strong></span> <span class='ocrx_word' id='word_1_454' title='bbox 3045 4328 3179 4380; x_wconf 80' lang='lat' dir='ltr'><strong>que·</strong></span> 
     </span>
     <span class='ocr_line' id='line_1_43' title="bbox 559 4389 3180 4464; baseline 0 -20"><span class='ocrx_word' id='word_1_455' title='bbox 559 4389 664 4446; x_wconf 85' lang='lat' dir='ltr'><strong>site</strong></span> <span class='ocrx_word' id='word_1_456' title='bbox 703 4392 759 4445; x_wconf 91' lang='lat' dir='ltr'><em>P</em></span> <span class='ocrx_word' id='word_1_457' title='bbox 905 4394 1177 4464; x_wconf 82' lang='lat' dir='ltr'><strong>singulari</strong></span> <span class='ocrx_word' id='word_1_458' title='bbox 1213 4411 1249 4449; x_wconf 88' lang='lat' dir='ltr'><strong>a</strong></span> <span class='ocrx_word' id='word_1_459' title='bbox 1284 4393 1446 4450; x_wconf 84' lang='lat' dir='ltr'><strong>finita</strong></span> <span class='ocrx_word' id='word_1_460' title='bbox 1481 4412 1525 4446; x_wconf 87' lang='grc' dir='ltr'><em>ω</em></span> <span class='ocrx_word' id='word_1_461' title='bbox 1563 4391 1851 4463; x_wconf 82' lang='lat' dir='ltr'><strong>singulari.</strong></span> <span class='ocrx_word' id='word_1_462' title='bbox 1891 4395 1954 4450; x_wconf 90' lang='lat' dir='ltr'><strong>L.</strong></span> <span class='ocrx_word' id='word_1_463' title='bbox 1993 4394 2152 4449; x_wconf 88' lang='lat' dir='ltr'><strong>finita.</strong></span> <span class='ocrx_word' id='word_1_464' title='bbox 2178 4394 2233 4447; x_wconf 93' lang='grc' dir='ltr'><strong><em>Β</em></strong></span> <span class='ocrx_word' id='word_1_465' title='bbox 2273 4393 2496 4463; x_wconf 82' lang='lat' dir='ltr'><strong>singula</strong></span> <span class='ocrx_word' id='word_1_466' title='bbox 2529 4393 2590 4447; x_wconf 85' lang='lat' dir='ltr'><strong>id</strong></span> <span class='ocrx_word' id='word_1_467' title='bbox 2628 4392 2715 4447; x_wconf 87' lang='lat' dir='ltr'><strong>est</strong></span> <span class='ocrx_word' id='word_1_468' title='bbox 2750 4390 2908 4445; x_wconf 80' lang='lat' dir='ltr'><strong>finita</strong></span> <span class='ocrx_word' id='word_1_469' title='bbox 2943 4390 3012 4446; x_wconf 92' lang='lat' dir='ltr'><strong>P.</strong></span> <span class='ocrx_word' id='word_1_470' title='bbox 3066 4392 3180 4458; x_wconf 80' lang='lat' dir='ltr'><strong>for-</strong></span> 
     </span>
     <span class='ocr_line' id='line_1_44' title="bbox 562 4469 3177 4545; baseline -0.001 -19"><span class='ocrx_word' id='word_1_471' title='bbox 562 4476 703 4528; x_wconf 81' lang='lat' dir='ltr'><strong>tasse</strong></span> <span class='ocrx_word' id='word_1_472' title='bbox 741 4491 775 4528; x_wconf 88' lang='lat' dir='ltr'><strong>a</strong></span> <span class='ocrx_word' id='word_1_473' title='bbox 810 4472 1001 4528; x_wconf 81' lang='lat' dir='ltr'><strong>Httera</strong></span> <span class='ocrx_word' id='word_1_474' title='bbox 1038 4474 1197 4530; x_wconf 86' lang='lat' dir='ltr'><strong>finita</strong></span> <span class='ocrx_word' id='word_1_475' title='bbox 1232 4481 1282 4530; x_wconf 83' lang='lat' dir='ltr'><strong>et</strong></span> <span class='ocrx_word' id='word_1_476' title='bbox 1317 4476 1510 4531; x_wconf 76' lang='lat' dir='ltr'><strong>deinde</strong></span> <span class='ocrx_word' id='word_1_477' title='bbox 1546 4474 1846 4545; x_wconf 85' lang='lat' dir='ltr'><strong>adsumpta</strong></span> <span class='ocrx_word' id='word_1_478' title='bbox 1872 4494 1899 4530; x_wconf 89' lang='lat' dir='ltr'><strong>s</strong></span> <span class='ocrx_word' id='word_1_479' title='bbox 1923 4474 2118 4531; x_wconf 82' lang='lat' dir='ltr'><strong>littera</strong></span> <span class='ocrx_word' id='word_1_480' title='bbox 2143 4475 2438 4543; x_wconf 78' lang='lat' dir='ltr'><strong>scripserat</strong></span> <span class='ocrx_word' id='word_1_481' title='bbox 2472 4473 2863 4544; x_wconf 73' lang='lat' dir='ltr'><strong>qrammaticus</strong></span> <span class='ocrx_word' id='word_1_482' title='bbox 3018 4476 3081 4525; x_wconf 78' lang='lat'><strong>17</strong></span> <span class='ocrx_word' id='word_1_483' title='bbox 3118 4469 3177 4524; x_wconf 88' lang='lat' dir='ltr'><strong>in</strong></span> 
     </span>
     <span class='ocr_line' id='line_1_45' title="bbox 560 4552 3183 4622; baseline -0.002 -13"><span class='ocrx_word' id='word_1_484' title='bbox 560 4554 930 4610; x_wconf 87' lang='lat' dir='ltr'><strong>masculinum</strong></span> <span class='ocrx_word' id='word_1_485' title='bbox 958 4557 1277 4611; x_wconf 84' lang='lat' dir='ltr'><strong>transseant</strong></span> <span class='ocrx_word' id='word_1_486' title='bbox 1300 4556 1355 4610; x_wconf 92' lang='lat' dir='ltr'><em>P</em></span> <span class='ocrx_word' id='word_1_487' title='bbox 1378 4556 1437 4611; x_wconf 90' lang='lat' dir='ltr'><strong>in</strong></span> <span class='ocrx_word' id='word_1_488' title='bbox 1465 4553 1774 4610; x_wconf 80' lang='lat' dir='ltr'><strong>masculino</strong></span> <span class='ocrx_word' id='word_1_489' title='bbox 1801 4556 2090 4608; x_wconf 82' lang='lat' dir='ltr'><strong>transeant</strong></span> <span class='ocrx_word' id='word_1_490' title='bbox 2106 4553 2161 4606; x_wconf 90' lang='lat' dir='ltr'><em>B</em></span> <span class='ocrx_word' id='word_1_491' title='bbox 2293 4556 2356 4606; x_wconf 89' lang='lat'><strong>18</strong></span> <span class='ocrx_word' id='word_1_492' title='bbox 2387 4555 2672 4622; x_wconf 86' lang='lat' dir='ltr'><strong>assumpta</strong></span> <span class='ocrx_word' id='word_1_493' title='bbox 2698 4571 2725 4608; x_wconf 92' lang='lat' dir='ltr'><strong>s</strong></span> <span class='ocrx_word' id='word_1_494' title='bbox 2756 4553 2863 4606; x_wconf 89' lang='grc' dir='ltr'><strong>Ρω</strong></span> <span class='ocrx_word' id='word_1_495' title='bbox 2893 4552 3183 4620; x_wconf 81' lang='lat' dir='ltr'><strong>assumpta</strong></span> 
     </span>
     <span class='ocr_line' id='line_1_46' title="bbox 562 4630 3184 4704; baseline -0.002 -16"><span class='ocrx_word' id='word_1_496' title='bbox 562 4636 624 4689; x_wconf 91' lang='lat' dir='ltr'><strong>L.</strong></span> <span class='ocrx_word' id='word_1_497' title='bbox 661 4633 717 4688; x_wconf 91' lang='grc' dir='ltr'><strong><em>Β</em></strong></span> <span class='ocrx_word' id='word_1_498' title='bbox 871 4633 1188 4704; x_wconf 79' lang='lat' dir='ltr'><strong>significant</strong></span> <span class='ocrx_word' id='word_1_499' title='bbox 1221 4634 1398 4688; x_wconf 88' lang='grc' dir='ltr'><strong>ΒΡω</strong></span> <span class='ocrx_word' id='word_1_500' title='bbox 1568 4639 1632 4687; x_wconf 85' lang='grc'><strong>19</strong></span> <span class='ocrx_word' id='word_1_501' title='bbox 1671 4634 1730 4687; x_wconf 93' lang='lat' dir='ltr'><strong>et</strong></span> <span class='ocrx_word' id='word_1_502' title='bbox 1765 4648 1913 4701; x_wconf 86' lang='lat' dir='ltr'><strong>equa</strong></span> <span class='ocrx_word' id='word_1_503' title='bbox 1949 4636 2008 4688; x_wconf 84' lang='lat' dir='ltr'><strong>et</strong></span> <span class='ocrx_word' id='word_1_504' title='bbox 2043 4631 2280 4688; x_wconf 87' lang='lat' dir='ltr'><strong>seruatis</strong></span> <span class='ocrx_word' id='word_1_505' title='bbox 2315 4631 2779 4702; x_wconf 80' lang='lat' dir='ltr'><strong>praecedentibus</strong></span> <span class='ocrx_word' id='word_1_506' title='bbox 2814 4630 3022 4687; x_wconf 84' lang='lat' dir='ltr'><strong>litteris</strong></span> <span class='ocrx_word' id='word_1_507' title='bbox 3057 4631 3184 4685; x_wconf 85' lang='lat' dir='ltr'><strong>BP</strong></span> 
     </span>
     <span class='ocr_line' id='line_1_47' title="bbox 568 4711 3179 4786; baseline -0.002 -17"><span class='ocrx_word' id='word_1_508' title='bbox 568 4717 627 4769; x_wconf 91' lang='lat' dir='ltr'><strong>et</strong></span> <span class='ocrx_word' id='word_1_509' title='bbox 662 4730 808 4782; x_wconf 81' lang='lat' dir='ltr'><strong>equa</strong></span> <span class='ocrx_word' id='word_1_510' title='bbox 845 4715 903 4769; x_wconf 81' lang='lat' dir='ltr'><strong>et</strong></span> <span class='ocrx_word' id='word_1_511' title='bbox 938 4732 1101 4770; x_wconf 88' lang='lat' dir='ltr'><strong>serua</strong></span> <span class='ocrx_word' id='word_1_512' title='bbox 1135 4713 1598 4786; x_wconf 78' lang='lat' dir='ltr'><strong>praecedentibus</strong></span> <span class='ocrx_word' id='word_1_513' title='bbox 1634 4711 1817 4767; x_wconf 83' lang='lat' dir='ltr'><strong>literis</strong></span> <span class='ocrx_word' id='word_1_514' title='bbox 1854 4713 2089 4769; x_wconf 81' lang='lat' dir='ltr'><strong>sematis</strong></span> <span class='ocrx_word' id='word_1_515' title='bbox 2117 4734 2160 4767; x_wconf 85' lang='grc' dir='ltr'><em>ω</em></span> <span class='ocrx_word' id='word_1_516' title='bbox 2308 4719 2374 4769; x_wconf 77' lang='lat'><strong>21</strong></span> <span class='ocrx_word' id='word_1_517' title='bbox 2413 4729 2514 4783; x_wconf 89' lang='lat' dir='ltr'><strong>per</strong></span> <span class='ocrx_word' id='word_1_518' title='bbox 2548 4729 2657 4769; x_wconf 89' lang='lat' dir='ltr'><strong>auo</strong></span> <span class='ocrx_word' id='word_1_519' title='bbox 2696 4714 2819 4782; x_wconf 87' lang='lat' dir='ltr'><strong>(per</strong></span> <span class='ocrx_word' id='word_1_520' title='bbox 2856 4728 2964 4767; x_wconf 85' lang='lat' dir='ltr'><strong>auo</strong></span> <span class='ocrx_word' id='word_1_521' title='bbox 2994 4729 3062 4767; x_wconf 88' lang='lat' dir='ltr'><strong>.v.</strong></span> <span class='ocrx_word' id='word_1_522' title='bbox 3104 4711 3179 4780; x_wconf 93' lang='lat' dir='ltr'><strong>P)</strong></span> 
     </span>
     <span class='ocr_line' id='line_1_48' title="bbox 564 4790 3183 4864; baseline -0 -18"><span class='ocrx_word' id='word_1_523' title='bbox 564 4808 677 4847; x_wconf 91' lang='lat' dir='ltr'><strong>non</strong></span> <span class='ocrx_word' id='word_1_524' title='bbox 712 4810 812 4863; x_wconf 90' lang='lat' dir='ltr'><strong>per</strong></span> <span class='ocrx_word' id='word_1_525' title='bbox 847 4812 884 4848; x_wconf 90' lang='lat' dir='ltr'><strong>u</strong></span> <span class='ocrx_word' id='word_1_526' title='bbox 922 4795 1141 4850; x_wconf 82' lang='lat' dir='ltr'><strong>efficere</strong></span> <span class='ocrx_word' id='word_1_527' title='bbox 1176 4794 1299 4848; x_wconf 89' lang='lat' dir='ltr'><strong>BP</strong></span> <span class='ocrx_word' id='word_1_528' title='bbox 1328 4810 1428 4864; x_wconf 89' lang='lat' dir='ltr'><strong>per</strong></span> <span class='ocrx_word' id='word_1_529' title='bbox 1454 4809 1557 4847; x_wconf 87' lang='lat' dir='ltr'><strong>uus</strong></span> <span class='ocrx_word' id='word_1_530' title='bbox 1586 4808 1696 4847; x_wconf 90' lang='lat' dir='ltr'><strong>non</strong></span> <span class='ocrx_word' id='word_1_531' title='bbox 1724 4807 1826 4860; x_wconf 85' lang='lat' dir='ltr'><strong>per</strong></span> <span class='ocrx_word' id='word_1_532' title='bbox 1854 4808 1887 4847; x_wconf 95' lang='lat' dir='ltr'><strong>o</strong></span> <span class='ocrx_word' id='word_1_533' title='bbox 1916 4792 2136 4848; x_wconf 83' lang='lat' dir='ltr'><strong>efficere</strong></span> <span class='ocrx_word' id='word_1_534' title='bbox 2165 4813 2207 4847; x_wconf 84' lang='grc' dir='ltr'><strong><em>ω</em></strong></span> <span class='ocrx_word' id='word_1_535' title='bbox 2352 4808 2465 4847; x_wconf 85' lang='lat' dir='ltr'><strong>uno</strong></span> <span class='ocrx_word' id='word_1_536' title='bbox 2494 4791 2625 4847; x_wconf 87' lang='lat' dir='ltr'><strong>auia</strong></span> <span class='ocrx_word' id='word_1_537' title='bbox 2649 4810 2789 4848; x_wconf 87' lang='lat' dir='ltr'><strong>auus</strong></span> <span class='ocrx_word' id='word_1_538' title='bbox 2822 4792 2879 4845; x_wconf 93' lang='lat' dir='ltr'><em>P</em></span> <span class='ocrx_word' id='word_1_539' title='bbox 2910 4808 3021 4846; x_wconf 90' lang='lat' dir='ltr'><strong>uno</strong></span> <span class='ocrx_word' id='word_1_540' title='bbox 3051 4790 3183 4845; x_wconf 89' lang='lat' dir='ltr'><strong>auia</strong></span> 
     </span>
     <span class='ocr_line' id='line_1_49' title="bbox 566 4871 1954 4944; baseline -0.002 -15"><span class='ocrx_word' id='word_1_541' title='bbox 566 4889 701 4929; x_wconf 85' lang='lat' dir='ltr'><strong>auos</strong></span> <span class='ocrx_word' id='word_1_542' title='bbox 728 4874 838 4928; x_wconf 87' lang='grc' dir='ltr'><strong>Βω</strong></span> <span class='ocrx_word' id='word_1_543' title='bbox 982 4879 1049 4928; x_wconf 79' lang='lat'><strong>22</strong></span> <span class='ocrx_word' id='word_1_544' title='bbox 1088 4872 1301 4944; x_wconf 82' lang='lat' dir='ltr'><strong>avium]</strong></span> <span class='ocrx_word' id='word_1_545' title='bbox 1340 4889 1510 4927; x_wconf 84' lang='lat' dir='ltr'><strong>auum</strong></span> <span class='ocrx_word' id='word_1_546' title='bbox 1545 4872 1601 4925; x_wconf 95' lang='grc' dir='ltr'><strong><em>Β</em></strong></span> <span class='ocrx_word' id='word_1_547' title='bbox 1619 4871 1671 4925; x_wconf 90' lang='grc' dir='ltr'><em>Ρ</em></span> <span class='ocrx_word' id='word_1_548' title='bbox 1705 4887 1874 4927; x_wconf 87' lang='lat' dir='ltr'><strong>auom</strong></span> <span class='ocrx_word' id='word_1_549' title='bbox 1911 4893 1954 4926; x_wconf 85' lang='grc' dir='ltr'><em>ω</em></span> 
     </span>
    </p>
   </div>
   <div class='ocr_carea' id='block_1_7' title="bbox 3593 2988 3598 3536">
    <p class='ocr_par' dir='ltr' id='par_1_9' title="bbox 3593 2988 3598 3536">
     <span class='ocr_line' id='line_1_50' title="bbox 3593 2988 3598 3536; baseline 0 0"><span class='ocrx_word' id='word_1_550' title='bbox 3593 2988 3598 3536; x_wconf 95' lang='lat' dir='ltr'><strong> </strong></span> 
     </span>
    </p>
   </div>
   <div class='ocr_carea' id='block_1_8' title="bbox 3593 3763 3598 4396">
    <p class='ocr_par' dir='ltr' id='par_1_10' title="bbox 3593 3763 3598 4396">
     <span class='ocr_line' id='line_1_51' title="bbox 3593 3763 3598 4396; baseline 0 0"><span class='ocrx_word' id='word_1_551' title='bbox 3593 3763 3598 4396; x_wconf 95' lang='lat' dir='ltr'><strong> </strong></span> 
     </span>
    </p>
   </div>
  </div>
 </body>
</html>
