3613 5528
1412 341 1509 395 DE
1548 342 2124 398 ORTHOGRAPHIA
2989 348 3070 411 87

465 510 767 587 codicibus
824 530 1059 609 corresi
1114 527 1206 588 vel
1264 528 1548 610 supplevi.
1645 549 1717 590 ex
1781 528 1874 589 bis
1931 538 2128 589 autem
2185 531 2246 590 in
2305 532 2493 610 Capro
2558 535 2816 611 primum
2880 532 3075 593 locum

467 642 628 694 tenet
675 634 859 695 codex
909 631 1040 696 330
1086 627 1228 717 (B),
1283 637 1343 695 in
1392 635 1680 715 Agroecio
1728 636 1914 696 codex
1960 633 2093 696 432
2139 628 2280 719 (Β),
2328 637 2656 699 secundum
2714 641 2773 698 in
2822 647 3078 719 utroque

462 743 841 820 grammatico
902 741 1085 801 codex
1150 738 1279 803 338
1340 734 1470 823 (C).
1558 751 1618 804 et
1676 745 1738 803 in
1801 741 1978 822 Capri
2038 743 2277 821 quidem
2337 742 2504 804 libris
2565 763 2701 805 cum
2758 743 3079 806 Beruensis

462 847 645 907 codex
684 844 815 908 330
852 850 1103 909 maxime
1152 848 1446 908 diversam
1492 868 1525 908 a
1562 848 2080 928 Montepessulano
2128 853 2540 911 recensionem
2590 850 2881 931 exhibeat,
2929 851 3077 913 alter

460 952 777 1015 Beruensis
825 954 1085 1015 medium
1133 954 1633 1034 quendam'inter
1671 965 1994 1035 utrumque
2035 956 2230 1017 locum
2268 965 2447 1018 tenet.
2524 958 2625 1018 sed
2666 959 2824 1019 idem
2860 967 3068 1038 postea

459 1060 530 1120 ab
584 1061 697 1123 alio
755 1062 992 1122 homine
1047 1064 1130 1122 ita
1189 1070 1498 1123 correctus
1556 1071 1672 1143 est,
1737 1071 1803 1123 ut
1861 1062 2214 1143 plerumque
2275 1063 2465 1125 deleta
2523 1068 3077 1146 priore⁴scriptura

460 1167 739 1228 lectiones
787 1168 1031 1229 alterius
1079 1171 1446 1229 recensionis
1493 1167 2021 1257 substituerentur.
2095 1172 2156 1230 in
2205 1170 2297 1231 his
2336 1173 2518 1251 igitur
2556 1171 2702 1233 locis
2741 1192 2878 1234 cum
2915 1182 3074 1235 utra-

461 1293 571 1353 que
628 1277 922 1354 scriptura
986 1275 1316 1336 adnotanda
1374 1283 1558 1357 esset,
1618 1275 1793 1335 modo
1843 1276 2192 1356 simpliciter
2239 1278 2379 1356 quid
2419 1287 2758 1340 correctum
2807 1287 2964 1340 esset
3010 1282 3071 1340 in

459 1384 655 1461 priore
710 1383 1006 1460 scriptura
1062 1382 1342 1463 indicavi,
1399 1382 1598 1462 modo,
1654 1384 1706 1441 si
1750 1384 1831 1442 ita
1875 1382 2256 1444 commodum
2303 1403 2435 1444 esse
2483 1384 2818 1460 videbatur,
2878 1385 3073 1446 addita

461 1507 496 1549 c
540 1487 735 1548 littera
797 1506 865 1548 ea
921 1506 1070 1567 quae
1128 1490 1455 1549 correctori
1513 1488 1806 1550 debentur
1863 1508 1897 1549 a
1951 1493 2140 1569 prima
2198 1494 2497 1570 scriptura
2542 1492 2802 1553 distinxi.
2878 1495 3074 1552 omnia

460 1603 649 1655 tamen
711 1613 861 1674 quae
924 1594 1191 1655 correcta
1254 1613 1386 1655 esse
1448 1597 1511 1655 in
1570 1595 1772 1656 codice
1839 1595 2092 1656 indicavi
2160 1598 2261 1656 uni
2327 1605 2386 1657 et
2444 1599 2687 1677 antiquo
2744 1602 3070 1660 correctori

454 1701 727 1763 videntur
786 1701 1098 1762 tribuenda
1157 1720 1307 1762 esse.
1404 1711 1671 1763 ceterum
1727 1702 1872 1763 haec
1934 1721 2110 1764 manu
2167 1705 2527 1783 scriptorum
2586 1704 2873 1767 librorum
2932 1724 3096 1781 con-⁸

454 1810 605 1869 dicio
652 1827 840 1888 quam
897 1808 1017 1869 dixi
1075 1810 1273 1869 effecit
1329 1812 1666 1870 necessario
1722 1816 1790 1870 ut
1852 1827 2058 1889 magna
2116 1799 2176 1869 e‘t.
2232 1828 2407 1888 saepe
2465 1811 2710 1872 molesta
2777 1815 3071 1873 variarum

455 1915 775 1976 lectionum
815 1919 982 1995 copia
1023 1916 1201 1976 editio
1240 1917 1660 1997 instrueretur,
1699 1919 1978 1996 quoniam
2018 1935 2135 1976 non
2176 1896 2366 1977 solum
2417 1917 2794 1980 librariorum
2835 1938 3073 1980 errores

454 2022 773 2103 indicandi,
823 2022 926 2082 sed
959 2025 1135 2083 etiam
1165 2022 1534 2083 diversarum
1574 2025 1990 2083 recensionum
2021 2023 2309 2083 lectiones
2348 2031 2408 2083 et
2444 2027 2843 2103 posteriorum
2881 2044 3070 2104 gram-

456 2131 807 2189 maticorum
867 2131 1223 2190 mutationes
1280 2129 1700 2210 proponendae
1750 2138 1936 2191 er-ant.
2023 2148 2090 2189 ac
2139 2148 2212 2189 ne
2263 2128 2514 2190 leviores
2561 2131 2799 2209 quidem
2849 2131 3068 2191 discre-

450 2239 679 2317 pantiae
750 2239 879 2296 sine
950 2235 1163 2297 damno
1234 2238 1549 2315 praeteriri
1608 2244 1900 2316 poterant.
1999 2236 2249 2296 similem
2311 2239 2600 2296 rationem
2669 2240 2728 2298 in
2797 2239 3069 2318 Agroecii

452 2342 603 2403 libro
643 2350 885 2404 secutus
924 2361 1076 2423 sum,
1123 2361 1479 2422 quamquam
1526 2345 1576 2403 is
1614 2361 1722 2422 per
1762 2361 1826 2402 se
1866 2343 2112 2403 eandem
2149 2342 2512 2421 diligentiam
2551 2324 2668 2403 non
2710 2344 3070 2423 requirebat.

456 2449 692 2511 codices
739 2458 936 2510 autem
985 2449 1203 2529 quibus
1248 2468 1395 2511 usus
1444 2468 1575 2509 sum
1623 2451 1749 2528 ipse
1812 2467 1948 2509 cum
1995 2448 2261 2509 Putschii
2310 2449 2568 2509 editione
2617 2449 2756 2510 olim
2806 2450 3069 2511 contule-

456 2575 595 2618 ram.
672 2559 732 2617 in
772 2557 1289 2638 Montepessulano
1336 2564 1642 2637 praeterea
1691 2556 1939 2617 schedas
1987 2555 2305 2636 Duebneri,
2353 2558 2452 2634 qui
2503 2575 2637 2617 eum
2696 2556 2960 2617 codicem
3007 2560 3067 2617 iu

455 2682 629 2725 usum
676 2663 1064 2724 Lindemanni
1112 2672 1481 2743 excusserat,
1529 2661 1833 2723 habebam.
1917 2680 2100 2741 quare
2148 2663 2206 2722 in
2256 2662 2368 2722 hoc
2417 2663 2655 2741 quidem
2704 2663 2847 2724 nihil
2894 2683 2926 2724 a
2974 2682 3067 2724 me

451 2774 733 2832 omissum
782 2789 914 2840 esse
961 2779 1122 2851 puto.
1224 2773 1287 2831 in
1334 2769 1629 2830 Beruensi
1674 2767 1804 2831 330
1867 2788 2103 2848 quoque
2161 2772 2515 2831 excutiendo
2578 2790 2767 2832 meam
2826 2790 3066 2851 operam

451 2877 771 2939 liberaliter
820 2876 1117 2957 supplevit
1167 2876 1540 2938 llerrnannus
1586 2876 1881 2956 Hagenus..

626 2985 939 3045 Editorum
985 2984 1431 3065 exemplarium,
1477 2986 1537 3044 in
1587 2983 1803 3063 quibus
1854 2984 1912 3043 hi
1962 2983 2096 3044 libri
2143 2983 2336 3044 adhuc
2383 2983 2547 3044 valde
2596 2987 2865 3062 corrupti
2913 2986 3063 3045 fere-

449 3091 688 3172 bantur,
746 3110 880 3152 raro
944 3094 1235 3151 rationem
1304 3090 1499 3152 habui.
1587 3093 1845 3170 primum
1908 3100 2105 3152 autem
2166 3089 2505 3150 Nicolaus
2569 3090 2827 3150 lenson
2891 3089 3064 3169 Capri

453 3199 664 3260 librum
726 3198 799 3258 de
860 3197 1277 3276 orthographia
1340 3205 1400 3257 et
1462 3197 1679 3258 librum
1741 3198 2012 3274 Agroecii
2087 3216 2205 3257 una
2267 3215 2403 3257 cum
2468 3195 2749 3256 Diomede
2811 3204 2871 3256 et
2936 3195 3063 3256 aliis

451 3308 843 3385 grammaticis
901 3304 1086 3365 edidit
1140 3303 1400 3364 Venetiis
1457 3305 1614 3364 circa
1674 3322 1893 3364 annum
1963 3299 2144 3363 1476.
2234 3304 2293 3362 in
2352 3321 2465 3382 qua
2515 3302 2770 3362 editione
2819 3301 2881 3362 hi
2929 3301 3062 3363 libri

452 3431 522 3472 ex
582 3412 784 3472 codice
850 3412 1047 3491 aliquo
1114 3414 1243 3471 eius
1301 3413 1669 3472 recensionis
1736 3429 1912 3489 quam
1979 3409 2149 3470 nobis
2214 3409 2763 3489 Montepessulanus
2829 3429 3061 3491 reprae-

453 3525 643 3578 sentat
688 3522 954 3598 expressi
1002 3527 1167 3598 sunt3
1225 3518 1327 3578 sed
1376 3517 1466 3577 vel
1523 3518 1662 3577 vitio
1720 3518 1942 3577 codicis
2001 3516 2090 3577 vel
2146 3515 2521 3596 neglegentia
2576 3516 2821 3578 editoris
2877 3518 3060 3598 pluri-

454 3626 561 3685 mis
625 3625 769 3684 locis
831 3624 1008 3686 lectio
1070 3632 1350 3703 corrupta
1417 3631 1524 3684 est.
1618 3624 1831 3684 deinde
1901 3626 2079 3685 iidem
2139 3622 2273 3684 libri
2332 3642 2453 3683 non
2520 3631 2740 3684 mutata
2807 3624 3059 3685 lectione

453 3751 585 3793 curn
662 3731 904 3811 reliquis
977 3733 1404 3810 grammaticiS,
1488 3731 1844 3810 quibuscum
1931 3733 1991 3791 in
2065 3732 2335 3810 principe
2418 3730 2676 3790 editione
2760 3733 3061 3791 coniuncti

454 3847 645 3919 erant,
702 3839 938 3917 saepius
993 3840 1233 3917 repetiti
1288 3845 1443 3899 sunt.
1534 3847 1739 3917 postea
1796 3837 2192 3898 Putscbius
2248 3856 2319 3896 ex
2376 3836 2546 3896 libris
2603 3836 2939 3919 Bongarsii,
2995 3846 3062 3898 ut

454 3948 558 4027 ait,
611 3945 722 4005 boc
780 3952 873 4006 est
928 3943 1358 4025 BeruensibuS,
1413 3946 1514 4023 qui
1574 3952 1701 4004 tum
1758 3943 2065 4023 Bongarsii
2121 3953 2317 4024 erant,
2385 3961 2592 4003 novam
2650 3947 3060 4004 recensionem

454 4055 687 4132 paravit.
780 4059 1023 4112 secutus
1083 4057 1280 4112 autem
1328 4061 1420 4111 est
1474 4053 1534 4110 in
1591 4051 1780 4130 Capro
1843 4050 2205 4111 Beruensem
2267 4051 2533 4111 codicem
2594 4048 2750 4131 330,
2811 4071 2882 4111 ex
2943 4070 3060 4129 quo

452 4157 710 4220 libellum
772 4158 846 4218 de
906 4158 1102 4219 dubiis
1163 4157 1359 4219 verbis
1414 4160 1672 4238 primum
1734 4157 1945 4238 edidit,
2000 4159 2063 4216 in
2123 4158 2411 4236 Agroecio
2474 4157 2836 4220 Beruensem
2899 4157 3059 4239 4323

454 4265 553 4325 sed
610 4284 681 4325 ex
739 4266 916 4324 tertio
973 4283 1209 4344 quoque
1274 4263 1426 4324 libro
1485 4261 1613 4326 338
1681 4264 1969 4343 quaedam
2027 4267 2270 4345 recepit.
2359 4265 2452 4324 his
2509 4267 2691 4344 igitur
2746 4264 2911 4325 libris
2960 4265 3056 4325 ad·

454 4371 651 4432 bibitis
701 4370 881 4431 multa
938 4390 1088 4450 quae
1146 4375 1205 4432 in
1261 4371 1697 4451 antiquioribus
1745 4371 2104 4432 editionibus
2162 4378 2442 4450 corrupta
2490 4378 2660 4431 erant
2706 4371 3055 4454 emendavit,

452 4477 617 4556 plura
684 4485 880 4537 tamen
936 4479 1296 4539 emendanda
1372 4478 1640 4557 reliquit,
1725 4477 2011 4556 quaedam
2077 4496 2218 4537 vero
2274 4480 2450 4536 etiam
2515 4494 2666 4553 quae
2732 4476 2871 4537 olim
2928 4496 3056 4536 rec-

452 4585 567 4643 tius
614 4584 770 4644 edita
827 4592 995 4645 erant
1051 4588 1333 4664 corrupit.
1429 4604 1586 4646 nunc
1639 4583 1993 4645 lectionibus
2042 4584 2314 4644 codicum
2358 4583 2780 4664 Beruensium,
2838 4582 3057 4662 quibus

452 4689 770 4751 Putschius
826 4707 969 4751 usus
1023 4701 1141 4773 est,
1196 4693 1517 4772 propositis
1573 4691 1927 4771 plerumque
1984 4708 2134 4769 opus
2181 4691 2461 4749 non·suit
2508 4688 2653 4749 editi
2702 4689 3054 4770 exemplaris

454 4795 765 4857 lectionem
811 4795 1085 4857 indicare.
1159 4817 1279 4857 non
1327 4796 1503 4857 nullis
1554 4803 1748 4857 tamen
1793 4796 1942 4857 locis
1990 4795 2131 4856 utile
2180 4814 2310 4855 esse
2360 4795 2667 4856 videbatur
2714 4796 2868 4855 scire
2916 4797 3056 4875 quid
