3613 5528
611 399 739 462 528
1482 397 1852 469 [CORNELII
1905 397 2350 469 FRONTONIS]

607 510 652 547 p.
680 497 788 539 2200
812 499 861 538 Ρ.

789 583 1154 664 Diligentiam
1204 592 1264 644 et
1310 601 1530 645 curam.
1622 584 1925 662 diligentia
1961 602 1992 644 a
2030 583 2326 663 diligendo
2365 582 2618 664 singula,
2664 582 2804 645 huic
2842 582 3213 663 neglegentia

611 693 958 773 opponitur,
998 709 1106 750 nec
1145 693 1357 770 recipit
1393 709 1683 752 errorem:
1725 709 1868 751 cura
1907 694 2082 752 animi
2123 700 2241 771 est,
2288 709 2437 771 quae
2477 692 2713 751 anxium
2744 691 2881 751 facit
2910 691 3215 751 hominem

610 807 670 858 et
717 806 833 858 tam
879 798 1160 857 honestae
1209 816 1382 878 quani
1431 797 1776 858 inhonestae
1824 800 1912 858 rei
1960 807 2068 859 est.

791 904 1041 983 Regium
1088 913 1148 965 et
1193 904 1407 983 regale.
1483 906 1709 985 regium
1750 905 1909 985 quod
1947 907 2133 987 regis,
2181 903 2373 983 regale
2423 904 2579 982 quod
2630 923 2768 984 rege
2813 904 3058 984 dignum
3104 912 3214 964 est.

787 1011 1121 1072 Erraticnm
1153 1020 1211 1072 et
1241 1014 1599 1074 erraticium.
1662 1013 1955 1073 erraticus
2002 1021 2062 1072 et
2106 1019 2304 1092 potest
2340 1030 2541 1074 errare
2581 1021 2641 1073 et
2678 1011 2854 1094 solet,
2901 1013 3217 1073 erraticius
3244 1027 3273 1066 5

614 1122 843 1181 animus
890 1129 982 1180 est
1027 1121 1128 1199 qui
1175 1119 1325 1180 solet
1371 1138 1572 1180 errare
1621 1127 1681 1180 et
1735 1119 1977 1179 desinit:
2034 1120 2252 1179 erratio
2307 1119 2467 1179 enim
2521 1121 2699 1179 animi
2757 1126 2849 1180 est
2902 1120 3217 1199 repentina

613 1229 944 1287 commotio.

789 1334 1072 1395 Errorem
1118 1343 1180 1395 et
1224 1336 1599 1395 errationem.
1674 1351 1846 1394 error
1892 1341 1985 1394 est
2020 1335 2109 1394 rei
2148 1335 2380 1414 vitium,
2428 1342 2494 1394 ut
2543 1352 2706 1394 amor
2752 1333 2944 1415 dolor3
2995 1336 3217 1394 erratio

615 1444 874 1502 incertae
922 1443 1064 1502 viae.

791 1548 1060 1609 Erratrix
1100 1557 1160 1609 et
1199 1551 1465 1610 erratica.
1559 1551 1810 1610 erratrix
1849 1567 2165 1629 personam
2205 1551 2475 1630 respicit,
2522 1559 2588 1611 nt
2625 1551 2917 1631 venatri13
2964 1551 3215 1610 erratica
3252 1568 3305 1606 ιο

614 1657 833 1718 hedera
879 1665 940 1717 et
987 1659 1137 1718 vitis

794 1763 1010 1824 Notare
1060 1774 1119 1824 et
1166 1763 1465 1824 adnotare.
1557 1771 1724 1824 notat
1769 1763 1860 1824 vel
1906 1763 2100 1824 locum
2149 1765 2282 1843 quis
2331 1763 2421 1824 vel
2466 1782 2780 1844 personam
2826 1764 2919 1825 vel
2967 1767 3218 1845 noxiam,

617 1872 857 1932 adnotat
904 1872 1004 1949 qui
1053 1879 1224 1931 notae
1274 1870 1414 1950 quid
1461 1870 1656 1931 adicit.

796 1976 1044 2038 Salubre
1092 1987 1152 2039 et
1199 1977 1472 2039 salutare.
1565 1976 1801 2038 salubre
1842 1978 1913 2039 ad
1951 1977 2146 2039 locum
2183 1979 2446 2040 refertur
2483 1986 2544 2040 et
2579 1979 2651 2040 ad
2690 1979 2912 2060 cibum,
2961 1977 3217 2039 salutare

616 2084 925 2146 consilium
974 2095 1081 2146 est.
1154 2088 1235 2146 ita
1282 2084 1517 2146 salubre
1565 2103 1681 2145 non
1732 2092 1934 2160 nocet,
1983 2085 2236 2146 salutare
2285 2085 2542 2166 prodest.
3250 2103 3301 2141 ιε»

794 2191 1176 2253 Committere
1235 2200 1295 2252 et
1349 2191 1612 2252 credere.
1703 2193 2128 2253 committimus
2193 2192 2464 2274 consilia,
2528 2192 2826 2258 credimus
2885 2194 3217 2272 pecuniam.

797 2299 920 2359 Sub
967 2306 1026 2359 et
1070 2301 1149 2359 in.
1242 2296 1353 2359 sub
1411 2316 1527 2359 non
1584 2315 1908 2376 numquam
1960 2316 2070 2378 pro
2126 2298 2275 2359 clam
2332 2301 2599 2383 ponitur,
2653 2310 2720 2362 ut
2776 2299 3099 2379 subripuit,
3155 2302 3223 2359 id

618 2415 706 2469 est
752 2407 899 2467 clam
947 2407 1170 2484 rapuit,
1225 2411 1326 2464 aut
1376 2405 1498 2464 fere
1548 2411 1712 2464 notat
1757 2403 1949 2482 aliqua
1999 2403 2259 2486 subdita3
2314 2407 2374 2465 in
2423 2414 2526 2467 aut
2572 2408 2733 2468 intus
2780 2406 3074 2486 significat
3118 2414 3220 2466 aut

621 2517 794 2575 nimis
840 2521 944 2574 aut
990 2512 1153 2572 valde
1202 2521 1262 2573 et
1309 2511 1607 2573 interdum
1654 2530 1763 2592 pro
1813 2530 1931 2572 non
1978 2514 2237 2592 ponitur.

796 2620 1136 2680 Claritatem
1182 2629 1242 2681 et
1288 2617 1716 2681 claritudinem.
1812 2619 2046 2681 claritas
2093 2629 2213 2682 tam
2259 2621 2498 2683 luminis
2546 2640 2721 2701 quam
2759 2623 3222 2702 perspicuitatis,
3248 2638 3301 2676 20

619 2727 907 2790 claritudo
954 2728 1208 2806 generis,
1298 2728 1466 2807 prior
1511 2729 1711 2807 itaque
1759 2726 2121 2811 splendoris,
2166 2731 2464 2810 posterior
2513 2729 2832 2791 nobilitatis
2881 2736 2986 2790 est.

797 2834 1078 2895 Viciniam
1127 2841 1188 2895 et
1235 2836 1611 2897 vicinitatem.
1704 2834 1929 2897 Vicinia
1975 2838 2241 2899 vicorum
2289 2840 2655 2920 coniunctio,
2713 2838 2980 2899 vicinitas
3036 2836 3219 2897 homi·
3308 2890 3313 2893 .

620 2962 761 3006 num
811 2944 1179 3003 conversatio
1227 2951 1334 3003 est.

802 3214 827 3259 1
870 3204 1020 3258 Inter
1057 3222 1247 3259 curam
1285 3206 1342 3259 et
1378 3204 1727 3273 diligentiam
1770 3247 1781 3258 .
1821 3220 1955 3259 cura
1992 3221 2086 3259 cor
2122 3205 2269 3259 aurit
2306 3207 2363 3274 (l.
2401 3207 2635 3273 haurit),
2681 3206 2741 3260 id
2778 3208 2862 3261 est
2895 3205 3127 3272 minuit,
3167 3209 3225 3261 et

624 3285 937 3341 cruciatum
973 3285 1170 3350 habet,
1210 3285 1305 3353 qui
1344 3288 1565 3339 corruat
1602 3287 1657 3353 (l.
1688 3301 1783 3339 eor
1820 3288 1969 3353 urat)
2000 3307 2012 3339 :
2042 3285 2340 3355 diligentia
2375 3290 2461 3341 est
2494 3302 2678 3340 rerum
2716 3286 3129 3342 administratio
3167 3288 3224 3341 et

623 3371 708 3420 est
744 3364 1082 3420 contrarium
1119 3364 1506 3434 neglegentiae
1544 3367 1656 3419 cod.
1701 3366 1883 3419 Mont.
2044 3374 2079 3419 4
2126 3367 2362 3436 Regium
2406 3367 2565 3423 Beda
2608 3372 2822 3435 287‚27
2993 3374 3026 3421 5
3072 3367 3225 3422 Inter

625 3446 947 3500 erraticium
985 3446 1042 3499 et
1079 3446 1376 3499 erraticum
1416 3490 1427 3502 .
1467 3444 1758 3500 erratieius
1806 3449 1891 3499 est
1937 3445 2035 3514 qui
2082 3447 2269 3501 animo
2317 3452 2465 3502 errat
2501 3487 2512 3500 .
2555 3447 2693 3501 nihil
2741 3448 2891 3503 enim
2937 3448 3093 3502 aliud
3140 3452 3225 3502 est

623 3526 827 3581 erratio
864 3542 1030 3592 quam
1070 3524 1362 3594 repentina
1398 3525 1572 3580 animi
1610 3524 1971 3580 commotatio
2009 3564 2022 3577 .
2063 3525 2350 3580 erratieius
2399 3528 2453 3595 (l.
2494 3527 2784 3595 erraticus)
2831 3529 2918 3582 est
2954 3528 3054 3598 qui
3101 3528 3223 3583 loeo

620 3610 803 3662 terrae
833 3623 966 3660 suae
995 3609 1144 3660 errat
1171 3607 1285 3660 cod.
1320 3607 1499 3661 Mont.
1646 3613 1679 3661 8
1708 3606 1967 3660 Errorem
1996 3638 2061 3646 —
2096 3614 2158 3661 11
2188 3608 2321 3664 vitis
2348 3607 2505 3662 Beda
2532 3612 2746 3674 271‚25
2893 3614 2960 3662 14
2990 3608 3224 3664 Salubre

625 3688 781 3743 Beda
817 3691 1024 3752 288,31
1172 3692 1240 3740 20
1280 3684 1610 3741 Claritatem
1646 3686 1804 3741 Beda
1840 3692 2049 3754 267,16

797 3926 834 3974 2
874 3935 1018 3988 qnae
1055 3917 1280 3971 anxium
1317 3917 1455 3973 facit
1488 3917 1773 3972 hominem
1811 3920 1869 3973 et
1904 3922 2023 3974 tam
2059 3920 2326 3975 honestae
2364 3938 2531 3991 quam
2568 3920 2894 3977 inhonestae
2940 3921 3023 3976 rei
3068 3926 3158 3977 est
3192 3937 3226 3979 5

625 4018 771 4071 quae
807 4003 927 4055 tam
965 3996 1194 4055 anxium
1229 3998 1368 4053 facit
1403 3997 1687 4053 hominem
1724 4006 1838 4067 qua
1873 4000 2156 4055 hominem
2193 4004 2282 4056 sta
2308 4001 2389 4056 rei
2418 4008 2449 4056 ὃ
2477 4001 2544 4055 Ν
2680 4008 2713 4054 4
2750 4001 2898 4069 quod
2934 4000 3084 4072 regis
3121 4001 3229 4056 fuit

624 4084 783 4137 Beda
926 4087 957 4135 7
996 4077 1296 4135 commotio
1333 4093 1367 4136 5
1406 4077 1692 4134 commitio
1729 4080 1795 4133 N
1935 4087 2002 4134 10
2039 4082 2272 4136 erratrix
2309 4099 2601 4152 personam
2630 4081 2859 4151 respicit
2884 4084 2949 4134 ut
2974 4083 3228 4137 venatrix

625 4163 809 4229 Beda,
846 4160 1076 4216 erratrix
1105 4176 1231 4230 pers
1261 4199 1630 4215 .........
1660 4166 1691 4215 ὃ
1719 4163 1977 4217 nenatrix
2005 4162 2072 4216 N
2092 4163 2327 4217 erratrix
2354 4179 2454 4232 per
2482 4178 2540 4216 se
2560 4162 2726 4231 rapta
2753 4162 2839 4215 est
2873 4163 2938 4215 ut
2972 4160 3227 4215 uenatrix

627 4260 660 4303 5
709 4287 720 4297 .
767 4245 830 4298 in
874 4244 1076 4297 detrita
1121 4241 1322 4295 codicis
1366 4242 1647 4311 scriptura
1686 4242 1864 4310 paulo
1910 4236 2109 4312 plara,
2165 4259 2330 4311 qaam
2382 4258 2521 4311 qaae
2570 4242 2633 4296 in
2677 4241 2911 4296 editione
2956 4242 3229 4310 leytmtar,

627 4325 801 4379 deesse
834 4323 1162 4377 videbantwr
1305 4327 1369 4376 11
1410 4322 1618 4378 hedera
1652 4322 1787 4377 uitis
1827 4339 1860 4380 ς
2008 4328 2073 4377 15
2110 4323 2340 4392 prodest
2388 4319 2618 4377 consilio
2656 4338 2689 4379 5
2729 4364 2741 4377 .
2780 4323 3039 4390 oonsilio,
3086 4325 3231 4393 quod

625 4408 691 4459 in
725 4405 834 4471 fine
868 4403 1136 4473 sequentis
1168 4418 1356 4457 versus
1390 4404 1656 4471 scriptam
1690 4406 1810 4457 erat
1844 4402 1909 4456 in
1947 4403 2149 4470 codice,
2195 4417 2375 4456 errore
2419 4402 2643 4457 editoris
2685 4403 2792 4458 hue
2836 4405 3230 4472 transpositum

626 4489 703 4539 est
849 4490 913 4539 16
952 4482 1186 4538 consilia
1221 4498 1255 4540 5
1292 4482 1522 4537 consilio
1559 4482 1626 4535 N
1773 4489 1839 4538 17
1879 4481 2153 4552 subripuit
2190 4482 2336 4538 clam
2373 4500 2471 4552 rap
2511 4526 2522 4536 .
2563 4524 2577 4538 .
2617 4523 2630 4536 .
2671 4524 2681 4534 .
2721 4498 2785 4537 ee
2831 4484 2995 4538 notat
3037 4484 3231 4553 aliqua

629 4564 768 4619 subd
806 4608 818 4619 .
860 4606 871 4618 .
914 4607 926 4618 .
966 4607 978 4619 .
1016 4563 1168 4618 intus
1205 4561 1484 4632 significat
1510 4564 1596 4630 N,
1632 4565 1731 4618 abi
1755 4561 1908 4617 intus
1933 4564 1998 4617 in
2032 4562 2234 4617 detrita
2267 4564 2547 4630 scriptura
2582 4578 2695 4617 non
2731 4568 2873 4617 certo
2909 4564 3228 4633 apparebat,

633 4642 937 4713 subripuit,
977 4643 1123 4697 clam
1159 4642 1372 4713 rapuit,
1421 4645 1520 4697 aut
1556 4643 1672 4699 fere
1709 4644 1871 4698 notat
1907 4643 2121 4712 aliquid
2159 4643 2445 4698 subditum
2485 4686 2496 4698 .
2534 4642 2594 4697 in
2632 4644 2731 4697 aut
2765 4642 2914 4698 intus
2951 4643 3232 4713 significat

632 4739 665 4782 5
705 4764 716 4777 .
754 4725 824 4791 cf.
863 4723 998 4778 Bed.
1036 4725 1103 4778 de
1140 4723 1371 4792 orthoyr.
1402 4740 1466 4791 p.
1494 4729 1710 4791 288‚24
1747 4724 1851 4778 sub
1881 4752 1945 4762 ——
1975 4722 2202 4793 ponitur
2237 4742 2348 4779 non
2383 4740 2689 4794 numquam
2727 4727 2785 4777 et
2818 4740 2919 4793 pro
2957 4722 3130 4792 clam,
3167 4728 3232 4778 ut

632 4802 934 4873 subripuit,
971 4803 1029 4855 id
1067 4805 1153 4858 est
1189 4803 1336 4857 clam
1373 4803 1566 4872 rapuit
1721 4809 1786 4857 19
1826 4802 2013 4874 nimis]
2053 4804 2235 4859 minus
2272 4802 2438 4859 editio
2472 4802 2805 4858 Rex-silemsis
2964 4809 3029 4857 21
3072 4803 3228 4859 nobi-

628 4881 833 4957 litatis]
872 4883 1091 4955 generis
1127 4900 1265 4940 corr.
1303 4882 1613 4941 nobilitatis
1648 4885 1716 4942 N
