3613 5528
1395 429 1493 485 DE
1531 429 2108 485 oRTHoeaAPHm
2925 438 3053 502 181

445 547 474 583 p
515 535 633 576 2801.
661 536 686 573 2
713 534 763 573 P.

450 625 513 681 ut
550 617 799 680 verbena
839 616 1047 678 rubeta
1086 614 1394 677 ambesum
1431 614 1674 676 habena.
1750 618 2045 695 excipitur
2083 636 2294 701 avena,
2334 637 2484 698 quae
2524 622 2815 699 significat
2855 622 3053 684 tibiam

450 725 539 786 vel
566 724 856 806 stipulam,
885 723 1264 785 discretionis
1292 724 1496 802 gratia.
1554 739 1688 782 nam
1718 741 1965 784 severus
2005 722 2212 802 [quae]
2251 743 2286 785 a
2313 743 2487 786 saevo
2524 730 2767 789 veniens
2803 733 3054 809 posteri-

450 835 584 895 tatis
631 831 860 910 [causa]
911 850 1018 892 vus
1066 829 1318 911 syllabae
1367 831 1754 909 consequitur
1800 829 2081 910 regulam.

618 938 685 1001 Vi
739 939 936 1001 brevis
988 956 1100 1017 per
1155 956 1189 997 v
1245 936 1504 998 vocalem
1560 936 1877 998 habentem
1933 940 2049 997 vim
2108 941 2488 999 consonantis
2537 933 2547 1018 Ι
2597 939 2921 1018 scribetur,
2988 952 3056 1004 ut

391 1068 418 1108 5
447 1047 653 1109 Favius
708 1046 942 1108 Flavius
998 1044 1204 1106 avidus
1266 1044 1481 1106 fluvius
1542 1045 1747 1129 civitas
1818 1042 2006 1104 favilla
2074 1045 2373 1123 provincia
2438 1047 2681 1106 exuviae
2747 1052 3054 1110 manuviae

328 1194 339 1205 ·
447 1154 723 1217 oblivium
778 1153 1063 1214 diluvium
1111 1153 1337 1212 savium
1393 1150 1663 1224 lividum,
1720 1152 2076 1230 simpuvium
2134 1140 2314 1224 εἶδος
2359 1145 2642 1227 σκεύους
2688 1150 3054 1235 ίερατικοῦ.·

446 1269 678 1342 praeter
732 1260 957 1323 obitum
1016 1277 1235 1321 nomen
1291 1266 1353 1318 et
1406 1256 1605 1319 subito
1662 1265 1839 1337 atque
1896 1257 2089 1318 obiter
2144 1257 2444 1334 adverbia,
2503 1261 2640 1338 quia
2695 1258 2771 1319 ob
2831 1271 2891 1322 et
2947 1262 3058 1324 sub

448 1376 649 1448 utpote
696 1368 1168 1449 praepositiones
1215 1366 1491 1444 antiquos
1545 1372 1692 1443 puto
1739 1365 1801 1424 in
1849 1366 2148 1443 scriptura
2194 1383 2489 1447 servasse,
2551 1365 2588 1426 b
2635 1366 2894 1428 litteram
2939 1388 3059 1430 non

448 1474 669 1535 mediae
708 1474 812 1536 sed
859 1476 1083 1554 primae
1122 1473 1513 1550 adiungentes
1552 1468 1827 1550 syllabae.
1902 1468 2139 1532 Virbius
2178 1473 2354 1533 etiam
2391 1472 2724 1535 abstractus
2771 1492 2804 1535 a
2839 1475 3062 1557 regula,

370 1604 420 1641 ιο
451 1583 722 1661 quoniam
769 1583 960 1643 virum
1007 1580 1100 1641 bis
1149 1580 1368 1640 factum
1415 1595 1547 1638 esse
1596 1585 1953 1659 memorant,
2001 1596 2178 1656 quem
2225 1597 2543 1640 numerum
2595 1599 2707 1660 per
2749 1581 2789 1643 b
2836 1591 3058 1645 mutam

447 1687 624 1748 scribi
675 1696 810 1748 ante
850 1687 1004 1747 dicta
1049 1685 1378 1747 declarant:
1424 1683 1661 1763 quidam
1702 1685 1894 1744 virum
1936 1682 2187 1766 bonum,
2232 1686 2328 1747 alii
2375 1685 2714 1771 herobium,
2763 1697 3060 1770 tamquam

447 1797 522 1855 sit
564 1786 742 1875 ἥρως
787 1784 1292 1873 ἄναβεβιωκώς,
1316 1791 1437 1890 ‘alii
1483 1790 1661 1852 deum
1700 1808 1832 1850 esse
1872 1792 1976 1869 qui
2013 1789 2251 1854 Viribus
2295 1801 2533 1873 praeest
2569 1796 3059 1875 interpretantur.

341 1939 351 1949 ·
450 1901 539 1961 his
583 1908 889 1981 praeterea
936 1908 1176 1962 notatur
1222 1898 1550 1979 ambiguus
1619 1914 1875 1976 namque
1937 1915 1996 1957 m
2052 1900 2388 1961 semivocali
2442 1904 2780 1982 praeposita
2834 1905 2895 1964 in
2943 1924 3058 1966 una

623 2078 650 2125 1
688 2073 935 2128 berbena
961 2072 1080 2127 AB
1117 2073 1368 2128 bei-bana
1405 2068 1453 2125 0
1583 2075 1616 2122 2
1653 2085 1815 2123 eeuer
1843 2086 1987 2137 quae
2026 2085 2061 2124 a
2090 2087 2223 2126 seno
2251 2071 2482 2127 ueniens
2517 2073 2635 2129 ΒΟ
2667 2091 2826 2131 seuer
2853 2092 2945 2130 ase
2986 2093 3056 2131 uo

447 2151 669 2208 ueniens
720 2154 775 2208 A
812 2169 1073 2221 seuerus,
1120 2151 1256 2222 quia.
1300 2167 1336 2204 a
1379 2164 1547 2204 saeuo
1592 2147 1750 2203 uenit
1794 2163 1829 2205 ς
1990 2157 2021 2205 6
2068 2151 2318 2223 Flavius]
2367 2152 2569 2208 fluuius
2614 2155 2669 2208 A
2830 2155 3054 2226 fluvius]

446 2231 641 2287 fionius
690 2235 744 2287 A
939 2239 972 2287 6
1023 2231 1364 2302 simpuuium
1416 2221 1751 2285 ΕΙΔΟὸΚΥ(
1803 2229 2148 2286 ΙΕΡΑΤΙΚΟΥ
2200 2229 2663 2292 ΕΙΔΕὸΚΕΥΟΥ(
2715 2226 3056 2291 ΙΕΡὸΤΙΚΟΥ

444 2314 666 2383 propter
692 2312 749 2365 Β
775 2310 1115 2367 subsiciuam
1144 2305 1637 2368 ΕὸΔΟΕΕΚΥΟΥ(
1676 2304 2020 2367 ΙΕΡὰΤΙΚΟΥ
2050 2311 2557 2367 ΕΙΔΟΕΕΚΕΥΟΥ(
2588 2313 2863 2369 ΙΕΡΚΕΟΥ
2900 2332 3057 2384 prae-

445 2395 532 2447 ter
565 2393 620 2447 A
658 2390 998 2462 simpuuium
1038 2405 1265 2459 grecum
1300 2389 1524 2457 praeter
1563 2389 1611 2444 0
1769 2396 1799 2444 7
1839 2388 1997 2460 quia]
2036 2407 2180 2460 quae
2220 2391 2335 2446 BG
2370 2393 2572 2461 quibus
2610 2394 2664 2446 A
2828 2398 2860 2447 8
2897 2396 3055 2464 praess

446 2472 744 2542 positiones
781 2470 874 2529 50
904 2468 1375 2540 praepositionem
1413 2469 1534 2523 AB
1680 2475 1743 2522 11
1785 2468 2076 2525 declarent
2111 2486 2250 2525 corr.
2289 2474 2414 2525 -ant
2447 2471 2504 2525 Β
2657 2471 2952 2528 het-obium
2996 2472 3053 2526 Β

446 2551 727 2606 uerobium
763 2548 892 2615 AG',
932 2564 1071 2603 corr.
1109 2548 1359 2603 erobium
1387 2550 1442 2604 A
1590 2555 1656 2604 12
1696 2548 1773 2604 sit
1808 2565 1908 2605 om.
1945 2550 2001 2603 B
2146 2550 2314 2604 ΕΡΟ(
2350 2545 2772 2610 ὸΝὸΒΕΒΙΚω(
2807 2551 2990 2607 ABG

449 2630 654 2685 uiribus
690 2630 806 2685 AC
838 2626 1107 2685 uiridibus
1142 2630 1199 2683 Β
1341 2629 1719 2700 interpretant
1756 2629 1805 2685 0
1949 2636 2011 2685 13
2051 2629 2404 2685 aemiuocalis
2444 2630 2492 2685 0

457 2778 735 2786 —m—--——-——
764 2779 953 2784 ----—-——·>
1014 2780 1057 2785 -v
1098 2780 1157 2784 0-
1192 2780 1211 2783 ο
1248 2781 1265 2782 ἡ
1296 2779 1323 2784 -υ
1350 2781 1361 2784 v
1614 2779 1637 2782 -
1674 2779 1697 2783 ι
1728 2779 1826 2783 --
1877 2779 1892 2783 -
1919 2779 1940 2783 ψ
2069 2779 2078 2783 -
2111 2778 2546 2784 -—-—-—-—-—u--—·--—·-—
2573 2781 2582 2784 v
2615 2779 3050 2790 -—-———--—...-....-—....-

1345 2879 1714 2935 MARTYRII
1745 2879 1842 2934 DE
1881 2879 1927 2934 B
1963 2879 2059 2933 ET
2095 2879 2148 2934 V

446 3048 533 3108 vel
579 3048 883 3129 stipulam,
928 3046 1306 3109 discretionis
1353 3065 1544 3109 causa.
1620 3065 1753 3108 nam
1801 3064 2047 3108 severus
2093 3065 2127 3107 a
2173 3064 2346 3107 saevo
2393 3049 2637 3108 veniens
2683 3050 3050 3128 posteritatis

448 3174 552 3215 vus
607 3155 856 3236 syllabae
913 3157 1303 3235 consequitur
1360 3153 1653 3235 regulam,
1709 3156 1882 3214 cuius
1928 3154 2217 3214 rationem
2266 3170 2412 3213 suus
2469 3152 2636 3214 locus
2684 3155 3052 3219 monstrabit.

619 3261 686 3322 Vi
745 3261 942 3324 brevis
1010 3280 1119 3343 per
1180 3281 1214 3322 v
1274 3260 1535 3321 vocalem
1595 3260 1912 3322 habentem
1972 3263 2089 3320 vim
2151 3262 2531 3321 consonantis
2595 3261 2919 3345 scribetur,
2984 3272 3053 3325 ut

444 3368 653 3430 Favius
708 3368 912 3431 avidus
957 3368 1192 3430 Flavius
1250 3367 1437 3429 favilla
1498 3369 1800 3448 provincia
1857 3368 2099 3428 exuviae
2155 3366 2437 3429 oblivium
2492 3367 2778 3429 diluvium
2825 3370 3048 3429 savium

398 3474 710 3558 stividum,
765 3478 1122 3556 simpuvium
1177 3465 1357 3549 εἶδος
1403 3468 1686 3548 σκεύους
1741 3470 2105 3556 ίερατικοῦε
2159 3481 2398 3553 praeter
2454 3474 2692 3540 obitum.
2728 3493 2943 3537 nomen
2991 3484 3053 3537 et

444 3580 638 3642 subito
683 3591 859 3663 atque
907 3582 1100 3643 obiter
1144 3574 1310 3643 κατὰ
1359 3571 1609 3642 ταύτόν
1655 3579 1962 3661 adverbia,
2017 3583 2154 3660 quia
2202 3580 2278 3640 ob
2335 3589 2396 3641 et
2451 3580 2562 3642 sub
2617 3589 2824 3663 utpote
2881 3603 3048 3665 prae-

443 3690 764 3768 positiones
810 3692 1084 3770 antiquos
1130 3698 1275 3770 puto
1322 3690 1383 3749 in
1432 3690 1727 3769 scriptura
1775 3706 2069 3761 servasse,
2117 3686 2155 3747 b
2201 3687 2459 3749 litteram
2507 3707 2626 3750 non
2670 3689 2896 3752 mediae
2945 3691 3050 3752 sed

443 3798 662 3874 primae
710 3796 1099 3876 adiungentes
1154 3793 1424 3878 syllabae,
1498 3795 1735 3857 Virbius
1782 3796 1961 3855 etiarn
2017 3793 2349 3856 abstractus
2404 3814 2435 3856 a
2483 3795 2713 3878 regula,
2770 3802 3047 3878 quoniam

443 3903 629 3963 virum
684 3902 778 3963 bis
835 3903 1055 3964 factum
1112 3921 1262 3963 esse*
1302 3911 1659 3985 memorant,
1714 3920 1891 3981 quem
1950 3919 2267 3963 numerum
2326 3920 2435 3981 per
2490 3902 2528 3964 b
2585 3911 2807 3964 mutam
2868 3906 3049 3966 scribi

365 4025 417 4064 ιο
443 4017 575 4069 ante
636 4009 750 4070 lata
810 4009 1136 4072 declarant:
1196 4009 1433 4089 quidam
1493 4010 1685 4069 virum
1745 4007 1996 4090 bonum,
2057 4007 2153 4068 alii
2214 4007 2551 4091 herobium,
2615 4019 2909 4090 tamquam
2973 4014 3050 4073 sit

442 4105 617 4197 ἥρως
674 4107 1174 4196 ἆναβεβιωκῶς,
1235 4116 1331 4176 31ἰί
1392 4115 1569 4176 deum
1630 4133 1762 4176 esse
1824 4117 1926 4193 qui
1985 4113 2223 4175 Viribus
2282 4123 2519 4195 praeest
2577 4117 3049 4197 interpretantur

444 4220 664 4301 [ipsum
724 4223 997 4301 nomen]:
1059 4232 1119 4285 et
1165 4220 1549 4303 adverbium,
1607 4220 1765 4302 quod
1824 4219 2070 4282 verbum
2125 4221 2302 4284 babet
2356 4214 2815 4305 πρωτότυπον,
2875 4226 3048 4312 cuius

443 4328 701 4409 regulam
748 4331 1167 4392 monstrabunt
1222 4348 1370 4410 quae
1420 4330 1643 4390 fuerint
1687 4329 1953 4407 exposita
2008 4337 2230 4408 postea.
2306 4330 2398 4390 his
2452 4338 2760 4409 praeterea
2806 4338 3048 4393 notatur

622 4507 648 4553 1
700 4501 1051 4558 discretionis
1087 4502 1272 4573 gratia
1306 4503 1370 4555 ut
1390 4501 1694 4570 separetur
1729 4499 1801 4554 ab
1837 4498 2061 4553 habena
2096 4517 2264 4568 quam
2300 4501 2483 4555 lorum
2518 4499 2954 4571 interpretantur
2994 4503 3050 4557 P

548 4588 580 4635 3
629 4583 694 4636 ut
728 4582 910 4637 favius
946 4581 1185 4636 flavidns
1220 4580 1418 4637 avidus
1453 4580 1653 4635 fluvius
1690 4579 1890 4634 civitas
1925 4578 2124 4634 favilla
2159 4579 2448 4650 provincia
2484 4580 2714 4636 exuviae
2750 4580 3046 4638 manuviae

446 4659 708 4715 oblivium
748 4661 1020 4716 diluvium
1059 4661 1116 4714 P
1234 4668 1269 4716 4
1305 4659 1588 4714 deluvium
1626 4659 1691 4713 N
1812 4664 1844 4713 5
1885 4656 2169 4727 ἱερατικόν
2204 4660 2272 4713 Ν
2391 4666 2422 4715 6
2461 4654 2606 4713 κατὰ
2645 4655 2715 4714 τὰ
2753 4654 2930 4716 αὐτόν
2967 4663 3043 4731 Ν,

446 4755 542 4793 om.
575 4739 632 4795 P
748 4746 780 4795 8
818 4741 1056 4796 Verbius
1090 4741 1157 4794 N
1277 4746 1309 4794 9
1347 4739 1516 4794 scribi
1541 4741 1672 4806 ante
1700 4740 1820 4795 lata
1847 4739 2138 4796 declarant
2166 4739 2223 4792 P
2256 4738 2509 4794 scribunt
2533 4739 2687 4795 elata
2712 4740 2961 4798 declarat
2986 4743 3054 4798 N

549 4824 611 4872 11
652 4822 1021 4891 αναβεβηκως
1060 4820 1116 4874 Ρ
1254 4819 1526 4875 viridibus
1567 4819 1624 4872 P
1764 4818 2206 4888 interpretantur
2242 4821 2301 4874 et
2336 4819 2664 4875 adverbium
2700 4819 2885 4891 ipsum
2921 4839 3044 4879 ver-

446 4898 576 4954 bum
614 4899 671 4954 P
812 4905 878 4954 13
916 4899 1167 4970 regulam
1208 4898 1265 4953 P
1295 4898 1519 4970 regulas
1553 4899 1621 4954 N
1755 4900 2025 4955 notantur
2037 4896 2304 4978 ‘abitus
2342 4902 2402 4955 et
2437 4898 2732 4970 ambiguus
2773 4900 2830 4956 P
