3613 5528
306 1766 353 1803 10

1502 430 1890 488 EXCERPTA
2856 428 2976 494 321

377 549 420 586 p.
450 535 473 573 s
504 533 563 572 n.

379 636 528 697 quae
559 614 693 678 est?
740 616 903 688 Quae
934 619 1160 678 animos
1198 616 1507 680 hominum
1547 635 1878 696 sensusque
1911 615 2160 697 quadam
2191 618 2389 696 specie
2422 618 2684 676 veritatis
2717 610 2724 698 1
2758 614 2989 696 inludit,

381 724 559 785 veluti
616 732 707 785 est
764 727 1060 804 pictorum
1117 734 1177 786 et
1231 727 1748 806 praestigiatorum
1806 773 1820 785 .
1883 724 2046 796 Quae
2095 733 2187 785 est
2232 719 2747 803 ματαιοτεχνίαῖ
2824 722 2986 792 Quae

381 832 652 893 difficiles
723 833 967 912 quidem
1040 852 1166 915 reS,
1251 851 1367 893 non
1448 840 1647 893 tamen
1725 851 1836 893 usu
1918 833 2283 892 necessarias
2351 832 2521 910 facit,
2597 828 2774 889 veluti
2850 837 2990 888 sunt

379 939 903 1022 sphaeropaectae‚
951 939 1279 1002 funambuli
1325 948 1641 1036 ceteraque
1691 939 1869 1003 buius
1916 938 2089 1002 modi.

1303 1169 1420 1235 DE
1472 1169 2066 1237 GRAMMATICA

557 1317 949 1378 Grammatica
996 1316 1136 1396 quid
1186 1314 1320 1378 est?
1387 1317 1643 1378 Scientia
1691 1318 2122 1398 interpretandi
2180 1326 2384 1397 poetas
2441 1325 2617 1397 atque
2675 1316 2991 1378 historicos

380 1434 439 1485 et
494 1434 657 1485 recte
715 1423 1015 1485 scribendi
1070 1423 1470 1505 loquendique
1536 1427 1715 1506 ratio,
1786 1414 1915 1486 ἀπὸ
1983 1422 2120 1486 τῶν
2187 1416 2625 1505 γραμμάτων,
2690 1423 2748 1484 id
2815 1434 2906 1485 est
2960 1444 2992 1484 a

382 1530 621 1611 litteriS‚
677 1534 774 1592 cui
823 1550 1036 1592 nomen
1088 1530 1332 1592 latinum
1382 1550 1412 1591 a
1460 1530 1814 1611 quibusdam
1864 1531 2195 1593 litteratura
2256 1530 2343 1590 vel
2401 1530 2734 1591 litteralitas
2792 1532 2991 1592 datum

380 1648 486 1699 cst.
598 1637 758 1699 Vnde
834 1641 1098 1718 incipere
1164 1638 1342 1699 debet
1405 1635 1830 1718 grammatica?
1932 1639 2183 1710 Quidam
2251 1637 2683 1718 [grammatica]
2754 1657 2784 1697 a
2850 1656 2991 1699 voce

382 1755 738 1827 coeperunt,
784 1745 882 1806 alii
929 1764 960 1805 a
1010 1745 1250 1827 litteris,
1309 1745 1405 1805 alii
1452 1765 1483 1806 a
1533 1744 1795 1826 syllabiS‚
1854 1745 1949 1805 alii
1998 1764 2028 1805 a
2077 1744 2340 1826 casibu8‚
2398 1763 2505 1805 nos
2553 1762 2582 1804 a
2633 1744 2992 1805 definitione.

392 1855 508 1927 Qui
550 1861 749 1914 tamen
798 1861 1124 1930 coeperunt
1170 1855 1420 1913 melius?
1483 1852 1692 1927 Vtique
1739 1856 1849 1926 que·
1882 1871 1921 1912 a
1961 1855 2312 1926 definitione
2351 1851 2440 1912 vel
2478 1869 2512 1911 a
2550 1851 2766 1912 litteris
2807 1899 2818 1911 .
2858 1869 2992 1911 nam

382 1979 490 2020 vox
540 1959 821 2021 naturalis
868 1969 960 2021 est
1006 1968 1066 2020 et
1114 1961 1241 2019 sine
1287 1960 1670 2037 grammatica
1709 1960 2042 2018 communis
2081 1976 2217 2018 cum
2265 1960 2556 2038 imperitis
2604 2005 2616 2017 .
2665 1958 2749 2018 illi
2795 1964 2991 2018 autem

382 2070 482 2148 qui
530 2086 559 2128 a
610 2066 823 2128 litteris
871 2075 1199 2148 coeperunt
1246 2064 1354 2126 hac
1402 2065 1675 2126 videlicet
1716 2067 1809 2125 usi
1857 2075 1998 2126 sunt
2045 2068 2304 2146 ratione,
2360 2064 2518 2144 quod
2577 2066 2992 2144 grammaticae

382 2176 525 2234 artis
572 2176 737 2234 initia
786 2191 815 2233 a
865 2192 1006 2234 voce
1054 2176 1350 2256 oriantur,
1399 2192 1548 2254 quae
1597 2172 1908 2234 elementis
1946 2181 2178 2235 constat
2217 2221 2228 2233 .
2268 2173 2640 2234 Elementum
2681 2172 2821 2251 quid
2860 2168 2995 2231 est?

329 2280 565 2342 5Vnius
630 2283 921 2360 cuiusque
988 2283 1073 2341 rei
1141 2283 1402 2362 initium,
1476 2300 1505 2341 a
1573 2299 1691 2360 quo
1758 2282 2015 2341 sumitur
2080 2284 2513 2341 incrementum
2581 2287 2641 2340 et
2709 2280 2769 2339 in
2836 2278 2992 2357 quod

384 2388 700 2449 resolvitur
749 2435 760 2449 .
810 2407 927 2450 vox
975 2390 1181 2470 igitur,
1240 2396 1305 2448 ut
1350 2386 1634 2468 diximuS,
1692 2386 1908 2447 litteris
1957 2389 2195 2468 nititur,
2250 2386 2481 2448 litterae
2541 2385 2777 2467 syllabis
2836 2384 2991 2446 clau-

384 2495 633 2576 duntur,
700 2494 951 2575 syllabae
1001 2498 1060 2556 in
1107 2495 1428 2556 dictionem
1477 2496 1866 2576 conveniunt,
1924 2494 2104 2555 dictio
2159 2497 2488 2556 orationem
2545 2503 2747 2575 auget,
2804 2494 2993 2553 oratio

528 2755 553 2802 1
596 2747 865 2820 quadam]
907 2747 1183 2817 quaedam
1220 2747 1275 2801 Β
1314 2746 1555 2817 quodam
1600 2747 1670 2802 M
1813 2752 1845 2800 2
1885 2746 2061 2802 ueluti
2108 2750 2195 2803 est
2239 2747 2516 2819 pictorum
2564 2751 2622 2804 et
2668 2745 2994 2817 praestigia·

382 2831 567 2883 torum
604 2845 780 2899 genus
830 2830 881 2884 V
1020 2831 1076 2884 et
1113 2845 1213 2884 om.
1252 2828 1305 2880 Β
1326 2827 1399 2880 M
1540 2826 1904 2897 mattotignia
1933 2828 1986 2881 B
2024 2828 2420 2897 mateodegnia
2452 2828 2525 2881 M
2666 2833 2699 2881 3
2739 2824 2993 2896 quidem]

382 2906 623 2975 quedam
666 2909 741 2963 M
862 2927 974 2966 non
1011 2912 1201 2964 tamen
1233 2907 1357 2963 usui
1386 2907 1728 2962 necessarias
1777 2907 1830 2961 V
1951 2908 2142 2961 tamen
2178 2923 2278 2963 om.
2317 2907 2454 2960 ΒΜ
2573 2912 2606 2960 4
2643 2908 2995 2975 sperespecte

380 2986 437 3040 Β
491 2991 780 3058 sperpecte
841 2990 915 3043 M
1057 2988 1340 3057 ceterique
1408 2988 1459 3040 V
1598 2987 1773 3058 modi]
1833 2986 2028 3041 mundi
2087 2987 2160 3041 M
2301 2995 2332 3042 6
2381 2985 2820 3042 Grammaticem
2867 2987 2924 3039 Β

456 3074 484 3121 7
531 3070 685 3124 recte
736 3070 1014 3125 scribendi
1061 3067 1323 3139 loquendi
1375 3068 1451 3121 M
1494 3070 1644 3124 recte
1689 3066 1979 3138 (loquendi
2028 3068 2153 3122 add.
2203 3069 2266 3120 in
2319 3084 2490 3137 nim-9.
2547 3084 2719 3121 nzanu
2773 3067 2995 3134 recente)

383 3147 768 3218 scribendique
806 3150 859 3203 B
1003 3151 1173 3218 apoto
1209 3148 1597 3218 grammaton&
1634 3147 1691 3201 id
1730 3151 1816 3202 est
1853 3147 1925 3202 ad
1964 3146 2169 3202 litteris
2208 3147 2261 3200 B
2296 3148 2757 3217 apostoramaton
2803 3143 2862 3199 id
2909 3150 2997 3200 est

383 3243 419 3281 a
454 3226 658 3283 litteris
690 3229 762 3282 M
860 3234 892 3282 8
923 3246 957 3283 a
987 3226 1319 3299 quibusdam
1357 3226 1710 3283 litteraturae
1747 3228 1840 3282 uel
1877 3226 2228 3282 litteralitate
2267 3227 2461 3282 datum
2501 3228 2588 3281 est
2622 3226 2677 3279 Β
2715 3243 2750 3280 a
2788 3224 2991 3294 quibus

382 3307 575 3363 littera
631 3308 723 3362 uel
777 3311 932 3363 tutas
988 3306 1312 3363 litteralitas
1359 3307 1482 3374 (om.
1521 3307 1715 3362 datum
1766 3310 1874 3375 est)
1916 3308 2002 3362 M.
2054 3306 2432 3361 litteraturam
2468 3306 2551 3361 vel
2588 3305 2994 3360 litterationem

381 3390 798 3457 yrammaticam
834 3394 1005 3443 artem
1049 3390 1254 3443 dictam
1298 3403 1407 3442 esse
1454 3387 1702 3443 Varrone
1744 3394 1965 3443 auctore
2012 3389 2244 3442 tradunt
2283 3389 2513 3443 Marius
2571 3387 2887 3441 Victorinus
2932 3405 2993 3455 1²·

383 3473 490 3535 4‚4
539 3471 891 3539 Auyustinus
934 3471 1002 3524 de
1046 3470 1164 3525 ord.
1214 3470 1297 3522 II
1342 3473 1527 3535 12,35
1574 3485 1683 3538 sqq.
1735 3469 1993 3523 Isidorus
2041 3469 2082 3521 I
2126 3473 2230 3535 3‚1
2269 3490 2287 3522 .-
2325 3470 2395 3536 cf.
2444 3469 2627 3524 Diom.
2675 3486 2734 3537 p.
2774 3472 2995 3533 421,10

395 3549 709 3605 Wilmanns
762 3551 828 3605 de
896 3549 1130 3604 Varron.
1186 3550 1310 3604 libr.
1366 3566 1591 3619 yramm.
1641 3566 1703 3617 p.
1758 3553 1849 3603 99.
1907 3552 2026 3603 208
2171 3556 2202 3603 9
2261 3548 2491 3617 quidam
2547 3548 2721 3603 etiam
2769 3565 2803 3601 a
2858 3563 2995 3603 voce

387 3631 693 3699 coeperunt
748 3629 811 3698 V,
858 3629 1089 3699 quidam
1141 3629 1493 3697 grammatici
1540 3646 1575 3683 a
1621 3645 1755 3683 voce
1811 3629 2116 3697 coeperunt
2170 3628 2371 3697 scripsi
2425 3630 2555 3683 olim
2705 3635 2767 3682 10
2814 3625 2913 3681 alii
2961 3645 2996 3681 a

386 3709 604 3765 casibus
647 3710 703 3764 Β
726 3710 774 3764 V
821 3711 912 3765 uel
957 3728 993 3765 a
1040 3709 1261 3764 casibus
1310 3710 1385 3763 M
1524 3726 1624 3764 nos
1671 3726 1707 3763 a
1752 3706 2088 3763 diffinitione
2146 3712 2202 3775 (a
2246 3708 2639 3764 diffinitionem
2688 3708 2765 3777 B)
2821 3708 2912 3763 uel
2960 3725 2995 3763 a

384 3791 587 3847 litteris
622 3807 752 3845 nam
790 3807 900 3845 uox
944 3790 1090 3845 ΒΜ
1121 3810 1140 3843 .·
1174 3791 1423 3861 suppleri
1457 3807 1524 3845 ex
1576 3790 1620 3841 V
1768 3794 1833 3842 12
1883 3787 2001 3843 sine
2048 3791 2418 3859 grammatico
2469 3790 2542 3843 M
2683 3787 2994 3843 cummunis

386 3889 511 3925 cum
549 3870 826 3940 imperitis
862 3870 918 3923 B
957 3870 1263 3925 communis
1312 3887 1437 3925 cum
1484 3871 1681 3940 peritis
1722 3872 1797 3924 M
1833 3869 2142 3925 communis
2188 3870 2359 3925 etiam
2407 3887 2535 3924 cum
2579 3867 2854 3939 imperitis
2906 3867 2954 3920 V
2978 3888 2996 3920 .-

384 3952 615 4017 fortasse
651 3951 960 4005 communis
998 3950 1171 4006 etiam
1217 3949 1494 4020 imperitis
1642 3958 1708 4006 18
1759 3950 1856 4021 qui
1896 3968 1938 4005 a
1987 3950 2217 4022 litteris]
2268 3966 2380 4020 qua
2425 3949 2628 4004 litteris
2665 3949 2719 4002 Β
2859 3944 2992 4019 hac]

386 4031 493 4086 hoc
532 4031 608 4084 M
751 4037 816 4085 14
854 4047 890 4085 a
926 4036 1055 4085 ante
1089 4048 1227 4086 voce
1264 4047 1364 4087 om.
1400 4032 1487 4099 M,
1525 4033 1653 4088 add.
1691 4032 1746 4086 B
1891 4030 2255 4100 elementum]
2296 4030 2543 4097 definitio
2579 4031 2846 4096 elementi,
2885 4048 2997 4099 qna

384 4127 541 4180 saepe
584 4126 699 4165 non
740 4112 1024 4165 nominato
1070 4115 1290 4165 aneto-re
1334 4113 1424 4165 usi
1467 4118 1597 4167 sunt
1640 4112 2017 4182 ,qv-ammana,
2070 4112 2299 4165 Marius
2347 4111 2662 4165 Victorinus
2703 4127 2759 4178 p.
2798 4114 2859 4178 4,
2898 4116 2995 4175 26,

386 4190 611 4260 Seryins
647 4191 790 4259 expl.
820 4191 883 4244 in
910 4191 1060 4261 Don.
1083 4209 1144 4261 p.
1176 4196 1423 4259 487,15‚
1460 4193 1753 4246 Dositheus
1784 4208 1843 4259 p.
1874 4197 1976 4257 12,
2014 4192 2227 4245 Probus
2263 4193 2388 4245 inst.
2421 4209 2481 4260 p.
2512 4196 2727 4258 46333,
2766 4191 2995 4257 Senum,

385 4274 448 4324 nt
481 4270 725 4336 videtur,
762 4271 1032 4326 tribuitur
1069 4290 1107 4326 a
1142 4272 1403 4326 Diomede
1435 4290 1492 4341 p.
1531 4279 1780 4339 421,16,
1828 4273 2066 4326 Scaurus
2104 4271 2184 4325 sic
2232 4288 2355 4327 eam
2408 4269 2627 4339 definit,
2674 4270 2866 4326 littera
2911 4274 2998 4326 est

388 4349 540 4405 vocis
578 4349 697 4404 eius
733 4368 878 4420 quae
916 4351 1082 4406 scribi
1120 4354 1307 4422 potest
1344 4353 1524 4409 forma
1562 4398 1573 4409 .
1614 4354 1952 4408 elementum
1991 4354 2076 4406 est
2121 4350 2355 4406 minima
2403 4351 2486 4405 vis
2535 4354 2591 4405 et
2637 4349 2994 4405 indivisibilis

389 4430 624 4486 materia
670 4430 820 4485 vocis
866 4431 1200 4488 articulatae
1248 4434 1339 4488 vel
1388 4436 1550 4489 unius
1598 4433 1866 4501 cuiusque
1913 4431 1992 4485 rei
2028 4431 2278 4500 initium,
2330 4448 2364 4485 a
2401 4448 2513 4500 quo
2551 4431 2787 4486 sumitur
2823 4430 2995 4486 incre-

388 4514 639 4567 mentum
677 4513 736 4566 et
770 4509 827 4564 in
869 4511 1021 4579 quod
1056 4513 1381 4582 resolvitur,
1419 4521 1467 4570 et
1504 4516 1567 4568 in
1602 4512 2086 4589 explanationibus
2115 4512 2177 4565 in
2203 4511 2489 4564 Donatum
2509 4528 2572 4579 p.
2601 4515 2710 4565 535
2722 4514 2811 4576 ,5‚
2848 4509 2995 4564 unde

388 4589 624 4646 Scaurus
665 4588 939 4657 ‘initium‚
987 4605 1023 4644 a
1068 4609 1180 4660 quo
1227 4594 1466 4650 sumitur
1510 4591 1960 4649 incrementum’.
2036 4591 2287 4645 Audaci-s
2331 4596 2611 4660 excerpta,
2658 4590 2997 4646 elementum

386 4701 453 4711 -
491 4669 552 4724 in
589 4669 737 4739 quod
775 4670 1099 4739 resolvitur,
1137 4690 1204 4727 ex
1252 4671 1522 4729 Vaticano
1559 4675 1739 4729 codice
1773 4673 1946 4727 edidit
1977 4674 2177 4727 Maius
2211 4672 2366 4725 class.
2405 4675 2550 4724 auct.
2578 4688 2625 4726 υ.
2670 4671 2760 4725 VI
2778 4689 2837 4741 p.
2870 4676 2998 4738 553,

385 4768 453 4805 ex
488 4749 760 4805 Bernensi
796 4749 1066 4821 Hayemts
1103 4755 1289 4809 anecd.
1320 4755 1476 4808 Helo.
1510 4772 1570 4823 p.
1605 4752 1859 4807 XXXV
2002 4758 2067 4807 15
2106 4752 2398 4822 cuiusque]
2438 4750 2593 4805 cuius
2635 4752 2710 4805 M
2849 4769 2996 4805 sum-

386 4828 559 4884 mitur
593 4830 999 4886 incrementum
1037 4833 1095 4885 et
1130 4831 1190 4885 in
1228 4850 1337 4901 quo
1376 4833 1615 4888 soluitur
1650 4834 2055 4887 incrementum
2093 4832 2268 4904 igitur
2308 4833 2380 4886 M
2414 4830 2654 4886 sumitur
2689 4833 2994 4887 incremen-

388 4915 511 4964 tum
546 4909 718 4980 igitur
752 4912 808 4964 B
957 4917 1022 4965 16
1062 4911 1283 4966 nittitur
1318 4915 1372 4966 Β
1521 4921 1583 4969 17
1624 4912 1822 4985 dictio]
1863 4911 2036 4968 dictio
2077 4930 2208 4969 uero
2251 4913 2322 4967 M

3036 1338 3150 1386 ιδεμ
