3613 5528
611 410 742 476 398
1731 401 2080 458 Dosrrnm

610 529 653 566 p.
683 510 748 551 ετ.
777 511 829 550 28
859 511 917 549 Η.

612 604 704 659 est
748 595 819 657 ad
866 591 1102 673 aliquid.
1195 599 1337 653 sunt
1383 598 1443 652 et
1488 589 1699 651 similia
1744 585 1883 651 τῶν
1927 580 2096 669 πρός
2138 587 2209 650 τί
2246 607 2386 660 πως
2420 598 2701 685 ixovta,
2754 601 2814 664 id
2862 609 2955 663 est
2999 600 3068 662 ad
3118 599 3217 661 ali-

614 702 755 785 quid
804 700 1059 782 quodam
1105 698 1279 760 modo
1325 698 1719 783 attendentia‚
1765 709 1833 762 ut
1878 701 2180 763 dexterior
2225 707 2581 770 sinisterior.

791 810 944 872 Sunt
991 826 1228 888 quoquo
1276 808 1564 887 quaedam
1609 806 1988 890 homonyma,
2034 827 2183 889 quae
2232 830 2349 873 una
2396 816 2787 895 appellatione
2834 815 3003 896 plura
3040 816 3219 895 signi-

614 921 817 1000 fleant,
864 925 930 978 ut
977 934 1162 997 nepos
1207 917 1381 977 acies,
1455 917 1746 995 significat
1782 919 1942 977 enim
1979 936 2165 998 nepos
2203 929 2264 981 et
2300 930 2533 984 certum
2571 925 2939 1003 cognationis
2974 922 3224 1003 gradum

614 1037 676 1090 et
722 1029 810 1087 rei
855 1027 1045 1086 avitae
1092 1030 1593 1102 consumptorem.
1684 1022 1956 1084 similiter
2002 1027 2158 1086 acies
2205 1035 2266 1087 et
2320 1028 2632 1092 oculorum
2689 1031 2906 1093 dicitur
2962 1039 3024 1091 et
3079 1031 3224 1091 ferri
3251 1027 3277 1067 ⁵

616 1144 677 1197 et
723 1136 1036 1196 exercitus.
1127 1130 1417 1212 quaedam
1462 1138 1604 1192 sunt
1647 1149 2008 1211 synonyma,
2056 1151 2206 1213 quae
2252 1134 2526 1214 pluribus
2562 1137 2814 1219 loquelis
2851 1138 3006 1199 idem
3044 1139 3221 1217 signi-

617 1244 824 1324 ficant,
872 1248 939 1302 ut
985 1249 1144 1302 terra
1190 1238 1435 1319 humus,
1476 1234 1487 1318 Ι
1527 1239 1688 1298 ensis
1733 1237 1978 1318 gladius.
2071 1240 2360 1319 quaedam
2410 1244 2635 1305 mediae
2682 1248 3019 1328 potestatis,
3073 1247 3223 1325 qu'ae

619 1349 1110 1430 significationem
1155 1365 1185 1407 a
1233 1346 1568 1407 coniunctis
1614 1353 1885 1427 sumunt,
1941 1354 2007 1407 ut
2051 1363 2300 1425 magnus
2347 1348 2543 1410 tortis:
2599 1349 2745 1411 haec
2801 1353 2959 1411 enim
3004 1369 3113 1430 per
3160 1367 3225 1409 se

621 1457 848 1520 nullum
904 1454 1123 1516 habent
1177 1451 1541 1515 intellectum
1590 1460 1650 1514 et
1702 1451 1837 1512 ideo
1884 1471 1917 1514 a
1964 1452 2318 1533 quibusdam
2365 1441 2736 1519 'adiectiones
2793 1465 3102 1537 vocantur,
3159 1464 3226 1518 ut

622 1582 869 1645 magnus
916 1566 1030 1638 vir,
1079 1562 1249 1623 fortis
1297 1562 1611 1621 exercitus,
2118 1577 2122 1582 ·
3255 1565 3308 1604 ¹⁰

799 1670 1149 1733 Nominibus
1195 1668 1470 1730 accidunt
1516 1670 1692 1728 etiam
1739 1667 2100 1730 collationes,
2191 1670 2409 1749 gradus
2465 1673 2664 1752 itaque
2712 1671 3041 1733 collationis
3087 1678 3228 1732 sunt

627 1790 775 1862 tres,
838 1778 1169 1860 absolutus,
1245 1775 1310 1838 ut
1374 1775 1611 1856 doctus,
1684 1778 2143 1856 comparativuS‚
2218 1785 2285 1837 ut
2347 1777 2606 1860 doctior,
2644 1755 3097 1858 'superlativum
3162 1787 3230 1839 ut

627 1890 1022 1952 doctissimus,
1117 1886 1352 1946 nomina
1399 1881 1728 1944 collationis
1773 1883 2047 1962 imposita
2093 1901 2303 1963 parum
2359 1887 2617 1966 proprie.
2710 1904 2845 1947 nam
2901 1894 2962 1946 et
3018 1884 3229 1946 doctus

626 2033 762 2040 -—--—-

806 2095 986 2151 Codex
1022 2093 1415 2164 Sanyallensis.
1511 2098 1536 2145 1
1579 2089 1721 2162 πως]
1758 2108 1833 2145 πο
1986 2097 2018 2143 2
2057 2092 2387 2148 attenuenta
2538 2100 2570 2147 3
2609 2094 2949 2166 homonyma
2983 2109 3082 2149 om.

628 2185 661 2234 5
698 2177 907 2248 avitae]
963 2175 1192 2230 habitae
1337 2179 1369 2228 6
1406 2187 1709 2242 synonyma.
1754 2187 1855 2225 om.
2002 2176 2035 2223 9
2082 2169 2256 2226 habet
2401 2178 2461 2225 11
2514 2173 2852 2246 collationis]
2900 2173 3231 2230 collationes

627 2257 840 2316 corn-is
986 2262 1052 2311 13
1089 2270 1275 2309 rarum
1312 2252 1567 2322 propriae

806 2425 839 2473 2
886 2413 1236 2473 attendentis.
1289 2431 1400 2469 exc.
1462 2413 1672 2469 Charis.
1722 2431 1783 2483 p.
1841 2417 2071 2480 536,10,
2124 2411 2393 2468 habentia.
2437 2416 2603 2470 codex
2651 2415 2895 2472 Charisii
2941 2433 2999 2486 p.
3047 2421 3232 2484 156‚9,

631 2497 984 2556 attendentis.
1031 2497 1122 2552 vel
1171 2494 1366 2551 taliter
1401 2494 1645 2564 qualiter
1680 2510 1740 2548 se
1777 2493 2046 2548 habentia.
2081 2493 2369 2549 Diomedes
2402 2511 2457 2563 p.
2498 2499 2725 2564 322‚31‚
2762 2514 2821 2552 se
2859 2496 3125 2552 habentia
3163 2497 3238 2551 M

703 2588 734 2635 3
776 2597 924 2634 εστιν
962 2597 1020 2632 τε
1060 2596 1186 2632 τινα
1214 2578 1344 2630 sunt
1370 2591 1590 2644 quoque
1618 2573 1895 2643 quaedam
1925 2573 1935 2644 Ι
1969 2592 2224 2645 ομωνιμα
2252 2574 2535 2630 omonima
2563 2576 2802 2632 uniuoca
2830 2577 2907 2630 M
3046 2582 3078 2630 6
3106 2595 3235 2630 τινα

632 2680 783 2717 εστιν
838 2678 1125 2728 συνωνιμα
1180 2656 1456 2727 quaedam
1505 2655 1636 2709 sunt
1688 2652 2000 2723 aequiuoca
2038 2653 2113 2706 M
2255 2661 2284 2709 ’1
2333 2653 2580 2727 gladius]
2637 2672 2828 2711 mucro
2870 2656 2958 2722 M,
3011 2657 3076 2711 in
3129 2673 3236 2727 quo

632 2746 697 2798 ut
731 2743 884 2797 terra.
903 2771 966 2781 -
989 2754 1181 2793 mucro
1228 2739 1293 2792 in
1337 2737 1583 2806 margine
1619 2735 1815 2791 addita
1856 2739 1987 2789 sunt
2130 2740 2163 2790 8
2201 2755 2275 2799 ως
2312 2754 2374 2790 το
2412 2754 2587 2806 μεγας
2622 2753 2860 2806 υσκηρος
2897 2738 2963 2791 ut
2997 2752 3235 2807 magnus

631 2821 793 2878 fortis
833 2820 908 2874 M
1049 2825 1080 2873 9
1120 2839 1193 2882 ως
1229 2837 1293 2872 το
1331 2836 1504 2888 μεγας
1541 2837 1683 2886 ανηρ
1738 2817 1802 2870 ut
1852 2833 2085 2885 magnus
2138 2815 2226 2872 uir
2265 2820 2274 2883 Ι
2314 2834 2554 2885 υσκηρος
2610 2834 2839 2886 στρατος
2884 2818 3046 2873 sortis
3084 2836 3234 2875 exer-

633 2903 776 2958 citus
817 2901 890 2955 M
1013 2905 1095 3050 ]11
1135 2900 1352 3033 βαιῗὶοι
1387 2916 1650 2967 τοιγαρου
1688 2895 1894 2966 gradus
1930 2894 2122 2965 itaque
2154 2897 2163 2966 Ι
2196 2900 2551 2952 τωσινθεσεῶ
2591 2896 2991 2968 conpositionis
3030 2898 3105 2952 M

710 2988 776 3036 13
812 2998 1010 3050 parum
1075 2997 1188 3034 non

636 3285 1065 3376 γορεύονται,
1110 3285 1405 3354 τουτέστι
1451 3283 1618 3371 πρός
1663 3311 1741 3353 τι.
1836 3289 2016 3353 ἔστιν
2060 3283 2171 3351 καὶ
2229 3280 2427 3370 ὅμοια
2606 3283 2902 3352 τουτέστι
2956 3281 3123 3371 πρός
3174 3310 3239 3351 τι

619 3392 800 3461 ,κατά
846 3419 998 3460 τινα
1043 3390 1298 3478 τρόπον
1345 3392 1788 3479 προσέχοντα,
1836 3389 1925 3472 ὥς
1968 3389 2043 3461 τὸ
2094 3388 2308 3473 δεξιός
2351 3385 2715 3477 ἆριστερός.

796 3498 1031 3567 ’Ἐστιν
1059 3501 1134 3568 τέ
1157 3525 1306 3567 τινα
1348 3495 1702 3587 ὁμώνυμα,
1747 3495 1790 3566 ἃ
1837 3502 1957 3590 μιᾷ
2002 3501 2418 3587 προσηγορίᾳ
2453 3500 2729 3565 πλείονα
2768 3502 3105 3586 σημαίνει,
3152 3494 3243 3577 ὡς

638 3607 713 3678 τὸ
762 3612 1038 3694 ἔγγονος
1079 3605 1277 3687 τάξις.
1351 3611 1657 3692 σημαίνει
1696 3603 1823 3693 γάρ
1956 3607 2066 3673 καὶ
2115 3602 2490 3693 ὡρισμένον
2536 3612 2926 3692 συγγενείας
2966 3604 3242 3693 βαθμὸν

639 3716 749 3784 καὶ
794 3711 1198 3801 πραγμάτων
1234 3710 1577 3804 μαμμῴων
1622 3715 2033 3799 καταφαγᾶν.
2125 3708 2370 3800 ὁμοίως
2407 3710 2480 3778 τὸ
2522 3720 2679 3779 acies
2715 3713 2826 3780 καὶ
2864 3710 3243 3800 ὀφθαλμῶν
3296 3731 3323 3772 ⁵

642 3827 898 3911 λέγεται
933 3822 1044 3890 καὶ
1081 3819 1368 3908 σιδήρου
1403 3821 1513 3888 καὶ
1551 3822 2022 3908 στρατοπέδου.
2087 3817 2239 3888 τινά
2269 3821 2405 3888 ἐστι
2435 3817 2827 3908 συνώνυμα,
2873 3816 2914 3888 ἃ
2941 3825 3244 3888 πλείοσιν

642 3940 901 4011 λαλιαῖς
944 3927 1020 3999 τὸ
1068 3926 1231 3998 αὐτὸ
1280 3934 1587 4017 σημαίνει
1724 3983 1737 3996 .
1783 3924 1936 3996 τινὰ
1985 3926 2060 3995 δὲ
2104 3929 2308 4015 μέσης
2355 3926 2733 4014 δυνάμεως,
2780 3923 2821 3994 ἃ
2867 3924 2990 4014 τὴν
3038 3946 3243 4013 σημα-

643 4046 797 4109 σίαν
861 4036 990 4106 ἀπὸ
1055 4040 1189 4104 τῶν
1246 4038 1786 4125 συνεζευγμένων
1852 4033 2334 4122 λαμβάνουσιν,
2398 4031 2489 4115 ὦς
2550 4032 2627 4103 τό
2690 4036 2891 4122 μέγας
2957 4032 3245 4121 ἰσχυρός.

643 4152 850 4216 ταῦτα
903 4143 1030 4233 γὰρ
1086 4141 1247 4212 καθ’
1310 4141 1510 4212 ἑαυτὰ
1576 4140 1825 4212 οὐδένα
1891 4147 2160 4230 ἔχουσιν
2225 4143 2395 4209 νοῦν
2457 4142 2568 4209 καὶ
2633 4139 2744 4209 διὰ
2807 4143 3004 4209 τοῦτο
3067 4139 3244 4226 παρά

643 4282 853 4325 τινων
900 4255 1281 4340 προσθῆκαι
1328 4251 1660 4338 λέγονται,
1707 4246 1797 4330 ὥς
1841 4248 1916 4317 τὸ
1956 4250 2159 4335 μέγας
2202 4245 2411 4338 ἀνήρ,
2458 4245 2729 4335 ἰσχυρὸς
2775 4245 3068 4333 στρατός.
3274 4268 3327 4306 10

831 4367 982 4440 Τοῖς
1021 4357 1347 4448 ὀνόμασιν
1394 4362 1886 4446 συμβαίνουσιν
1932 4356 2042 4424 καὶ
2090 4361 2482 4443 συγκρίσεις.
2572 4354 2830 4441 βαθμοὶ
2883 4356 3244 4439 τοιγαροῦν

645 4474 780 4539 τῶν
811 4465 1222 4555 συγκρίσεων
1253 4471 1424 4534 εἰσιν
1453 4478 1654 4552 τρεῖς,
1691 4460 2020 4543 ἆπόλυτος
2156 4459 2576 4550 συγκριτικός
2708 4458 3141 4547 ὑπερθετικός
3230 4514 3244 4527 .

647 4574 727 4645 τὰ
772 4573 1071 4663 ὀνόματα
1116 4579 1233 4662 τῆς
1269 4577 1674 4660 συγκρίσεως
1720 4571 2118 4639 ἐπιτέθειται
2158 4567 2241 4637 οὐ
2278 4576 2539 4657 κυρίως.
2612 4569 2721 4636 καὶ
2759 4565 2886 4653 γὰρ
2924 4565 2998 4635 τὸ
3037 4573 3246 4636 doctus

826 4760 860 4809 4
898 4774 1156 4825 ευγενιας
1264 4759 1296 4808 8
1332 4750 1508 4822 μέγας
1544 4744 1765 4821 ἰσχυρός
1791 4766 1893 4805 om.
2004 4755 2069 4804 10
2099 4744 2175 4812 ὥς
2204 4780 2268 4789 —-
2301 4745 2532 4819 στρατός
2559 4764 2658 4803 om.
2784 4750 2845 4799 11
2877 4747 3246 4818 συμβαινοσιν

647 4855 748 4892 και
785 4853 1050 4905 σινκρισις
1224 4838 1288 4887 12
1327 4831 1438 4886 τῶν
1477 4829 1843 4903 συγκρίσεων]
1882 4832 2237 4912 tuomst-&sosoi
2412 4824 2713 4900 ἀπόλυτος]
2752 4845 3035 4893 αποκυτος

657 4922 720 4971 13
758 4935 855 4983 της
891 4932 1226 4983 σινκρυσεως
