3613 5528
587 419 673 484 28
1573 421 1925 476 TERENTII
1963 420 2227 477 SCAVRI

590 533 632 567 p.
661 521 781 560 2261.
813 522 864 560 62
896 521 942 559 P.

593 607 930 666 consentire
988 607 1103 666 iam
1161 605 1711 667 demonstravimus,
1788 626 1821 666 c
1869 615 2070 668 autem
2116 609 2178 667 in
2225 606 2420 666 dativo
2466 608 2760 687 ponimuS‚
2807 615 2874 666 ut
2921 607 2999 666 sit
3043 605 3205 666 diffe-

594 714 783 772 rentia
840 714 935 772 cui
994 720 1055 772 et
1108 713 1238 792 qui,
1293 711 1350 771 id
1407 720 1500 773 est
1557 712 1737 773 dativi
1797 712 1886 790 [et
1942 712 2220 790 vocativi]
2277 711 2593 792 singularis
2653 720 2714 773 et
2759 714 3103 774 nominativi
3147 720 3207 773 et

593 820 841 879 vocativi
885 817 1147 898 pluralis.
1223 836 1577 897 quamquam
1626 818 1956 880 secundum
2014 818 2337 898 analogiam
2395 837 2602 879 omnes
2648 826 2848 898 partes
2903 821 3204 893 orationiS,

591 943 740 1004 quae
795 944 904 1005 per
960 944 1133 985 casus
1188 924 1586 1006 declinantur,
1644 924 1890 985 eandem
1946 924 2202 986 litteram
2249 927 2311 985 in
2358 927 2547 1005 prima
2606 933 2772 1004 parte
2824 945 2945 1002 per
2998 943 3206 985 omnes

592 1050 764 1092 casus
811 1041 1069 1112 servent,
1116 1049 1293 1111 quam
1339 1033 1698 1092 nominativo
1744 1030 2076 1093 habuerint.
3235 1048 3261 1086 5

774 1137 923 1199 Cum
972 1138 1210 1217 quidam
1257 1156 1366 1218 per
1413 1156 1567 1217 cum,
1613 1156 1730 1199 non
1780 1137 1927 1198 nulli
1971 1156 2081 1217 per
2120 1157 2328 1219 quom3
2376 1139 2613 1218 quidam
2652 1141 2827 1199 etiam
2867 1156 3001 1199 esse
3038 1138 3204 1200 diffe-

591 1247 844 1306 rentiam
891 1254 1129 1326 putant,
1186 1245 1343 1324 quod
1400 1246 1759 1323 praepositio
1818 1244 2056 1323 quidem
2111 1264 2220 1324 per
2267 1264 2327 1326 c,
2384 1264 2522 1306 cum
2578 1244 2705 1325 illo,
2761 1263 2896 1305 cum
2946 1244 3205 1325 Claudio,

590 1370 727 1412 cum
789 1351 1059 1434 Camillo,
1114 1350 1459 1412 adverbium
1519 1358 1716 1411 autem
1776 1370 1887 1430 per
1945 1369 1981 1429 q
2037 1350 2249 1412 debeat
2307 1350 2515 1430 scribi,
2574 1358 2639 1412 ut
2685 1369 2864 1430 quom
2913 1350 3206 1432 legissem,

593 1477 772 1537 quom
821 1461 1114 1541 fecissem,
1160 1461 1438 1539 quoniam
1478 1459 1703 1537 antiqui
1739 1476 1851 1538 pro
1891 1457 2004 1517 hoc
2043 1456 2320 1523 adverbio
2360 1476 2531 1517 cume
2572 1456 2863 1539 dicebant,
2909 1466 2978 1519 ut
3014 1457 3202 1519 Numa

590 1569 648 1627 in
699 1566 908 1627 Saliari
956 1568 1214 1627 carmine
1268 1546 1281 1555 ³
3237 1554 3288 1620 10¹

910 1670 955 1751 †
1001 1677 1211 1734 cuine
1259 1693 1483 1753 ponas
1532 1673 1926 1733 Leucesiae
1976 1679 2405 1751 praetexere
2455 1673 2678 1730 monti

909 1788 1080 1859 quot
1126 1779 1277 1841 ibet
1324 1782 1551 1842 etinei
1598 1779 1680 1839 de
1728 1780 1786 1838 is
1835 1796 1990 1839 cum
2037 1786 2379 1838 tonarem.

771 1904 888 1966 Per
944 1908 1330 1967 conexionem
1389 1904 1485 1964 illa
1544 1888 1873 1964 adnotanda
1925 1898 1934 1981 Ι
1986 1909 2152 1981 sunt,
2212 1899 2333 1979 [ut]
2393 1903 2714 1984 negotium,
2763 1904 2934 1963 cuius
2980 1905 3205 1983 primae

600 2011 850 2091 syllabae
899 2031 936 2091 g
975 2011 1151 2072 debet
1199 2013 1457 2092 adiungi,
1505 2030 1622 2071 uon
1671 2010 1963 2088 sequenti,
2011 2007 2167 2087 quotl
2217 2007 2440 2068 dictum
2488 2018 2579 2069 est
2626 2011 2796 2087 quasi
2843 2028 2953 2069 nec
2992 2013 3205 2092 otium3

598 2121 739 2178 item
788 2120 1037 2197 nescire,
1087 2118 1242 2196 quod
1293 2121 1368 2179 sit
1418 2137 1489 2178 ne
1539 2119 1712 2195 scire,
1760 2124 1821 2174 et
1866 2114 2051 2194 exsul,
2098 2117 2176 2175 ita
2215 2124 2283 2175 ut
2329 2134 2357 2174 s
2397 2117 2667 2193 sequenti
2709 2115 2960 2193 syllabae
3001 2117 3288 2178 adina-15

595 2234 784 2306 gantur,
832 2228 967 2304 quia
1016 2227 1382 2305 significetur
1429 2234 1594 2285 extra
1642 2224 1833 2283 solum
1881 2224 2103 2301 patriae
2153 2224 2386 2283 missus,

765 2331 922 2391 Haec
981 2341 1120 2392 sunt
1177 2351 1325 2411 quae
1385 2333 1619 2411 urgenti
1677 2338 1943 2408 tempore
2002 2328 2314 2421 complegti
2380 2328 2487 2389 tibi
2535 2331 2593 2388 in
2642 2333 2974 2408 praesentia
3023 2335 3205 2412 potui.

769 2518 799 2566 6
840 2528 965 2565 cum
996 2530 1057 2581 p.
1097 2518 1193 2579 29,
1232 2518 1265 2567 3
1413 2518 1478 2568 15
1515 2511 1728 2567 nescire
1758 2529 1820 2580 p.
1859 2514 1954 2575 12,
1991 2514 2022 2561 1
2171 2510 2326 2564 exsul
2355 2527 2418 2578 p.
2455 2516 2556 2577 22,
2593 2517 2664 2565 14

2975 2633 2992 2661 1

779 2681 803 2726 1
847 2672 1370 2743 demonstravimus]
1394 2691 1454 2741 p.
1476 2678 1566 2738 18,
1592 2678 1627 2725 6
1752 2669 1812 2723 in
1851 2668 2044 2723 (latino
2073 2683 2342 2735 ponemus
2371 2671 2472 2723 Ρω
2509 2670 2814 2726 indicatiuo
2852 2690 3123 2741 ponemus
3151 2674 3206 2725 Β

706 2761 736 2806 2
777 2753 867 2808 cni
903 2755 959 2807 et
998 2753 1165 2820 quide
1205 2752 1430 2808 dutinus
1468 2753 1526 2807 et
1562 2749 1855 2805 nocatinus
1894 2748 2196 2820 singularis
2233 2749 2328 2803 sed
2377 2751 2711 2807 nominatiui
2758 2752 2989 2822 pluralis
3023 2755 3078 2808 Β
3117 2753 3207 2808 eui

594 2837 653 2887 et
688 2833 825 2902 quid
861 2835 945 2887 est
983 2831 1162 2887 datiui
1198 2835 1257 2886 et
1302 2830 1594 2886 uocatiuns
1643 2829 1943 2898 singularis
1983 2833 2071 2883 set
2113 2828 2447 2885 nominatiui
2486 2834 2544 2886 et
2589 2832 2836 2886 nocatiui
2889 2833 3121 2903 pluralis
3160 2833 3215 2884 P

590 2913 679 2967 cni
719 2915 777 2966 et
814 2913 910 2982 qui
946 2912 1004 2966 id
1043 2914 1129 2966 est
1165 2911 1346 2966 datiui
1383 2913 1442 2965 et
1478 2909 1724 2965 uocatiui
1761 2909 2063 2979 singularis
2101 2910 2200 2965 sed
2237 2913 2294 2964 et
2331 2910 2666 2965 nominatiui
2703 2914 2761 2966 et
2797 2912 3045 2967 uocatiui
3083 2912 3205 2981 pln-

592 2992 725 3047 ralis
764 3013 807 3047 ω
971 3000 1001 3046 3
1041 2990 1360 3061 analoigam
1396 2991 1471 3055 Β,
1509 3005 1646 3044 corr.
1688 2988 2007 3058 analogiam
2045 2991 2076 3045 b
2231 3007 2422 3044 omnes
2450 2991 2640 3059 priore
2678 2993 2790 3047 loco
2827 3010 2928 3048 om.
2965 2995 3039 3061 Β,
3077 2996 3204 3050 add.

591 3071 693 3125 Ρω
874 3079 909 3128 4
953 3089 1054 3142 per
1082 3073 1382 3141 posteriore
1434 3072 1550 3125 loco
1586 3086 1686 3124 om.
1725 3068 1894 3121 ΒΡω
2075 3077 2106 3123 5
2157 3072 2216 3126 in
2253 3071 2600 3127 nominatiuo
2640 3091 2682 3124 ω
2863 3080 2896 3128 6
2943 3091 3041 3142 per
3078 3092 3206 3130 eum

585 3206 842 3262 nonnulli
878 3223 978 3277 per
1015 3222 1184 3275 quom
1221 3205 1278 3257 Β
1316 3221 1417 3273 per
1454 3221 1579 3258 cum
1619 3200 1876 3257 nonnulli
1911 3220 2013 3272 per
2048 3222 2219 3271 quum
2258 3206 2359 3258 Ρω
2508 3212 2536 3258 7
2575 3205 2921 3274 praepositio
2957 3155 3206 3276 pgtlnzemB

732 3305 859 3340 cum
895 3286 1018 3357 illo]
1058 3286 1158 3340 illo
1195 3285 1319 3339 BP
1348 3285 1447 3339 illo
1487 3282 1652 3337 modo
1691 3302 1733 3335 ω
1916 3289 1948 3336 8
1986 3284 2200 3355 autem]
2246 3287 2346 3338 aut
2379 3284 2434 3338 B
2579 3291 2610 3337 9
2651 3302 2761 3353 quo
2799 3285 3054 3340 fecissem
3090 3288 3215 3340 BP

728 3383 887 3421 cume
922 3367 1230 3432 Pet-solans,
1268 3365 1427 3419 cuine
1456 3365 1643 3420 ΒΡω.
1680 3367 1831 3415 vetus
1868 3364 2115 3418 adverbii
2148 3365 2330 3431 forma
2358 3381 2517 3419 cume
2545 3380 2658 3417 non
2684 3369 2904 3432 poterat
2941 3366 3015 3419 ad
3051 3367 3205 3434 ‹liffe-

588 3446 820 3499 rentiam
857 3447 1165 3515 scripturae
1203 3462 1328 3499 cum
1366 3444 1795 3513 praepositionis
1831 3450 1880 3498 et
1927 3461 2095 3513 quom
2135 3444 2380 3498 adverbii
2424 3445 2814 3509 defendendam
2859 3444 3078 3512 afferri,
3113 3448 3206 3500 secl

589 3530 715 3578 ante
760 3525 1027 3593 quoniam
1072 3525 1339 3594 quaedam
1373 3525 1631 3578 videntur
1666 3524 1868 3578 omissa
1904 3539 2036 3590 esse,
2073 3524 2271 3592 quibus
2309 3524 2626 3577 adverbium
2663 3539 2776 3577 non
2822 3523 3005 3576 nimus
3042 3542 3205 3592 quam

580 3606 1039 3674 praepositionem
1067 3622 1172 3674 per
1209 3620 1239 3657 c
1275 3604 1617 3658 scribendam
1652 3619 1759 3656 esse
1793 3603 2181 3670 yrammaticus
2207 3607 2564 3671 praeceperat
2759 3608 2821 3658 11
2864 3604 2927 3656 in
2961 3605 3204 3658 versibus

588 3687 851 3740 carminis
886 3685 1129 3740 Saliari-3
1166 3684 1292 3738 dedi
1325 3683 1659 3752 scripturam
1696 3681 1897 3736 codicis
1931 3681 1985 3734 Β
2032 3698 2154 3735 cum
2192 3681 2293 3734 Ρω
2344 3682 2754 3736 consentientem
2799 3688 3020 3752 practer
3056 3685 3204 3750 haec,

589 3765 761 3820 etinei
800 3765 869 3820 de
907 3766 977 3836 is]
1018 3765 1182 3820 eunei
1217 3764 1287 3819 de
1324 3763 1412 3818 his
1450 3763 1506 3816 P
1536 3761 1698 3817 eunci
1735 3761 1803 3815 de
1842 3759 1930 3814 his
1969 3780 2029 3815 ω.
2067 3763 2161 3816 sed
2195 3762 2259 3815 in
2297 3761 2353 3814 P
2381 3758 2685 3814 Leucesiae
2724 3792 2788 3799 —
2829 3763 2992 3816 eunei
3027 3780 3203 3820 recen-

589 3848 726 3901 tiore
760 3863 932 3901 manu
966 3847 1175 3914 scripta
1209 3849 1353 3898 sunt.
1410 3844 1547 3898 duos
1581 3859 1766 3898 versus
1803 3843 2100 3897 Saturnios
2145 3843 2229 3896 ita
2277 3841 2634 3894 restituendos
2670 3844 2896 3897 coniecit
2930 3844 3204 3913 Bequius

589 3927 705 3981 ind.
754 3927 867 3980 lect.
908 3925 1202 3993 Mar-bury.
1254 3924 1363 3978 kib.
1411 3942 1460 3978 a.
1500 3928 1647 3978 1647
1689 3941 1750 3993 p.
1792 3923 1963 3988 XII,
2011 3921 2185 3976 cume
2230 3924 2418 3991 tonas,
2470 3922 2764 3991 Leucesie,
2803 3925 2935 3992 prite
2971 3925 3057 3978 tet
3095 3926 3204 3979 tre·

588 4006 791 4073 monti,
833 4005 1011 4071 Quom
1049 4005 1191 4059 tibei
1228 4004 1392 4059 cunei
1429 4004 1777 4059 decstumum
1817 4005 2082 4059 tonitront
2275 4009 2339 4057 13
2379 4001 2538 4057 illam
2575 4002 2897 4056 adnotanda
2933 4006 3063 4058 sunt
3101 4005 3202 4057 Ρω

586 4086 744 4140 illam
791 4086 1130 4140 achiotandft
1175 4087 1300 4139 sunt
1348 4086 1400 4137 B
1614 4084 1829 4152 primae
1875 4083 2126 4153 syllabae
2173 4101 2212 4153 g
2258 4083 2462 4137 debeat
2509 4082 2610 4134 Ρω
2656 4080 2872 4150 primae
2931 4083 3133 4140 sillaba
3170 4104 3202 4139 ο

588 4165 795 4220 debeat
828 4166 884 4219 Β
1058 4171 1124 4219 14
1160 4181 1273 4220 non
1310 4163 1565 4234 sequenti
1603 4163 1706 4217 Ρω
1745 4165 2108 4233 consequenti
2142 4162 2197 4216 B
2368 4158 2554 4231 quasi]
2594 4161 2728 4229 quia
2761 4161 2935 4216 ΒΡω
3100 4183 3203 4220 nec

589 4245 767 4300 otium
804 4266 847 4299 ω
884 4246 1173 4315 negotium
1209 4246 1349 4300 BP-
1506 4250 1571 4298 15
1610 4260 1679 4298 ne
1716 4244 1880 4314 scire]
1921 4262 1991 4298 ne
2030 4247 2088 4299 et
2122 4244 2263 4298 scire
2302 4242 2403 4295 Ρω
2587 4246 2653 4295 16
2690 4239 2823 4307 quia
2859 4243 3204 4312 significetur

504 4337 508 4341 ’
588 4326 898 4393 Pausaniae,
928 4344 1039 4394 qua
1065 4327 1407 4398 significetur
1436 4323 1537 4376 Ρω
1578 4339 1746 4391 quam
1777 4322 2118 4393 significetur
2144 4324 2198 4376 Β
2338 4321 2492 4376 Haec
2522 4321 2652 4373 sunt
2681 4350 2744 4358 -
2777 4326 2861 4389 29,
2886 4329 2916 4375 2
2947 4324 3203 4393 regulam

593 4405 750 4460 vides
790 4423 911 4460 mim
946 4408 1021 4462 iis
1056 4423 1194 4476 quae
1229 4406 1387 4472 infra
1423 4402 1632 4470 scripta
1666 4405 1823 4466 sunt,
1860 4407 1955 4468 33,
1997 4408 2061 4456 11
2110 4401 2445 4457 brevitatem
2481 4399 2647 4453 huius
2684 4397 2865 4455 libelli
2902 4433 2968 4442 —
3007 4421 3108 4473 per
3145 4421 3202 4457 se

590 4485 805 4541 censeri
840 4489 1066 4556 poterat
1102 4486 1394 4543 cmiimixit
1432 4484 1697 4538 Usenerus
1731 4497 1867 4534 mus.
1901 4482 2050 4536 rhen.
2079 4499 2128 4537 υ.
2164 4482 2332 4535 XXI
2345 4481 2394 4534 V
2423 4499 2478 4550 p.
2498 4485 2571 4536 94
2596 4496 2706 4549 sqq.
2763 4499 2827 4535 ea
2862 4499 3001 4551 qnae
3036 4485 3202 4537 inter-

580 4566 768 4633 posita
801 4570 959 4631 sunt,
996 4565 1104 4620 Per
1141 4583 1171 4620 c
1208 4583 1336 4620 cum
1374 4561 1702 4618 adverbium
1738 4559 2008 4629 temporis
2036 4591 2103 4600 —
2142 4560 2587 4630 pronuntientur,
2626 4563 2701 4615 ad
2741 4561 3009 4617 Varronis
3037 4564 3205 4617 libros

588 4646 653 4698 de
687 4661 927 4699 sermone
964 4646 1138 4700 latino
1175 4647 1317 4699 idem
1342 4645 1628 4699 revocavit.
1684 4642 1879 4694 horum
1906 4642 2204 4696 maximam
2231 4647 2448 4711 partem
2484 4642 2548 4696 in
2577 4643 2847 4698 Varronis
2881 4644 3204 4712 fraymentis

579 4725 773 4793 posuit
819 4725 1220 4780 Wilmannsius
1256 4726 1321 4778 de
1360 4725 1521 4780 Varr.
1561 4724 1684 4778 libr.
1721 4737 1946 4790 yramm.
1985 4738 2043 4789 p.
2075 4725 2186 4776 214
2213 4737 2323 4790 sqq.
2468 4720 2628 4790 potui
2666 4739 2722 4778 se
2762 4728 2919 4792 (cor-r.
2959 4722 3029 4792 si)
3067 4721 3202 4790 quid

587 4802 643 4856 B
680 4804 868 4871 potuit
903 4804 974 4857 he
1010 4805 1056 4858 si
1094 4804 1231 4874 qnid
1268 4805 1381 4870 (sed
1416 4804 1490 4857 he
1528 4802 1575 4858 si
1612 4803 1731 4856 alia
1765 4818 1938 4855 mann
1974 4801 2125 4869 add.)
2164 4801 2241 4866 P,
2276 4799 2439 4869 potui
2476 4800 2694 4856 Theseu
2741 4801 2893 4870 quod
2933 4823 2975 4856 ω
3023 4801 3201 4872 potui,

589 4880 831 4951 Theseu,
870 4881 920 4936 si
955 4883 1091 4952 quid
1132 4884 1429 4937 Putsehius
