3613 5528
986 365 1047 389 a

586 421 667 485 18
1562 419 1910 476 ΤΕΒΕΝΤῙῙ
1950 418 2210 475 SCAVRI

574 532 617 568 p.
647 521 764 560 ees-L
794 520 847 560 55
874 520 924 560 Ρ.

579 614 693 685 tus,
740 615 799 667 et
843 625 910 687 p,
967 614 1033 667 ut
1077 605 1370 686 placiduS‚
1426 615 1487 666 et
1532 604 1600 687 b,
1647 616 1713 667 ut
1760 605 2039 686 blanduS,
2097 614 2158 666 et
2202 586 2277 685 g,
2318 614 2385 667 ut
2431 604 2704 687 glaucus,
2760 615 2820 667 et
2866 612 2916 683 t,
2974 613 3040 666 ut
3085 603 3186 666 tlo.

575 732 630 773 m
690 718 802 774 uni
854 722 1080 774 tantum
1139 715 1485 774 consonanti
1542 715 1839 792 praeiecta
1896 715 2198 791 conspirat
2253 730 2319 793 n,
2375 722 2442 773 ut
2498 711 2858 773 Mnestheus,
2952 731 2988 772 n
3039 711 3187 774 nulli

574 822 1027 881 consonantium
1085 822 1438 907 p0raeiectiva
1495 828 1616 900 est,
1674 818 1778 880 sed
1837 818 2222 880 subiectivam
2287 827 2513 880 tantum
2573 817 2752 878 habet
2810 825 3184 898 potestatem.

573 945 612 1005 p
659 929 981 1006 praeicitnr
1039 926 1503 988 consonantibus
1550 925 1568 985 l
1617 944 1654 986 n
1701 944 1732 985 r
1780 934 1907 1006 snt,
1963 934 2030 985 u!
2075 925 2170 1004 ple
2218 944 2334 1005 pne
2382 944 2487 1005 pre
2536 944 2642 1005 pse
2688 933 2804 1004 pte.
2900 945 2936 1004 q
2987 943 3179 1004 neque

573 1031 867 1096 subicitur
912 1035 1188 1113 cuiquam
1238 1034 1691 1093 consonantium
1741 1040 1987 1111 excepta
2033 1051 2090 1113 S,
2148 1040 2212 1092 ut
2258 1031 2495 1112 squilla,
2553 1051 2747 1112 neque
2794 1035 3183 1112 praeponitur
3216 1046 3242 1085 5

574 1148 820 1219 excepta
879 1159 945 1221 u,
1003 1143 1082 1201 ita
1140 1151 1362 1220 tamen,
1418 1141 1467 1198 si
1515 1138 1587 1199 ab
1634 1138 1731 1200 illa
1779 1138 1998 1199 vocalis
2057 1141 2232 1199 tertio
2288 1138 2419 1199 loco
2479 1140 2684 1218 suerit,
2740 1148 2805 1200 ut
2863 1157 2977 1218 que
3036 1141 3184 1217 quis,

573 1265 605 1307 r
643 1245 788 1307 nulli
827 1247 1279 1306 consonantium
1320 1248 1661 1325 praeicitur,
1698 1246 1802 1306 sed
1841 1244 2227 1307 subiectivam
2265 1245 2443 1307 habet
2481 1253 2850 1325 potestatem.
2886 1239 2892 1325 Ι
2932 1264 2962 1306 s
2998 1248 3184 1305 omni-

572 1351 685 1414 bus
733 1350 1197 1413 consonantibus
1243 1354 1566 1432 praeicitur
1614 1354 1879 1432 exceptis
1927 1351 1965 1410 b
2013 1360 2073 1413 et
2119 1371 2152 1411 x
2166 1400 2184 1433 ‚
2241 1352 2458 1431 quibus
2506 1352 2650 1413 nihil
2700 1355 2922 1432 praeici
2971 1360 3183 1432 potest.

578 1469 602 1519 t
646 1461 971 1538 praeicitur
1017 1457 1232 1519 litteris
1279 1458 1298 1518 l
1348 1478 1404 1519 m
1454 1478 1489 1520 n
1539 1477 1587 1541 r,
1633 1469 1702 1520 ut
1749 1458 1829 1519 tle
1877 1465 1996 1519 tme
2046 1469 2146 1519 tne
2195 1470 2305 1521 tre.
2397 1467 2457 1520 et
2504 1468 2798 1539 quatenus
2845 1458 2986 1518 huic
3032 1460 3186 1537 parti

578 1566 944 1627 satisfactum
994 1574 1111 1647 est,
1167 1564 1306 1627 hinc
1365 1568 1479 1627 iam
1537 1567 1917 1645 quaestiones
1974 1584 2124 1645 quae
2171 1568 2231 1627 in
2280 1569 2571 1629 rationem
2625 1564 2923 1626 scribendi
2970 1565 3187 1626 cadunt
3221 1580 3274 1617 ιο

577 1672 907 1735 secundum
952 1674 1323 1751 praepositae
1371 1671 1676 1733 divisionis
1722 1672 1994 1732 ordinem
2042 1672 2337 1751 explicare
2385 1671 2824 1753 temptabimus,

758 1851 1020 1913 Primum
1061 1827 1240 1932 igitur
1278 1871 1385 1931 per
1433 1853 1826 1914 adiectionem
1865 1849 1960 1910 illa
2001 1851 2276 1912 videntur
2322 1869 2454 1911 esse
2503 1852 2729 1933 vitiosa,
2775 1849 2932 1929 quod
2971 1849 3186 1909 Accius

574 1960 887 2039 geminatis
945 1957 1246 2019 vocalibus
1303 1958 1484 2019 scribi
1542 1966 1752 2019 natura
1806 1958 2010 2037 longas
2067 1956 2316 2036 syllabas
2373 1956 2581 2036 voluit,
2640 1974 2775 2018 cum
2824 1956 3037 2035 alioqui
3088 1954 3184 2015 ad-

566 2069 729 2145 iecto
777 2064 868 2126 vel
916 2063 1147 2126 sublato
1195 2067 1360 2144 apice
1407 2064 1790 2143 longitudinis
1835 2072 1896 2125 et
1941 2063 2246 2124 brevitatis
2295 2072 2432 2124 nota
2479 2070 2682 2142 posset
2727 2061 2977 2123 ostendi.
3051 2079 3186 2123 nam

577 2171 910 2252 singulares
959 2170 1191 2232 vocales
1239 2180 1300 2230 et
1346 2170 1597 2252 produci
1644 2180 1706 2233 et
1750 2173 1971 2251 corripi
2019 2179 2287 2251 possunt.
2381 2169 2535 2231 unde
2592 2172 2768 2232 etiam
2815 2168 3076 2230 Lucilius
3123 2172 3182 2228 in
3218 2183 3270 2220 1⁵

579 2297 733 2339 nono
782 2287 1115 2340 saturarum
1165 2277 1237 2339 de
1290 2278 1707 2358 orthographia
1755 2279 2131 2358 praecipiens
2177 2279 2259 2337 ait

840 2416 872 2462 a
919 2405 1221 2483 primum
1260 2412 1397 2463 est:
1436 2402 1600 2462 binc
1637 2404 2003 2483 incipiam,
2050 2410 2120 2462 et
2158 2420 2343 2481 quae
2382 2406 2667 2464 nomina
2705 2402 2786 2463 ab
2824 2402 2955 2461 hoc
2993 2409 3186 2460 sunt:

579 2526 790 2589 deinde

839 2632 884 2715 †
931 2654 965 2696 a
1009 2638 1312 2715 primum
1363 2634 1571 2713 longa
1620 2633 1863 2695 brevis
1911 2634 2203 2715 syllaba.
2298 2654 2426 2696 nos
2473 2645 2705 2697 tamen
2754 2652 2973 2695 unum

838 2743 968 2804 hoc
1017 2726 1364 2805 faciemus
1410 2754 1479 2805 et
1526 2762 1663 2805 uno
1711 2743 2105 2823 eodemque
2152 2752 2232 2806 ut
2280 2743 2595 2807 dicimus
2641 2753 2848 2824 pacto
2913 2755 2932 2775 ·
3216 2754 3271 2791 20

840 2850 1244 2934 scribemus
1290 2869 1532 2930 pacem
1582 2850 1861 2930 placide
1908 2851 2157 2912 lanum
2204 2852 2486 2913 aridum
2534 2862 2841 2931 acetum,

827 2942 1043 3038 Ἀρες
1067 2947 1291 3038 ’Ἆρες
1336 2957 1589 3018 Graeci
1639 2966 1713 3018 ut
1759 2957 2056 3019 faciunt.

574 3085 836 3162 itemque
884 3082 1041 3162 quod
1080 3082 1364 3165 Lucilius,
1411 3081 1516 3143 ubi
1561 3085 1581 3142 i
1628 3082 1777 3142 exile
1823 3091 1932 3164 est,
1979 3101 2087 3162 per
2125 3101 2189 3143 se
2235 3081 2403 3144 iubet
2449 3081 2649 3164 scribi,
2695 3088 2754 3141 at
2791 3079 2894 3139 ubi
2942 3077 3183 3158 plenum

577 3198 687 3273 est,
733 3190 1220 3271 praeponendum
1267 3208 1399 3251 esse
1446 3208 1479 3249 e
1527 3188 1718 3250 credit
1763 3187 1857 3247 his
1901 3186 2193 3272 yersibuS,

752 3404 786 3451 4
825 3397 871 3463 Q
909 3413 1088 3466 neque
1124 3395 1398 3451 subicitur
1427 3413 1486 3467 p.
1526 3400 1616 3461 15,
1653 3400 1742 3450 19.
1780 3399 1878 3460 27,
1914 3399 1988 3448 18

721 3601 745 3649 1
788 3596 853 3649 ut
889 3593 1122 3664 glaucus
1157 3591 1271 3644 Ρω.
1300 3593 1366 3646 ut
1400 3591 1592 3660 glocus
1629 3590 1685 3643 Β
1828 3589 1935 3661 tlo]
1974 3590 2206 3658 forta-sse
2234 3590 2617 3660 Tlepolemus:
2655 3591 2725 3657 cf.
2760 3590 2971 3644 Terent.
2999 3591 3185 3642 Maur.

569 3692 620 3730 v.
658 3679 773 3729 866
811 3673 962 3744 δἐι-9.
1000 3673 1066 3727 de
1102 3672 1203 3725 litt.
1234 3687 1297 3741 p.
1336 3675 1465 3738 477,
1500 3675 1575 3726 12
1617 3671 1894 3725 Priscian.
1935 3671 1968 3723 l.
2009 3671 2051 3722 I
2079 3686 2136 3739 p.
2176 3674 2271 3737 42,
2307 3675 2381 3724 16
2561 3677 2593 3725 2
2630 3671 2728 3725 uui
2763 3687 2864 3724 om.
2900 3666 3078 3722 ΒΡω

569 3756 817 3810 mnester
852 3754 907 3806 Β
927 3753 1032 3806 Ρω
1203 3750 1264 3820 n]
1304 3768 1359 3804 m
1396 3750 1452 3803 Β
1622 3750 1764 3805 nulli
1801 3771 1845 3803 ω
1881 3750 2094 3804 nullius
2131 3749 2255 3802 BP
2433 3757 2465 3805 3
2503 3750 2847 3820 praeiectiua.
2887 3748 2993 3801 Ρω
3030 3761 3186 3813 prae-

571 3835 718 3892 iecta
754 3834 810 3887 Β
977 3829 1345 3887 subiectiuam
1383 3850 1426 3883 ω
1463 3830 1770 3886 subiectam
1808 3830 1864 3883 Β
1902 3828 2153 3883 subiecta
2192 3829 2248 3882 P
2406 3836 2440 3883 4
2476 3832 2542 3884 ut
2575 3846 2676 3884 om.
2704 3829 2881 3883 ΒΡω
3043 3842 3080 3893 q
3117 3840 3187 3878 ne

571 3914 843 3970 subicitur
877 3913 934 3965 Β
1101 3918 1133 3966 5
1172 3912 1333 3967 scilla
1374 3912 1430 3965 P
1589 3918 1621 3966 6
1659 3914 1891 3981 excepta
1926 3929 1963 3964 u
1999 3909 2084 3963 ita
2117 3911 2309 3964 tamen
2346 3909 2403 3962 Β
2440 3916 2490 3965 et
2530 3909 2844 3974 Putsdzcus,
2880 3907 3186 3974 exceptam.

570 3995 728 4050 auita
763 3997 954 4049 tamen
996 3992 1051 4045 P
1085 3993 1321 4062 excepta.
1357 4010 1392 4046 a.
1426 4011 1465 4045 u
1502 3994 1693 4047 tamen
1731 4013 1773 4045 ω
1946 3991 2019 4045 ab
2056 3987 2156 4044 illo
2192 3990 2370 4044 ΒΡω
2549 3991 2681 4060 que]
2722 4004 2866 4058 quae
2901 3985 3078 4039 ΒΡω

572 4081 601 4128 7
642 4073 1007 4130 subiectiuam
1050 4072 1157 4125 Ρω
1196 4071 1505 4126 subiectam
1542 4073 1598 4126 Β
1788 4092 1815 4128 s
1851 4089 1950 4127 om.
1995 4070 2065 4138 P,
2102 4072 2227 4125 add.
2268 4070 2380 4124 Βω
2563 4077 2594 4123 8
2633 4071 2692 4124 et
2726 4069 2786 4139 x]
2826 4069 2885 4122 et
2922 4083 2989 4120 ex
3031 4064 3084 4117 P

571 4179 602 4226 9
642 4171 940 4241 quatenus]
982 4173 1210 4225 eatenus
1247 4191 1290 4223 ω
1458 4177 1517 4224 11
1560 4156 1815 4239 §positae
1854 4168 1909 4221 Β
1945 4169 2267 4240 propositae
2310 4167 2417 4221 Ρω
2575 4174 2640 4221 12
2682 4168 2801 4222 ulla
2835 4181 2973 4221 corr.
3003 4162 3105 4217 illa
3130 4163 3186 4216 Β

703 4256 765 4303 13
804 4250 1003 4319 longas
1046 4248 1153 4302 Ρω
1190 4249 1364 4318 longa
1398 4249 1454 4302 Β
1631 4254 1694 4302 15
1732 4249 1790 4303 in
1820 4266 1965 4304 nono
1992 4250 2135 4302 satu.
2138 4255 2270 4302 rani
2307 4264 2426 4302 una
2463 4250 2674 4314 littera,
2710 4253 2775 4301 ut
2799 4246 3032 4309 videtur,
3061 4248 3187 4311 post-

568 4334 631 4385 tu
669 4331 842 4385 deleta
877 4334 927 4383 et
963 4348 1028 4383 ru
1061 4347 1173 4388 raa.
1210 4331 1274 4383 in
1309 4331 1514 4384 lacuna
1548 4346 1642 4384 sex
1686 4330 1800 4396 fere
1847 4331 2156 4383 litterarum
2192 4325 2265 4395 Β,
2304 4327 2366 4381 in
2402 4328 2519 4382 uim
2567 4331 2885 4398 satyrarum
2927 4323 3032 4377 P
3014 4342 3075 4378 m
3110 4323 3187 4375 IX

569 4412 884 4480 satyrarum
922 4429 965 4462 ω
1112 4416 1178 4464 19
1217 4426 1252 4464 a
1287 4409 1528 4480 primum
1566 4410 1736 4479 longa.
1772 4411 1832 4464 et
1868 4409 2040 4465 brevi
2081 4407 2300 4476 syllaba
2327 4406 2526 4460 Dousa
2553 4405 2736 4461 Lucil.
2766 4410 2869 4460 sat.
2898 4405 2993 4460 rel.
3021 4421 3075 4472 p.
3097 4407 3189 4466 43,

570 4508 641 4545 aa.
687 4490 974 4560 geminum
1019 4489 1215 4561 longa.
1265 4507 1299 4545 a
1345 4488 1529 4544 breuis
1575 4488 1793 4558 syllaba
1838 4489 2066 4542 coniecit
2100 4486 2430 4542 Ribbeckiua
2477 4502 2613 4540 mu&
2652 4486 2825 4539 Rhen.
2863 4502 2913 4540 v.
2957 4483 3191 4538 XXIX

567 4574 855 4636 (α.1874)
891 4585 952 4638 p.
991 4574 1114 4627 131.
1169 4570 1413 4640 primum
1449 4587 1476 4624 e
1517 4570 1795 4637 superiore
1840 4583 2000 4622 versu
2042 4569 2328 4636 repetitum
2363 4583 2472 4622 esse
2514 4568 2731 4621 viderat
2773 4565 2841 4619 L.
2883 4564 3189 4619 Muellerus

569 4649 749 4703 Lucil.
786 4654 889 4705 sat.
927 4649 1022 4704 rel.
1051 4666 1114 4720 p.
1153 4655 1224 4705 43
1412 4654 1482 4702 20
1522 4648 1827 4715 eodemque
1863 4646 1919 4699 Β
1958 4647 2156 4702 eodem
2193 4647 2345 4716 quod
2384 4648 2441 4701 P
2475 4647 2673 4703 eodem
2710 4666 2753 4699 ω
2949 4643 3188 4698 diximus

568 4728 767 4784 Dousa
926 4735 994 4784 22
1024 4727 1171 4799 ’Ἆρες
1200 4728 1348 4800 Ἄρες
1383 4730 1609 4795 Dama,
1647 4741 1940 4796 arpe.ca.pe
1978 4743 2008 4779 e
2044 4726 2101 4779 Β
2138 4743 2278 4796 apec
2314 4743 2421 4798 ape
2459 4727 2504 4781 E
2549 4727 2655 4780 Ρω
2830 4731 2899 4779 23
2936 4724 3186 4792 itemque

569 4812 719 4879 quod
755 4812 811 4865 Β
846 4811 986 4866 item
1024 4812 1174 4880 quod
1214 4813 1322 4865 Ρω
1449 4816 1519 4864 24
1555 4806 2013 4878 praeponendum
2042 4822 2164 4861 esse
2192 4806 2238 4859 E
2278 4806 2456 4862 credit
2488 4806 2806 4872 Putschius,
2842 4819 3185 4875 praeponen-

569 4892 702 4947 dum
740 4909 861 4947 esso
898 4891 1169 4946 ‹ai-credit,
1208 4890 1314 4944 Ρω
1352 4888 1809 4959 praeponendum
1847 4903 1968 4942 esse
2006 4886 2184 4942 credit,
2219 4887 2274 4940 Β
