3613 5528
1077 441 1487 500 LEOTIONES
1524 442 1808 500 CODICIS
1845 442 2349 502 NEAPOLITANI
2890 446 3016 513 671

415 624 672 694 petentes
827 628 891 679 11
931 623 1119 697 Titus]
1154 623 1300 680 tieus
1458 630 1525 679 13
1562 624 1785 681 Portius
1929 625 2442 697 quadragensimum
2591 633 2659 682 14
2696 627 2795 682 sed
2832 644 2900 683 ne
2936 626 3018 682 in·

417 695 615 751 doctus
759 700 824 751 15
863 694 1185 751 Antistenes
1331 702 1396 750 19
1432 714 1603 767 regne
1640 713 1778 753 corr.
1818 714 1949 769 rege
2093 704 2162 753 20
2199 696 2406 753 dicitur
2440 714 2541 755 om.
2694 705 2763 754 22
2800 698 3023 754 infactis

416 770 532 824 oste
569 783 704 823 corr.
744 767 943 823 infacti
978 767 1215 839 spetiem
1322 773 1392 822 23
1429 767 1804 840 haurientem]
1844 769 2196 824 haurientem
2235 785 2463 839 aquam,
2500 772 2595 826 sed
2620 771 2789 825 deleto
2816 785 3021 841 aquam

556 844 678 906 274,
708 845 740 893 2
779 839 839 893 et
873 855 974 894 om.
1093 855 1343 894 connexa
1470 845 1500 894 7
1538 839 1844 912 drasticon]
1885 840 2250 911 apanasticon
2376 846 2410 895 8
2445 842 2738 912 tragaedia
2861 858 3021 912 prae·

415 928 657 1000 textata]
704 929 993 998 predicata
1157 934 1188 982 9
1227 927 1509 984 Atellania
1544 945 1682 984 corr.
1721 930 1988 985 Atellana
2129 929 2492 1001 Rhintonica]
2530 930 2812 1001 rythmica
2957 937 3022 985 15

415 999 790 1070 antipasticon
952 1005 1019 1057 17
1058 1001 1280 1071 ungavag-
1423 1000 1711 1073 sotadicis]
1761 1001 2046 1057 sodaliciis
2214 1008 2276 1057 18
2319 1001 2401 1074 et]
2448 1020 2518 1057 ex
2659 1001 2809 1071 quod
2857 1004 3021 1058 tonos

417 1071 623 1128 dicitur
770 1077 835 1127 19
866 1074 1202 1155 poeonicum
1239 1089 1377 1127 corr.
1416 1089 1563 1128 -com
1707 1078 1775 1127 22
1815 1073 2178 1129 circunflexus
2321 1078 2390 1128 23
2429 1072 2715 1146 dictionis]
2763 1073 3021 1130 lectionis

485 1150 555 1199 24
593 1160 738 1214 quae
776 1143 883 1198 sibi
920 1143 1136 1214 aliquid
1172 1160 1204 1199 e
1240 1143 1411 1198 trium
1449 1144 1796 1214 superiorum
1834 1144 1941 1201 sibi
1977 1144 2252 1216 vindicat,
2293 1147 2385 1201 scd
2421 1143 2528 1201 sibi
2561 1147 2748 1215 priore
2784 1145 2898 1201 loco
2935 1147 3020 1201 de·

417 1213 520 1271 leto
663 1221 730 1269 26
767 1214 1061 1271 leuitatem
1099 1232 1235 1270 corr.
1272 1214 1563 1274 lenitatem

555 1290 679 1355 275,
711 1292 739 1341 1
781 1285 822 1342 C
859 1303 959 1341 om.
1104 1289 1449 1358 spectantem
1605 1292 1638 1342 2
1678 1304 1842 1342 sonos
1876 1287 1936 1342 in
1973 1289 2060 1344 his
2097 1306 2196 1345 om.
2357 1294 2389 1344 3
2427 1288 2465 1342 h
2504 1287 2715 1358 scripta
2748 1287 3024 1358 prestabit

485 1358 675 1430 yphen
854 1363 888 1413 4
924 1376 1063 1430 quas
1098 1358 1155 1413 in
1194 1376 1364 1413 unam
1402 1358 1913 1430 pronuntiationem
2083 1366 2114 1415 5
2162 1360 2397 1416 facimus
2435 1359 2686 1429 utrisque
2723 1359 2880 1415 verbi
3046 1408 3051 1418 .

415 1437 447 1486 6
488 1447 558 1486 an
685 1429 844 1485 olans
881 1430 1015 1484 item
1055 1430 1392 1501 apostrophe
1516 1437 1546 1485 7
1584 1433 1785 1485 notant
1823 1432 1894 1487 ad
2016 1438 2049 1486 9
2087 1432 2377 1499 adponunt
2504 1438 2570 1486 10
2608 1429 3021 1486 DONATIANI

411 1501 607 1557 FRAG
670 1499 933 1556 ENTVM
969 1518 1069 1557 om.
1237 1508 1299 1557 11
1340 1501 1669 1557 Donatianis
1706 1519 1846 1560 corr.
1884 1503 1966 1558 -ni
2129 1509 2196 1558 13
2233 1503 2495 1574 dirigitur
2657 1507 2725 1556 14
2766 1502 3020 1559 etimolo-

412 1572 565 1644 giam
715 1577 781 1627 15
830 1573 1158 1644 etimologia
1304 1580 1369 1628 16
1415 1573 1736 1645 analogiam
1782 1574 1934 1646 greci
1987 1573 2068 1630 sic
2113 1575 2446 1630 definierunt
2491 1574 2672 1630 Analo
2715 1573 2769 1629 'a
2824 1578 2910 1629 est
2961 1574 3022 1629 in

415 1645 701 1716 symploce
739 1648 919 1714 λογων
957 1649 1279 1700 ακολουτων
1315 1644 1376 1701 id
1413 1649 1501 1701 est
1538 1662 1816 1702 connexus
1922 1651 1992 1701 20
2019 1646 2299 1717 Analogia
2326 1649 2411 1703 est
2437 1646 2495 1701 in
2523 1664 2680 1717 symp
2705 1661 2804 1701 oce
2839 1649 3020 1716 λογων

413 1719 750 1772 ακολουθων
787 1736 850 1772 εν
886 1718 1001 1783 aega

556 1793 679 1856 276,
712 1794 740 1842 1
788 1787 952 1843 huius
986 1805 1120 1844 vero
1158 1792 1457 1858 αναλογιαι
1616 1794 1649 1843 2
1688 1793 1963 1858 αναλογια
2128 1795 2159 1844 3
2196 1794 2473 1860 αναλογια
2510 1791 2597 1845 est
2630 1788 2691 1844 in
2729 1788 3021 1860 symploun

417 1864 596 1928 λογων
634 1863 969 1915 ακολουθων
1004 1859 1065 1914 id
1103 1862 1191 1915 est
1226 1877 1503 1916 connexus
1611 1866 1643 1915 5
1679 1860 1738 1915 in
1776 1865 2396 1932 αναλογιαριστοφανης
2433 1861 2681 1932 quinque
2801 1866 2834 1915 8
2873 1876 3020 1915 com·

413 1948 737 2003 pararemus
883 1937 950 1988 10
989 1931 1292 1988 foeminina
1438 1937 1502 1986 12
1542 1931 1810 1988 Catillina
1951 1932 2256 1989 foeminina
2399 1939 2465 1987 13
2504 1932 2741 1987 conviva
2776 1948 2876 1986 om.

419 2008 485 2058 14
520 2004 830 2059 Aucturato
950 2008 1014 2058 17
1053 2021 1175 2058 sum
1211 2003 1465 2075 Memmi]
1505 2003 1761 2059 sumenni
1879 2009 1947 2059 22
1989 2003 2335 2074 syllabarum
2371 2021 2509 2059 corr.
2539 2005 2609 2058 al.
2640 2021 2709 2060 m.
2748 2002 3022 2073 syllabam

557 2080 680 2140 277,
709 2081 741 2129 2
778 2092 880 2145 per
917 2075 996 2129 ὧν
1104 2095 1147 2128 ω
1186 2077 1245 2130 et
1280 2095 1313 2129 v
1348 2075 1408 2129 in
1444 2093 1481 2131 u
1520 2079 1578 2130 et
1613 2094 1670 2130 m
1706 2077 1932 2130 mutant
1967 2078 2029 2130 ut
2066 2077 2369 2131 Hectorum
2407 2074 2710 2131 Nestor-um
2836 2080 2872 2129 4
2909 2091 3022 2130 em·

414 2146 709 2201 blematmv
745 2149 1107 2202 toreumatmv
1143 2148 1451 2218 poematmv
1596 2153 1628 2201 5
1666 2147 1919 2216 genitivo
2063 2154 2094 2202 6
2132 2147 2500 2203 emblematos
2538 2145 3021 2222 emblematissse-

412 2221 659 2301 romatos
708 2217 1004 2273 ceromatis
1049 2221 1341 2287 poematos
1386 2218 1667 2288 poematis
1712 2220 2012 2290 pegmatos
2057 2219 2338 2290 pegmatis
2484 2225 2550 2273 10
2598 2221 2803 2274 exeunt
2839 2219 2897 2272 et
2933 2234 3022 2272 ac·

413 2289 628 2360 cipiunt

556 2367 677 2432 278,
710 2368 737 2416 1
776 2359 1003 2416 ATILII
1047 2360 1606 2416 FORTVNATIANI
1651 2360 1792 2416 ΑΕΒ
1839 2378 1938 2417 om.
2089 2368 2120 2418 7
2166 2361 2512 2417 deverticula
2654 2366 2687 2416 8
2776 2360 3019 2415 edetem-

409 2432 554 2503 ptim
700 2439 767 2488 10
804 2433 1019 2489 anteire
1167 2440 1227 2488 11
1267 2432 1586 2502 flagisttasti
1625 2449 1763 2489 corr.
1800 2432 2072 2502 flagitasti
2210 2439 2275 2489 13
2312 2434 2572 2505 poenitus
2705 2450 2739 2487 a
2815 2431 2944 2503 ovo]
2982 2448 3018 2486 a

412 2504 542 2559 vivo
689 2510 756 2561 14
804 2507 935 2561 ante
981 2520 1083 2574 per
1127 2521 1479 2575 precurram‚
1524 2506 1616 2560 sed
1651 2506 1820 2560 deleto
1854 2522 1956 2574 per
1990 2505 2172 2560 eadem
2207 2522 2380 2560 manu
2523 2510 2591 2560 16
2637 2508 2703 2559 ut
2738 2503 3020 2575 quaeque]

416 2575 613 2646 utique
652 2591 762 2647 que
871 2579 1106 2646 excepta
1252 2581 1315 2630 18
1354 2577 1481 2647 lege
1518 2575 1781 2648 musicos]
1822 2576 2073 2647 legemus
2219 2582 2285 2632 19
2324 2576 2595 2633 Lucillius
2631 2576 2962 2645 archeotyra

555 2671 678 2732 279,
708 2672 739 2719 2
778 2667 842 2720 ut
877 2682 975 2721 om.
1123 2672 1155 2720 4
1192 2664 1513 2720 memineris
1550 2682 1685 2722 corr.
1725 2664 1826 2720 -im
1973 2672 2006 2720 6
2043 2664 2341 2721 dichronos
2486 2672 2516 2720 7
2557 2666 2663 2721 hoc
2700 2663 2787 2719 est
2821 2680 2921 2718 om.

415 2742 481 2793 13
530 2740 588 2792 et
633 2743 759 2793 ante
805 2738 934 2793 sunt
976 2738 1192 2793 videtin·
1227 2753 1336 2793 esse
1370 2740 1435 2792 in
1470 2738 1674 2804 codice,
1722 2754 2051 2809 quamquam
2093 2753 2208 2793 non
2251 2737 2388 2793 satis
2433 2742 2575 2793 certo
2611 2736 2881 2807 apparuit

413 2826 555 2879 ygra
694 2810 788 2881 ne]
829 2826 930 2864 nec
1077 2815 1141 2864 15
1177 2809 1485 2864 iandudum
1633 2815 1707 2865 16⁴
1736 2826 1840 2880 gra
1873 2809 1935 2881 g]
1976 2809 2136 2879 gravi
2173 2826 2310 2865 corr.
2350 2826 2452 2880 gra
2489 2827 2528 2880 g
2671 2815 2737 2863 17
2775 2822 2917 2878 ygra

417 2885 482 2934 18
518 2880 736 2952 verum]
775 2884 1021 2937 ceterum
1143 2881 1341 2936 harum
1406 2897 1596 2935 eorum
1633 2897 1771 2936 corr.
1810 2881 2008 2935 harum
2133 2886 2202 2936 25
2239 2898 2345 2935 tac
2379 2900 2563 2951 τοιχια
2690 2884 2758 2935 28
2794 2882 2861 2933 ut
2896 2883 3023 2935 ante

419 2969 511 3007 ars
548 2968 649 3007 om.
794 2956 894 3008 aut
927 2952 988 3006 in
1023 2953 1161 3008 duas
1198 2952 1342 3022 sylla
1380 2969 1443 3007 as
1478 2954 1562 3007 bis
1595 2954 1804 3021 scripta

557 3029 679 3092 280,
713 3028 741 3077 1
776 3024 895 3096 nix]
933 3042 1045 3078 nux
1181 3030 1212 3078 5
1248 3023 1429 3095 luisti]
1467 3023 1553 3079 uti
1687 3029 1719 3079 6
1757 3022 2094 3095 supplicium
2132 3040 2270 3080 corr.
2309 3023 2451 3096 supl.
2592 3031 2658 3080 10
2693 3026 2858 3098 fiunt]
2896 3029 3028 3083 sunt

489 3101 554 3151 12
592 3100 779 3151 autem
818 3096 880 3150 hi
915 3094 1161 3151 universi
1302 3096 1591 3167 quattuor]
1630 3094 1718 3150 illi
1879 3100 1946 3149 14
1983 3096 2213 3168 vocant]
2251 3096 2544 3166 appellant
2703 3104 2770 3154 16
2807 3098 3023 3169 amphi-

413 3168 649 3237 brachys
779 3174 844 3222 17
883 3169 941 3222 et
977 3174 1103 3222 ante
1138 3167 1312 3238 longa
1346 3182 1447 3223 om.
1557 3183 1624 3222 ex
1660 3166 1904 3237 duabus]
1942 3184 1978 3222 a
2003 3167 2218 3223 duabus
2328 3166 2694 3223 antibacchus
2821 3175 2888 3225 18
2924 3169 3021 3225 tri-

2284 3240 2438 3281 iambo

417 3292 656 3363 brachys
805 3299 869 3348 19
907 3308 978 3347 ex
1012 3309 1070 3348 se
1133 3308 1257 3347 sexs
1411 3298 1482 3347 23
1517 3291 1704 3346 iambo
1743 3293 1803 3346 et
1836 3291 2145 3376 pyrrichio]
2182 3292 2462 3363 pyrrichio
2499 3295 2561 3349 et
2592 3294 2824 3349 trocheo
2967 3296 3026 3349 et

412 3365 677 3419 trochaeo
713 3380 813 3421 om.
960 3369 1032 3418 24
1114 3363 1454 3436 itrochaeus]
1508 3363 1818 3419 ditrochius
1921 3369 2029 3418 -25
2076 3363 2436 3435 dispondeus]
2484 3363 2810 3436 dispondius
2952 3371 3022 3423 26

412 3435 689 3506 pyrrichis
726 3452 863 3490 corr.
901 3434 1199 3506 pyrrichiis
1344 3452 1411 3490 ex
1456 3434 1645 3491 iambo
1683 3437 1742 3490 et
1777 3435 2025 3505 spondeo
2070 3435 2328 3505 epitritos
2366 3438 2629 3506 δευτερος
2667 3453 2734 3492 ex
2770 3437 3020 3508 spondeo

421 3509 480 3562 et
514 3508 702 3563 iambo
739 3507 993 3578 epitritos
1029 3507 1229 3562 tertius
1266 3524 1335 3562 ex
1371 3507 1613 3577 spondeo
1651 3508 1711 3561 et
1743 3507 1975 3562 trocheo
2011 3507 2263 3578 epitritos
2299 3509 2531 3577 quartus

558 3602 679 3665 281,
712 3602 738 3650 1
790 3596 928 3652 duos
974 3596 1184 3651 similes
1227 3596 1399 3667 pedes
1444 3594 1629 3666 iungit
1770 3602 1802 3650 2
1841 3596 2090 3652 diversos
2133 3596 2331 3667 pedes,
2381 3597 2476 3652 sed
2509 3597 2677 3653 deleto
2711 3596 2882 3668 pedes

415 3673 449 3721 4
486 3667 750 3723 alternati
858 3685 1149 3738 perversus
1186 3672 1481 3724 moventur
1605 3673 1637 3722 6
1674 3670 1740 3723 ut
1774 3684 1875 3725 om,
2015 3674 2046 3724 7
2083 3667 2315 3739 positio]
2354 3667 2632 3739 depositio
2768 3674 2801 3723 8
2838 3665 3024 3738 ἄρτιοι

416 3759 473 3810 et
521 3757 657 3829 ἴσοι]
703 3756 1054 3827 aptiblaetici
1197 3775 1309 3828 quo
1355 3756 1643 3827 inequalia
1685 3757 1911 3828 pepisos
1948 3760 2105 3826 (corr.
2144 3757 2419 3829 pepissos)
2469 3759 2528 3813 et
2572 3757 2785 3829 paricoi
2830 3758 3022 3831 appel-

418 3827 608 3882 lantur
753 3834 820 3883 10
857 3847 968 3899 quo
1004 3846 1142 3885 corr.
1181 3846 1294 3899 qua
1318 3830 1511 3899 priore
1546 3830 1659 3884 loco
1806 3835 1870 3884 11
1909 3835 2266 3900 ακαταλητον
2411 3835 2478 3884 12
2515 3833 2690 3884 aaroni
2732 3849 2889 3885 τικον

419 3905 483 3953 13
522 3898 1046 3968 brachycatalecton
1203 3899 1714 3971 ypercatalecticon
1749 3917 1888 3957 corr.
1923 3901 2380 3972 yper-catalecton
2544 3906 2610 3956 14
2647 3904 2706 3956 et
2706 3940 2730 3974 J
2770 3903 2880 3956 esta

421 3976 485 4025 16
523 3974 970 4039 καταληκτωςουν
1117 3978 1180 4026 17
1220 3971 1319 4042 qui
1466 3977 1531 4027 18
1564 3973 2017 4041 ypercatalecton
2053 3972 2219 4027 vallis
2361 3977 2432 4026 20
2469 3972 2551 4044 et]
2591 3974 2677 4027 est
2767 4014 2772 4022 .

556 4047 678 4104 282,
708 4047 742 4095 4
786 4042 1131 4113 ingredimur
1272 4049 1304 4098 5
1352 4042 1451 4098 alii
1496 4045 1687 4098 autem
1730 4060 1831 4114 per
1876 4045 2091 4114 sysgias
2130 4044 2189 4114 [l.
2229 4043 2513 4116 syzygias]
2555 4044 2807 4099 diversae
2955 4050 3017 4099 11

413 4129 637 4169 versum
673 4131 843 4168 unum
973 4118 1039 4170 15
1077 4117 1136 4168 et
1172 4131 1392 4170 comma
1425 4114 1516 4170 vel
1554 4115 1715 4170 colon
1751 4131 1852 4170 om.
1984 4121 2049 4171 16
2088 4115 2171 4171 De
2205 4114 2430 4185 rythmo
2560 4120 2627 4170 17
2662 4116 2950 4185 rythmum

417 4210 483 4258 18
520 4203 774 4272 rythmus
926 4204 1165 4258 metrom
1329 4209 1409 4260 19.
1449 4209 1519 4259 20
1555 4205 1810 4274 rythmus
1973 4210 2039 4258 21
2080 4222 2206 4260 cum
2243 4220 2345 4260 om.
2501 4210 2571 4259 23
2607 4203 2747 4259 toris
2891 4220 3021 4260 con-

414 4275 568 4330 fussa
711 4279 780 4329 24
816 4273 1097 4343 Vergilius

557 4352 679 4414 283,
710 4352 737 4400 1
776 4361 1077 4416 acorporea
1110 4346 1413 4403 abscissum
1570 4354 1604 4401 4
1642 4346 1940 4430 aggredior
1973 4348 2056 4402 vel
2091 4346 2390 4418 aggrediar
2540 4351 2572 4401 5
2609 4346 2926 4417 arohegona
2961 4345 3028 4400 N

417 4418 724 4488 archigona
757 4435 799 4472 n
942 4424 973 4473 6
1011 4417 1134 4473 colo
1261 4418 1560 4492 similibus]
1602 4417 1709 4474 sibi
1854 4424 1884 4473 7
1924 4423 1982 4474 et
2018 4423 2146 4475 ante
2180 4418 2543 4489 anapaestica
2578 4433 2677 4473 om.
2706 4417 2786 4485 N,
2822 4418 2954 4473 add.
2983 4434 3024 4472 n

487 4494 520 4543 8
557 4489 794 4560 phaleca
828 4490 896 4544 N
933 4488 1195 4559 phalesia
1228 4508 1270 4545 n
1411 4490 1525 4563 his]
1563 4490 1633 4546 iis
1777 4496 1840 4545 11
1882 4492 1982 4545 aut
2017 4507 2247 4546 numero
2284 4490 2631 4561 syzygiamm
2678 4491 2762 4557 (ut
2797 4490 2925 4545 add.
2962 4491 3023 4558 n)

414 4561 700 4617 trimetros
863 4568 928 4616 13
967 4561 1161 4617 eodem
1195 4580 1238 4617 n
1273 4578 1338 4618 eo
1375 4562 1444 4617 N
1598 4568 1663 4617 17
1702 4561 2130 4632 antispasticum
2166 4579 2293 4616 oum
2329 4562 2396 4617 N
2400 4583 2417 4616 .·
2455 4579 2582 4617 cum
2617 4561 2812 4617 delevit
2847 4576 2890 4614 n

421 4640 487 4690 18
524 4632 776 4688 adiciunt
810 4633 876 4687 N
906 4632 1181 4689 adiiciunt
1214 4651 1257 4687 n
1398 4638 1467 4688 28
1504 4632 1912 4706 hexametrum]
1954 4636 2013 4689 et
2047 4636 2394 4689 exametrum

556 4709 679 4771 284,
705 4709 731 4758 1
772 4704 1028 4776 heroum]
1066 4705 1296 4760 heorum
1324 4706 1627 4775 posteriore
1663 4706 1775 4760 loco
1919 4710 1953 4759 3
1989 4704 2200 4760 heroici
2343 4711 2377 4759 4
2415 4706 2688 4760 canantur
2722 4704 2788 4758 ut
2821 4703 3023 4760 heroes

486 4782 520 4834 5
556 4775 773 4860 epicus]
811 4776 1067 4848 epicurus
1102 4777 1170 4831 N
1199 4777 1389 4848 epicus
1425 4793 1467 4830 n
1501 4778 1567 4831 in
1600 4794 1773 4847 mary.
1918 4782 1951 4830 6
1989 4794 2221 4831 επεσται
2365 4783 2395 4831 7
2432 4774 2726 4831 Deliacum
2759 4775 2829 4830 N
2870 4774 3019 4831 Deli·

415 4848 630 4904 ciaoum
667 4863 708 4901 n
742 4865 805 4902 m
839 4864 1012 4930 marq.
1122 4848 1289 4904 metri
1325 4865 1426 4903 om.
1532 4847 1892 4904 Phemonoae
2035 4854 2068 4902 9
2103 4846 2164 4902 in
2200 4865 2327 4907 eum
2364 4846 2568 4932 Apollo
2604 4847 2923 4903 intenderet

422 4925 486 4974 10
525 4919 674 4993 quod
714 4935 782 4974 ex
816 4924 1010 4977 metris
1145 4926 1209 4975 11
1248 4919 1446 4991 etiam]
1485 4919 1594 4979 iam
1637 4922 1696 4977 et
1833 4925 1897 4977 12
1936 4918 2193 4977 omnibus
2227 4919 2288 4977 in
2321 4920 2460 4976 locis
2604 4924 2670 4975 18
2708 4916 2854 4974 XVI.
2891 4934 3022 4974 sun-
