3613 5528
1038 439 1628 496 ORTHOGRAPHIA.
1703 442 1799 497 DE
1839 443 2104 498 VERBIS
2143 442 2387 499 DVBIIS
2889 442 3010 507 107

400 553 443 589 p.
473 542 592 581 2246.
620 543 672 582 47
701 542 750 580 P.

580 624 850 687 Stlataris
897 627 1025 687 sine
1074 646 1105 686 c
1153 627 1348 689 littera
1397 627 1715 689 dicendum
1761 628 1834 689 ab
1883 629 2086 710 stlata,
2132 636 2259 689 rate
2305 630 2567 706 piratica.

582 733 905 795 Stellonem
950 732 1132 796 dicito
1180 736 1309 795 sine
1354 736 1375 795 i
1421 734 1619 795 littera
1667 752 1698 794 a
1746 735 2133 797 similitudine
2183 735 2504 799 stellarum.
2557 736 2565 810 Ι

1198 1250 1338 1323 DE
1400 1251 1791 1324 VERBIS
1857 1251 2215 1340 DVBIIS

576 1464 641 1526 In
691 1465 1090 1545 singularibus
1136 1467 1332 1528 verbis
1382 1467 1563 1528 multa
1610 1465 1788 1528 dubia
1831 1466 2140 1529 habentur.
2215 1487 2282 1530 ea
2320 1487 2430 1548 per
2468 1469 2739 1530 ordinem
2785 1472 3015 1547 littera-

343 1598 370 1638 s
408 1591 546 1634 rum
591 1592 971 1652 exequemur.

576 1679 882 1740 Avellanae
942 1697 1127 1740 nuces
1175 1687 1236 1740 et
1282 1679 1584 1741 abellinae.
1657 1682 1814 1741 acris
1861 1688 1921 1742 et
1968 1699 2133 1764 acer,
2191 1684 2457 1762 quamvis
2503 1681 2702 1744 dicant
2746 1681 3016 1762 plerique

400 1789 554 1847 acris
609 1787 985 1868 femininum,
1050 1805 1187 1847 acer
1243 1788 1665 1849 masculinum:
1735 1789 1821 1848 sic
1882 1787 2093 1848 alacris
2150 1797 2212 1850 et
2275 1788 2484 1850 alacer.
2575 1807 2882 1849 accersere
2944 1787 3016 1848 ab

399 1894 706 1975 acciend03
743 1895 988 1974 accersi,
1025 1911 1143 1953 non
1174 1895 1481 1953 accersini.
1547 1911 1831 1954 accusare
1861 1912 2131 1977 arguere,
2169 1897 2443 1956 incusare
2474 1898 2661 1975 queri.
2717 1897 3017 1975 accipiter,

399 2019 515 2061 non
555 2009 849 2079 acceptor.
923 1999 1130 2060 adulor
1167 1998 1268 2060 illi.
1342 2000 1629 2081 adsentio,
1669 2002 1808 2079 quia
1845 2000 2098 2082 adsensi,
2148 2020 2266 2071 non
2306 2002 2626 2063 adsentior.
2692 2001 3014 2083 adstringe,

320 2132 369 2171 ιο
400 2126 516 2168 non
562 2109 841 2186 astringe.
915 2106 1247 2168 adulterina
1292 2105 1636 2188 adulterata,
1682 2114 1741 2167 at
1786 2107 2053 2169 adultera
2102 2127 2252 2187 quae
2302 2108 2611 2170 adulterat.
2688 2109 3016 2169 adventicia

399 2233 596 2295 caena,
643 2227 761 2275 non
800 2214 1157 2275 adventoria.
1233 2212 1500 2274 aemulor
1538 2212 1719 2293 illum,
1767 2232 1885 2274 non
1925 2214 2023 2274 illi.
2102 2213 2301 2296 alium,
2347 2233 2466 2276 non
2505 2215 2673 2296 alius»,
2714 2217 2850 2295 quia
2888 2214 3013 2276 alia.

398 2321 663 2404 alvearia,
712 2340 829 2382 non
875 2319 1116 2381 alvinae.
1193 2319 1358 2380 alvus
1406 2318 1551 2380 haec
1599 2338 1790 2403 nunc,
1837 2321 1941 2381 sed
1989 2323 2187 2400 apium
2235 2321 2348 2382 hic.
2424 2321 2601 2404 alica,
2645 2339 2764 2382 non
2812 2321 3017 2382 halica.

397 2428 656 2508 alioquin
721 2428 1150 2513 adlirniativum
1216 2432 1324 2486 est.
1428 2425 1712 2508 amolum,
1777 2446 1896 2487 non
1964 2427 2254 2508 amulum,
2333 2428 2492 2508 quod
2563 2446 2683 2489 non
2748 2428 3017 2490 molatur.

400 2533 687 2596 ambobus
752 2552 869 2595 non
934 2532 1147 2614 ambiS,
1223 2541 1283 2593 et
1342 2531 1643 2594 ambabus
1732 2533 2059 2613 amplector
2121 2534 2331 2617 semel,
2399 2535 2701 2615 amplexor
2765 2537 3016 2614 saepius.

320 2666 370 2705 15
403 2641 662 2722 ambitio,
701 2641 936 2721 quando
976 2642 1067 2723 fit3
1106 2639 1379 2715 ambitus,
1420 2659 1555 2701 cum
1596 2641 1785 2701 sactus
1827 2649 1933 2703 est.
2001 2659 2307 2703 amaracus
2344 2642 2506 2703 haec.
2580 2661 2720 2702 anas
2758 2650 2819 2703 et
2854 2660 3021 2724 anuS,

402 2757 721 2830 utrumque
771 2750 1120 2811 femininum
1168 2757 1274 2810 est.
1370 2767 1554 2828 angor
1601 2767 1818 2809 nomen
1866 2757 1926 2811 et
1987 2748 2233 2811 verbum
2296 2756 2404 2811 est.
2496 2747 2796 2811 antidotus
2854 2748 3016 2811 haec.

579 2991 607 3038 1
656 2984 875 3055 Flagris
922 2983 1041 3039 sine
1090 2999 1120 3038 ο
1165 2982 1462 3038 dicendum
1510 2984 1794 3039 abstracta
1841 2989 1963 3041 rate
2011 2983 2252 3055 piratica.
2284 2984 2340 3038 B
2386 2943 2536 3037 saffris
2585 2983 2703 3039 sine
2751 3000 2780 3038 0
2825 2984 3020 3039 naara

398 3063 696 3119 dicendum
735 3066 1025 3120 abstracta
1058 3058 1179 3118 rate
1216 3062 1456 3133 piratica
1496 3061 1543 3116 0
1680 3064 1828 3135 rate]
1868 3068 1994 3120 rata
2033 3066 2106 3118 M
2247 3071 2279 3120 2
2331 3061 2647 3117 Stillionem
2687 3063 2861 3119 dicito
2899 3064 3018 3119 sine

401 3162 433 3200 e
484 3145 675 3199 littera
725 3162 760 3200 a
811 3144 1181 3200 similitudine
1240 3143 1519 3218 stillarum
1568 3145 1624 3199 Β
1681 3145 1943 3200 stilonem
2003 3148 2162 3212 (corr.
2218 3143 2542 3210 stillionem)
2595 3141 2766 3197 dicito
2815 3143 2935 3197 sine
2987 3159 3018 3197 e

399 3225 593 3280 littera
617 3226 690 3280 ad
728 3223 1135 3281 similtudinem
1163 3223 1441 3279 stillarum
1477 3224 1819 3280 EXPLICIT
1861 3225 1908 3279 C
1941 3224 2255 3280 Stillionem
2284 3226 2457 3281 dicito
2487 3224 2557 3280 ad
2590 3220 3016 3278 similitudinem

397 3305 681 3360 stillarum
711 3323 773 3375 p.
813 3305 1108 3360 stelionem
1145 3303 1347 3358 Festus
1374 3320 1436 3372 p.
1476 3309 1599 3361 313.
1726 3312 1730 3315 ⁴

579 3403 611 3450 3
648 3394 831 3451 ITEM
871 3393 1109 3449 CAPER
1154 3393 1250 3448 DE
1298 3391 1559 3447 UERBIS
1614 3393 1854 3449 DUBIIS
1896 3393 1943 3448 Ο
1983 3394 2164 3450 ITEM
2211 3396 2309 3450 DE
2357 3393 2619 3449 UERBIS
2665 3391 2908 3447 DUBIIS
2945 3392 3018 3458 B,

396 3492 501 3530 om.
536 3476 611 3529 M
732 3481 766 3529 4
795 3473 964 3546 dubie
992 3473 1048 3526 B
1174 3472 1490 3528 litterarum
1518 3491 1617 3530 om.
1651 3475 1724 3528 M
1730 3473 1847 3527 BC
1952 3481 1984 3528 6
2013 3492 2377 3546 exsequemur
2395 3492 2440 3545 p
2470 3473 2800 3543 exequimur
2829 3472 2902 3526 M
2908 3470 3025 3526 BG

525 3562 557 3610 6
594 3555 869 3609 Auellane
905 3569 1075 3609 nuces
1113 3555 1171 3607 et
1207 3552 1440 3607 abilline
1482 3553 1529 3608 0
1560 3555 1832 3610 Auellane
1869 3572 2040 3610 nuces
2079 3558 2138 3611 et
2174 3556 2386 3620 abiline
2423 3554 2479 3608 Β
2517 3554 2719 3609 Auella
2755 3569 2924 3608 nuces
2962 3559 3022 3610 et

396 3636 659 3691 auellana
697 3635 772 3689 M
813 3633 1122 3689 Auellanae
1159 3650 1326 3688 nuces
1373 3652 1485 3690 non
1522 3635 1816 3690 Abellinas
1861 3653 1922 3705 p.
1980 3637 2049 3703 cf.
2094 3635 2249 3691 Plin.
2287 3653 2343 3690 n.
2380 3636 2503 3690 hist.
2546 3634 2673 3687 XV
2702 3639 2804 3701 22,
2842 3640 2920 3689 88
2957 3637 3022 3689 ut

394 3717 458 3771 in
492 3716 766 3771 abellanis
804 3716 863 3769 et
897 3714 1023 3784 ipso
1058 3731 1262 3768 nucum
1299 3732 1529 3786 genere,
1578 3732 1718 3786 quas
1754 3717 1924 3770 antea
1961 3714 2236 3770 abellinas
2285 3714 2470 3785 patrio
2507 3715 2730 3769 nomine
2769 3713 3018 3784 appella-

394 3796 539 3851 bant
714 3801 743 3850 ⁷
792 3791 1124 3848 femininum
1172 3810 1287 3850 esse
1323 3795 1380 3849 Β
1559 3811 1844 3849 accersere
1882 3794 1954 3848 ab
1991 3795 2240 3849 acuendo
2282 3796 2356 3848 M
2405 3794 2679 3850 accersire
2725 3794 2799 3849 ab
2836 3810 3020 3849 accer-

394 3874 589 3931 siendo
625 3873 785 3943 Bcp
958 3879 991 3927 8
1029 3875 1237 3929 accersi
1275 3892 1385 3930 nou
1422 3875 1661 3932 acersiui
1698 3876 1753 3929 Β
1791 3873 1998 3930 arcessi
2036 3889 2152 3928 non
2187 3874 2457 3930 arcessiui
2484 3891 2530 3944 p
2694 3881 2726 3929 9
2765 3873 3021 3928 adsentio

395 3955 534 4025 qnia
568 3953 778 4009 assensi
813 3970 923 4007 non
961 3953 1182 4009 adsenti
1218 3954 1273 4007 Β
1309 3956 1555 4012 assentio
1592 3955 1727 4026 quia
1762 3953 1977 4009 assensi
2015 3969 2127 4007 nou
2166 3954 2379 4009 assenti
2417 3955 2465 4010 0
2625 3951 2872 4022 astringe
2907 3969 3020 4007 non

393 4035 683 4105 adstringe
719 4033 837 4089 BC
869 4033 1120 4103 astringe
1157 4051 1269 4089 non
1307 4036 1519 4106 stringe
1560 4036 1633 4089 M
1795 4039 1862 4088 10
1901 4030 2219 4087 adulterina
2255 4051 2365 4089 non
2405 4035 2727 4090 adulterata
2762 4033 3020 4087 adultera

393 4133 542 4187 quae
578 4114 863 4170 adulterat
897 4112 953 4166 B
968 4113 1026 4167 G.
1080 4115 1312 4181 fortasse
1357 4115 1674 4170 adulterina
1722 4130 1867 4183 quae
1914 4110 2234 4167 adulterata
2272 4117 2426 4183 sunt,
2475 4116 2537 4169 at
2583 4112 2841 4167 adultera
2878 4128 3021 4180 quae

393 4196 685 4253 adulterat
860 4193 1191 4248 Aduentitia
1227 4211 1364 4250 cena
1398 4213 1512 4251 non
1549 4192 1868 4250 aduentiria
1906 4194 1981 4247 M
2161 4201 2222 4248 11
2273 4194 2485 4249 Allium
2521 4211 2636 4249 non
2672 4192 2838 4247 allius
2887 4192 3022 4260 quia

392 4276 537 4333 allia
571 4275 685 4330 BG
716 4274 859 4331 alios
896 4290 1007 4328 non
1043 4273 1171 4328 aliis
1207 4273 1340 4342 quia
1376 4273 1489 4329 alia
1528 4276 1603 4329 M
1613 4297 1626 4329 ε
1677 4276 1748 4342 cf.
1788 4273 2005 4328 Charis.
2035 4291 2093 4342 p.
2137 4279 2227 4339 70,
2265 4278 2344 4330 27
2509 4279 2571 4327 12
2610 4268 2876 4327 Aluearia
2909 4285 3020 4323 non

392 4358 621 4412 aluinae
656 4355 772 4410 BG
812 4354 991 4411 aluari
1036 4372 1148 4410 non
1190 4356 1375 4411 aluine
1420 4357 1518 4422 M,
1564 4372 1663 4411 om.
1701 4372 1747 4424 p
1963 4354 2139 4408 Aluus
2188 4355 2328 4410 haec
2365 4372 2512 4410 nunc
2549 4353 2646 4409 sed
2698 4350 2889 4421 apium
2927 4351 3019 4404 hic

392 4436 516 4491 BC
567 4435 727 4490 alnus
780 4435 922 4490 haec
977 4434 1076 4490 sed
1130 4452 1299 4505 apum
1352 4434 1446 4489 hic
1493 4436 1569 4489 M
1620 4434 1815 4489 alueus
1868 4433 2008 4488 haec
2061 4451 2211 4488 nunc
2265 4435 2364 4489 sed
2420 4433 2612 4503 apium
2658 4449 2720 4501 p.
2789 4432 3020 4498 fortasse

395 4517 562 4571 alvus
608 4516 747 4571 haec
793 4532 939 4569 nunc
985 4513 1219 4583 dicitur,
1258 4516 1356 4570 sed
1403 4514 1553 4585 apud
1590 4514 1824 4569 Accium
1870 4513 2037 4569 haec:
2085 4515 2155 4580 cf.
2198 4513 2475 4568 Priscian.
2524 4513 2559 4569 1.
2611 4511 2662 4565 V
2697 4528 2755 4580 p.
2793 4515 2929 4576 163,
2965 4514 3017 4566 4.

394 4598 432 4651 1.
483 4595 579 4648 VI
616 4613 675 4665 p.
722 4600 870 4661 268,
914 4599 987 4649 16
1202 4594 1342 4651 alisa
1392 4613 1504 4651 non
1555 4598 1649 4652 (no
1699 4597 1774 4665 Β)
1828 4596 1976 4652 alica
2023 4594 2139 4648 ΒΟ
2182 4594 2324 4649 haec
2374 4592 2520 4649 alica
2568 4606 2677 4645 non
2725 4590 2912 4644 halica
2955 4607 3016 4659 p,

372 4693 501 4732 -om.
545 4676 619 4729 M
824 4681 889 4730 13
937 4674 1188 4743 alioquin
1240 4693 1376 4731 corr.
1418 4674 1629 4745 alioqui
1680 4676 1747 4745 Ο,
1793 4675 2007 4747 alioqui
2050 4691 2091 4743 p
2292 4678 2358 4728 14
2395 4674 2452 4726 et
2489 4671 2761 4725 ambabus
2806 4687 2907 4724 om.
2949 4670 3021 4723 M

547 4761 611 4809 15
649 4756 899 4827 quando]
935 4759 1038 4823 ῖῂῖί
1078 4757 1152 4810 M
1156 4755 1273 4811 BG
1447 4772 1737 4812 amaracus
1776 4789 1843 4797 —
1887 4763 1950 4811 16
1995 4753 2283 4809 antidotus
2328 4768 2429 4806 om.
2466 4752 2522 4806 B
2702 4749 3016 4820 amaracus]

397 4837 716 4969 amararatco
758 4836 831 4890 M
842 4835 909 4890 0:
977 4836 1130 4906 Verq.
1170 4835 1307 4893 Aen.
1347 4837 1391 4892 I
1432 4839 1545 4891 693
1592 4836 1779 4892 mollis
1827 4851 2115 4892 amaracus
2296 4849 2435 4888 anus
2480 4832 2541 4888 et
2592 4847 2724 4885 anes
2765 4831 2839 4887 M
2883 4846 3021 4887 anas

396 4919 461 4971 et
494 4932 627 4970 enes
