3613 5528
691 1271 918 1379 ARS
981 1271 1563 1372 AGROEGII
1635 1272 1789 1372 DE
1854 1270 2803 1373 ORTHOGRAPHIA

814 1597 1161 1665 DOMINO
1208 1595 1663 1665 EVCHERIO
1708 1595 2132 1665 EPISGOPO
2178 1597 2634 1666 AGROECIV
2637 1599 2681 1667 S

446 1715 488 1753 p.
518 1706 624 1745 2265
650 1705 701 1745 P.

618 1780 908 1843 Libellum
964 1780 1141 1862 Capri
1199 1780 1273 1843 de
1321 1781 1740 1867 orthographia
1784 1784 2003 1849 misisti
2047 1781 2209 1843 mihi.
2293 1782 2438 1844 haec
2487 1802 2726 1864 quoque
2770 1802 2871 1845 res
2915 1803 3051 1864 pro-

442 1890 634 1969 posito
680 1896 784 1950 tuo
831 1896 892 1950 et
939 1887 1206 1950 moribus
1253 1891 1372 1951 tuis
1420 1907 1681 1969 congrua
1733 1898 1844 1972 est,
1889 1898 1974 1972 ut,
2019 1892 2122 1969 qui
2167 1908 2277 1950 nos
2313 1891 2375 1950 in
2412 1889 2591 1951 huius
2627 1893 2780 1953 vitae
2819 1889 3050 1952 actibus

443 1997 743 2075 corrigere
799 1998 913 2077 viS‚
968 1998 1145 2056 etiam
1199 1997 1263 2056 in
1318 1994 1621 2058 scribendi
1665 1997 1878 2059 studiis
1933 1995 2299 2058 emendares».
2382 1996 2529 2057 nihil
2584 2016 2728 2078 ergo
2785 1997 2944 2073 quod
2991 1998 3052 2057 in

444 2103 616 2166 nobis
661 2112 754 2166 est
798 2104 1134 2165 alienum’a
1181 2105 1563 2182 castigatione
1612 2112 1711 2165 tua
1759 2103 1982 2166 credis:
2037 2105 2233 2164 omnia
2278 2113 2509 2188 nostra,
2564 2115 2626 2167 et
2683 2124 2832 2184 quae
2891 2103 3054 2166 dictu

392 2217 418 2257 ὅ
444 2229 620 2291 parva
670 2218 837 2294 sunt,
897 2209 1147 2272 sollicita
1193 2210 1401 2290 indage
1448 2213 1713 2293 rimariS‚
1768 2230 1801 2270 a
1848 2210 2097 2272 vivendo
2143 2211 2215 2272 ad
2264 2211 2675 2293 scribendum,
2731 2210 2803 2272 ab
2859 2213 3054 2273 animo

446 2319 519 2379 ad
572 2336 840 2402 manum,
893 2336 928 2379 a
985 2319 1165 2380 corde
1211 2316 1281 2379 ad
1340 2318 1658 2380 articulum
1711 2321 2006 2398 pervenis
2089 2319 2202 2380 hoc
2258 2327 2352 2381 est
2406 2337 2546 2380 vere
2603 2336 2900 2380 summum
2959 2318 3054 2379 dei

444 2425 814 2486 sacerdotem
873 2444 1027 2503 esse,
1090 2427 1439 2487 commissos
1500 2425 1613 2486 sihi
1672 2425 1972 2508 homineS‚
2036 2434 2105 2487 ut
2164 2429 2279 2507 ipsi
2323 2426 2549 2509 dicitis,
2609 2434 2670 2488 et
2725 2422 3056 2486 secundum
3164 2449 3168 2452 >

444 2534 719 2612 spiritum
764 2532 1033 2594 imbuere
1081 2542 1142 2594 et
1187 2532 1514 2595 secundum
1551 2531 1809 2603 litteram
1847 2533 2193 2612 perdocere.
2268 2533 2407 2595 huic
2445 2552 2588 2612 ergo
2627 2531 2803 2612 Capri
2839 2530 3056 2613 libello,

443 2642 546 2719 qui
589 2648 684 2701 est
729 2640 802 2701 de
849 2640 1267 2721 orthographia
1315 2647 1375 2701 et
1433 2622 1507 2701 de
1553 2641 1918 2719 proprietate
1966 2658 2032 2700 ac
2079 2639 2410 2703 differentia
2458 2658 2833 2722 sermonum,
2878 2658 3055 2721 quae·

364 2754 416 2795 1⁰
444 2745 575 2808 dam
624 2745 929 2809 adicienda
976 2746 1221 2828 subieci,
1267 2766 1387 2808 non
1435 2746 1593 2828 quod
1641 2749 1730 2809 vir
1775 2755 1971 2810 tantae
2018 2750 2267 2828 peritiae
2314 2748 2531 2830 aliquid
2570 2750 3057 2831 praetermiserit,

444 2862 561 2914 tam
620 2854 824 2915 multis
877 2857 1229 2936 praesertim
1285 2835 1618 2916 litterarum
1677 2855 1960 2934 operibus
2007 2855 2343 2917 celebratus
2390 2867 2450 2918 et
2494 2859 2555 2918 in
2604 2857 3056 2919 commentando

444 2962 621 3022 etiam
678 2960 962 3023 Cicerone
1022 2964 1407 3044 praecipuus,
1469 2962 1573 3023 sed
1629 2964 1767 3041 quia
1821 2980 1932 3022 nos
1988 2962 2247 3024 difficilia
2300 2971 2582 3042 putamus
2635 2983 2786 3044 quae
2845 2964 2943 3025 ille
2991 2972 3058 3024 ut

623 3172 697 3226 M
732 3173 898 3227 codex
930 3172 1012 3226 M
1009 3171 1456 3240 ontepeseuzanus
1492 3173 1604 3225 306

622 3250 680 3305 Β
717 3252 884 3308 codex
917 3250 1218 3307 Romen-sis
1253 3255 1366 3306 432

624 3330 675 3386 Ο
705 3333 873 3388 codex
904 3332 1207 3387 Ber-nensis
1242 3335 1355 3386 338

764 3429 793 3467 c
829 3413 1067 3468 eiusdem
1102 3413 1306 3468 codicis
1340 3416 1607 3467 corrector

620 3507 654 3550 3
699 3492 962 3558 editiones
1007 3494 1424 3564 antiquissimae
1466 3511 1535 3550 ea:
1579 3493 1816 3549 editione
1853 3490 2055 3547 Veneta
2089 3491 2320 3548 Nic-olai
2355 3494 2399 3547 I
2396 3494 2587 3550 ensoni
2630 3510 2939 3565 expressae,
2988 3511 3056 3549 ea:

690 3573 891 3642 quibus
919 3590 1113 3642 pauca
1149 3574 1433 3644 adscripta
1467 3577 1599 3629 sunt

611 3669 657 3722 p
668 3652 861 3745 —e-‹ffitio
901 3651 1185 3720 Putschii,
1221 3669 1289 3708 ex
1324 3670 1436 3724 qua
1470 3654 1596 3709 item
1623 3669 1816 3722 pauca
1844 3653 2137 3745 ffifflffia
2169 3659 2302 3709 sunt
2730 3740 2837 3749 —

620 3749 815 3805 EPLA
849 3748 1205 3842 AGROECIJ·
1233 3751 1333 3806 AD
1370 3749 1808 3806 EUCHERIUM
1842 3751 1994 3805 EPM
2024 3750 2265 3808 Domino
2292 3769 2418 3808 meo
2446 3753 2838 3846 eucher-io—epo
2857 3769 3054 3824 agroe-

436 3849 556 3907 tius
614 3850 853 3907 salutem
906 3849 983 3904 M
1041 3848 1119 3902 IN
1125 3848 1211 3903 ΟΡ
1268 3847 1409 3902 ΑΕΒ
1467 3848 1814 3906 AGROECII
1867 3847 1966 3902 DE
2021 3846 2549 3906 ORTHOGRAFIA
2596 3851 2751 3906 DNO
2798 3849 3056 3907 eucherio

439 3948 706 4019 episeopo
742 3945 1023 4018 agroetius
1058 3946 1116 4000 B
1160 3934 1364 4003 mci?
1396 3947 1536 4002 ARS
1572 3945 1925 4002 AGROETH
1971 3943 2336 4002 RETHORIS
2382 3948 2482 4003 DE
2520 3947 3047 4004 ORTOGRAPHIA

438 4027 832 4084 FELICITER
875 4027 1113 4084 Domino
1166 4025 1426 4082 eucherio
1465 4027 1727 4098 episcopo
1774 4025 2059 4097 agroetius
2098 4024 2146 4079 Ο
2188 4027 2489 4098 Agraefius
2534 4030 2605 4085 de
2652 4028 3056 4100 orthographia.
3138 4073 3164 4084 ,

437 4111 499 4165 et
536 4108 880 4180 proprietate
914 4112 974 4165 et
1007 4107 1326 4164 differentia
1361 4107 1645 4163 sermonis.
1699 4106 1940 4162 Domino
1978 4122 2103 4162 meo
2131 4105 2408 4165 Eucherio
2435 4110 2715 4181 Episcopo
2753 4109 3053 4180 Agraetius

438 4188 683 4244 salutem
721 4189 862 4245 dicit
897 4205 931 4248 3
1075 4195 1103 4243 1
1142 4188 1367 4259 pposito
1401 4188 1459 4243 Β
1607 4194 1640 4242 2
1676 4187 1790 4243 tuis
1819 4205 1920 4244 om.
1953 4187 2002 4242 Ο
2138 4190 2203 4244 ut
2239 4190 2339 4259 qui
2373 4209 2476 4247 nos
2516 4192 2593 4246 M
2624 4194 2691 4247 ut
2726 4207 2834 4264 que
2872 4206 2974 4244 nos
3012 4187 3060 4242 Ο

436 4271 508 4324 ut.
544 4276 657 4339 quai
693 4285 820 4340 nos,
856 4270 950 4325 sed
984 4270 1153 4325 acido
1191 4286 1290 4324 nos
1325 4269 1401 4338 B,
1438 4270 1504 4324 ut
1536 4267 1673 4340 quia.
1708 4266 1931 4323 scilicet
1963 4282 2064 4322 nos
2101 4282 2135 4325 3
2287 4275 2321 4324 3
2360 4286 2493 4341 ergo
2532 4271 2706 4341 quod]
2748 4285 2968 4339 quoque
3008 4267 3057 4321 Ο

548 4407 585 4457 4
622 4402 800 4459 credis
838 4404 1027 4459 omnia
1059 4404 1116 4459 Β
1153 4350 1344 4475 credda
1380 4403 1571 4459 omnia
1609 4403 1680 4457 M
1718 4401 1897 4458 credis
1934 4419 2062 4458 cum
2098 4404 2288 4459 omnia
2327 4405 2376 4460 Ο
2514 4404 2685 4460 etiam
2723 4419 2867 4474 quae
2896 4420 2940 4472 p

437 4491 471 4540 5
510 4482 714 4555 parva]
750 4500 930 4555 praua
966 4483 1035 4553 Ο,
1072 4484 1164 4540 uel
1198 4500 1377 4554 parua.
1411 4499 1676 4553 super-scr.
1713 4499 1744 4538 c
1905 4485 2058 4556 eunt]
2099 4484 2213 4539 sint
2245 4483 2302 4538 Β
2466 4489 2496 4537 ’1
2535 4499 2654 4539 esse
2692 4500 2794 4539 om.
2834 4484 2911 4538 Μ
2914 4484 2970 4538 Β
2984 4483 3055 4538 0.-

439 4581 728 4621 summum
765 4563 1110 4619 sacerdotem
1149 4562 1242 4618 dei
1279 4579 1398 4619 esee
1436 4578 1471 4622 3
1603 4570 1637 4619 8
1671 4563 1976 4634 perducere
2018 4565 2091 4619 M
2215 4563 2367 4633 capri
2403 4562 2550 4618 libro
2585 4563 2680 4618 uel
2717 4563 2910 4620 libello
2948 4564 3055 4620 ΒΟ

549 4650 583 4699 9
622 4644 719 4714 qui
755 4645 866 4717 est]
903 4660 1070 4714 quem
1106 4642 1202 4710 M,
1238 4658 1337 4699 om.
1375 4642 1495 4698 ΒΟ
1651 4649 1719 4699 10
1753 4661 1867 4700 non
1904 4644 2055 4715 quod
2091 4642 2208 4698 ΒΟ
2237 4660 2353 4698 non
2388 4641 2524 4712 quia.
2559 4642 2635 4695 M
2789 4649 2853 4698 11
2899 4644 2958 4698 et
2991 4642 3052 4696 in

436 4725 885 4782 commendando
936 4724 1108 4782 etiam
1162 4723 1414 4779 cicerone
1469 4724 1808 4792 (cicecerone
1858 4742 1997 4781 corr.
2044 4740 2136 4779 -ne
2184 4723 2257 4796 Ο)
2302 4720 2638 4793 praecipuus
2683 4722 2801 4777 ΒΟ
2841 4725 2902 4778 et
2958 4723 3054 4793 qni

437 4805 873 4862 commentando
911 4806 1083 4862 etiam
1121 4805 1370 4862 cicerone
1405 4802 1739 4875 praecipuus
1773 4805 1858 4863 M.
1913 4807 2144 4874 sortasse
2179 4805 2239 4859 et
2274 4802 2374 4873 qui
2410 4803 2843 4859 commentando
2880 4804 3054 4859 etiam

441 4888 715 4946 Cicerone
751 4889 839 4943 est
871 4886 1203 4959 praecipuus
1353 4892 1418 4942 12
1456 4886 1555 4942 sed
1591 4884 1747 4958 quia]
1786 4885 1908 4942 siue
1946 4892 2060 4956 qua'.
2094 4885 2151 4940 Β
2187 4884 2284 4939 sed
2322 4882 2373 4941 Ο

554 4995 865 5028 cama-rtet
890 4996 1063 5028 tum
1101 4996 1189 5028 vn.
2595 4979 2627 5032 8
