3613 5528
1300 361 1654 416 EXEMPLA
1690 357 2224 415 sLoov'noNVu
2487 324 2490 328 ’
2933 356 3063 421 497

458 475 505 513 p.
533 459 629 501 250.
658 458 738 499 251
766 458 819 500 1,.

461 563 664 624 quam
712 544 881 606 boni
926 553 1048 607 aut
1091 545 1255 607 mali
1311 546 1589 627 publici
1645 564 1916 627 gnavus
1973 552 2270 606 exactor
2316 565 2332 606 ε
2378 545 2465 606 sic
2510 551 2571 605 et
2618 543 2913 606 obtrectat
2966 543 3067 626 illi,

459 650 668 713 Cicero
714 651 787 713 de
834 654 1083 733 imperio
1131 653 1234 716 Cn.
1280 654 1526 735 Pompei
1571 654 1768 731 (821)
1817 655 1937 733 qui
1983 652 2149 714 huic
2195 651 2615 713 obtrectant
2663 651 2804 731 legi
2850 660 3063 731 atque

460 777 781 820 causae.

637 864 800 927 Obiit
844 874 1126 948 mortem,
1171 866 1306 929 Ter.
1346 866 1527 929 Heau.
1567 870 1674 941 (ΙΙ
1700 868 1883 948 3,30)
1931 886 2006 928 ea
2055 866 2237 928 obiit
2281 875 2580 929 mortem
2620 914 2634 928 .
2673 865 2837 928 obire
2886 867 3061 946 signi·

411 974 605 1034 sficat
659 974 811 1034 inire
871 972 989 1051 [vel
1047 973 1267 1057 abire]‚
1324 974 1442 1036 Cic.
1500 977 1561 1037 in
1618 975 1785 1037 Catil.
1845 973 1924 1034 111
1971 975 2179 1050 (zm)
2236 974 2418 1036 nihil
2475 982 2630 1036 erat
2687 973 2871 1053 quod
2929 991 3062 1034 non

459 1081 611 1161 ipse
658 1079 897 1141 obiret
940 1127 955 1141 .

638 1187 879 1249 Otiosus
926 1186 998 1248 ab
1047 1188 1142 1249 illa
1189 1208 1283 1271 re,
1329 1188 1463 1250 Ter.
1510 1189 1684 1251 Phor.
1732 1192 1841 1264 (ΙΙ
1879 1190 2058 1264 2,26)
2096 1191 2419 1251 otiosum
2465 1190 2547 1251 ab
2595 1191 2823 1251 animo
2873 1236 2885 1250 .
2928 1183 2937 1270 Ι

636 1295 821 1357 Ortus
860 1314 931 1356 ex
969 1294 1068 1356 illo
1108 1296 1266 1370 1000,
1313 1296 1447 1358 Ter.
1485 1296 1639 1358 Eun.
1678 1299 1786 1371 (II
1815 1297 1990 1378 2,10)
2028 1295 2238 1358 viden
2276 1314 2378 1358 me
2426 1316 2505 1358 ex
2551 1296 2800 1358 eodem
2837 1305 3061 1357 ortam

458 1398 662 1465 loco?
716 1411 886 1465 ortus
929 1402 1030 1463 illo
1077 1402 1240 1485 loco,
1298 1402 1468 1484 Verg.
1514 1405 1657 1466 Aen.
1705 1403 1804 1465 VII
1853 1405 2048 1480 (206)
2096 1404 2207 1465 his
2264 1414 2469 1465 ortus
2524 1413 2601 1465 ut
2655 1405 2848 1484 agris
2895 1402 3061 1463 Dar·

381 1524 431 1562 10
460 1509 683 1572 danus
729 1556 743 1570 .

637 1617 870 1680 Offendi
926 1617 1081 1699 apud
1146 1634 1273 1698 νος,
1345 1618 1464 1681 Cic.
1529 1637 1638 1699 pro
1696 1618 1928 1681 Cornel.
1995 1618 2165 1700 quid
2231 1637 2335 1680 me
2400 1618 2581 1699 apud
2649 1619 2939 1698 equites
2992 1617 3061 1678 R.

459 1726 859 1787 offendisse
907 1724 1249 1787 dicebant
1295 1773 1308 1786 .
1356 1726 1654 1788 offendisti
1700 1729 1760 1787 in
1809 1744 1931 1808 me,
1988 1726 2106 1787 Cic.
2154 1743 2263 1807 pro
2310 1725 2523 1787 Milone
2572 1725 2825 1801 (36‚99)
2884 1744 3061 1805 quae

459 1835 517 1894 si
564 1851 685 1892 vos
740 1831 1011 1894 oblivio
1068 1834 1265 1913 cepit
1319 1840 1438 1893 aut
1494 1835 1552 1894 si
1608 1835 1678 1894 in
1734 1851 1839 1893 me
1896 1832 2170 1913 aliquid
2228 1832 2686 1915 offe-ndistiS,
2742 1851 2868 1896 cur
2923 1851 3059 1893 non

458 1940 723 2001 idxmeo
771 1941 1007 2020 capite
1054 1939 1284 2002 luitur
1329 1941 1573 2020 potius
1619 1958 1822 2019 quam
1869 1937 2200 2002 Milonis?

381 2062 432 2101 15
634 2046 852 2108 Plenus
898 2047 1008 2108 bac
1055 2065 1149 2128 re,
1197 2045 1364 2126 Verg.
1411 2065 1571 2126 geor.
1610 2045 1662 2106 11
1699 2048 1801 2120 (4)
1849 2045 2037 2107 lovis
2083 2049 2314 2108 omnia
2358 2045 2567 2126 plena
2614 2045 3058 2125 muneribuS‚

457 2154 611 2216 idem
660 2157 801 2215 Aen.
848 2153 894 2214 V
941 2155 1120 2228 (311)
1150 2145 1601 2235 'plenamque
1660 2156 1952 2233 sagittis
2001 2202 2014 2216 .
2063 2153 2275 2235 plenus
2320 2152 2498 2214 huius
2544 2154 2660 2234 rei,
2715 2151 2869 2212 idem
2924 2150 3058 2214 buc.

456 2262 669 2336 (3,60)
717 2262 908 2322 lovis
953 2263 1186 2322 omnia
1232 2260 1470 2343 plena,
1516 2260 1834 2323 Terentius
1881 2263 2037 2323 Eun.
2086 2262 2158 2336 (Ι
2194 2260 2369 2336 2,25)
2416 2259 2682 2348 ρΙοΞηικε»1
2720 2261 3055 2321 rimarum

454 2387 605 2430 sum
636 2416 648 2430 .
679 2369 891 2450 plenus
938 2368 1079 2430 illud
1128 2367 1223 2429 illa
1270 2386 1364 2450 re,
1409 2367 1580 2448 Verg.
1628 2386 1827 2449 georg.
1874 2367 1984 2428 1111
2021 2369 2197 2442 (181)
2244 2385 2457 2428 crura
2505 2367 2736 2447 thymo
2783 2367 3056 2447 plenae.

629 2475 772 2537 Post
827 2477 1327 2556 praepositionem
1391 2477 1711 2537 accusativi
1774 2493 1948 2536 casus
2012 2483 2290 2536 asserunt
2351 2474 2587 2554 quidam
2646 2475 3056 2554 interpositam

372 2596 427 2636 20
455 2583 586 2643 fieri
631 2601 803 2644 casus
850 2583 1121 2665 alterius,
1168 2581 1339 2662 Verg.
1386 2583 1528 2644 Aen.
1577 2581 1649 2642 Vl
1698 2581 1892 2656 (409)
1941 2582 2152 2660 longo
2210 2590 2374 2661 post
2427 2589 2747 2661 tempore
2802 2582 3055 2642 visum:

454 2687 567 2749 Sal.
613 2687 767 2749 bello
816 2688 980 2750 Catil.
1027 2689 1270 2764 (37,11)
1316 2689 1579 2751 multos
1626 2698 1790 2770 post
1835 2707 2058 2750 annos
2105 2735 2118 2748 .
2166 2686 2484 2750 Terentius
2538 2706 2648 2749 nec
2695 2689 3053 2768 interposuit

451 2797 948 2877 praepositionem
996 2807 1058 2859 et
1103 2816 1304 2859 casum
1351 2797 1434 2858 illi
1482 2796 1797 2860 ablativum
1844 2796 2007 2858 dedit
2052 2799 2113 2857 in
2158 2796 2336 2876 Hecy.
2385 2798 2530 2871 (ΙΙΙ
2563 2796 2739 2873 3,33)

636 2907 839 2967 aiunt
884 2915 1116 2967 tecum
1164 2914 1326 2985 post
1372 2904 1650 2966 duobus
1698 2903 2185 2966 concubuisse
2233 2922 2379 2965 eam
2428 2902 2796 2965 mensibus
2842 2950 2856 2964 .

627 3012 839 3073 Pastus
886 3012 979 3072 illa
1027 3030 1119 3089 re,
1167 3011 1335 3093 Verg.
1383 3031 1582 3092 georg.
1629 3011 1710 3072 111
1756 3012 1936 3087 (231)

367 3133 423 3174 ss
876 3118 1254 3180 frondibus
1300 3118 1609 3180 hirsutis
1656 3129 1726 3181 et
1773 3120 2012 3179 carice
2058 3127 2310 3199 pastus
2357 3127 2564 3179 acuta
2612 3165 2626 3178 .

448 3234 652 3305 pastus
697 3224 856 3286 illam
902 3244 1056 3308 rem,
1101 3226 1257 3287 idem
1305 3229 1447 3287 Aen.
1495 3226 1547 3287 ΙΙ
1593 3227 1782 3300 (471)
1832 3226 2008 3288 mala
2053 3228 2370 3307 gramina
2404 3233 2679 3306 ‘pastus
2727 3273 2738 3285 .
2786 3227 3054 3304 pascitur

448 3333 508 3392 in
554 3330 654 3392 illo
703 3331 861 3413 loco,
907 3330 1077 3411 Verg.
1123 3351 1282 3412 geor.
1331 3333 1411 3393 ΙΙΙ
1459 3333 1639 3407 (219)

889 3442 1215 3519 pascitur
1261 3442 1330 3501 in
1379 3459 1622 3520 magna
1670 3440 1849 3502 silva
1899 3442 2208 3502 formosa
2253 3442 2553 3501 iuvenca
2593 3486 2606 3500 .

445 3547 708 3625 pascitur
754 3545 918 3607 illum
965 3545 1191 3629 locum,
1235 3548 1391 3609 idem
1439 3550 1499 3609 in
1547 3547 1756 3609 eodem
1803 3550 1986 3624 (314)

365 3670 417 3709 so
941 3663 1342 3734 pascuntur
1387 3674 1553 3716 vero
1601 3655 1823 3719 silvas
1869 3667 1940 3718 et
1985 3675 2248 3719 summa
2295 3654 2568 3736 Lycaei.

623 3808 802 3865 Codex
843 3808 1142 3864 Parrhasii
1217 3818 1242 3865 1
1282 3810 1523 3883 gnavus]
1562 3827 1768 3881 gravus
1911 3817 1945 3866 2
1982 3810 2184 3881 imperi
2326 3809 2667 3881 obtrectant]
2705 3809 2963 3863 obtrecta

447 3894 510 3942 13
549 3887 597 3943 si
630 3888 757 3961 vos]
803 3888 882 3944 sic
926 3907 1025 3946 vos
1192 3897 1258 3948 14
1295 3891 1504 3963 capite]
1552 3892 1770 3963 capitur
1934 3898 1997 3946 17
2038 3891 2178 3946 Eun.
2215 3907 2315 3947 om.
2483 3896 2548 3945 18
2586 3907 2708 3945 sum
2745 3906 2783 3943 a
2818 3889 3049 3944 librario

440 3968 670 4024 deletum
702 3975 780 4025 est
922 3976 991 4026 30
1026 3970 1170 4042 lycei

623 4128 650 4176 1
698 4122 885 4193 gravis
931 4123 1157 4177 exactor
1197 4122 1328 4193 PG,
1364 4124 1553 4194 gravis
1592 4127 1817 4182 exactos
1853 4126 2098 4182 ediderat
2132 4126 2576 4192 Lindemamms,
2629 4121 2818 4193 gravis
2854 4122 3048 4176 auctor

440 4201 667 4256 coniecit
710 4202 969 4257 Kritzius
1011 4202 1150 4258 Sall.
1195 4203 1318 4258 hist.
1365 4204 1563 4275 fragm.
1592 4223 1653 4276 p.
1693 4212 1832 4274 353,
1878 4207 2065 4278 gravis
2112 4205 2462 4262 existimator
2496 4205 2811 4260 Dietschius
2838 4221 2902 4273 p.
2939 4208 3046 4258 104

510 4288 543 4337 8
581 4283 787 4355 ortem]
828 4285 1012 4339 ortum
1055 4284 1342 4340 Terentius
1506 4292 1568 4340 11
1609 4285 1768 4357 quid]
1818 4288 1915 4356 qui
1956 4286 2298 4343 Garatonius
2340 4287 2407 4340 in
2444 4284 2553 4340 G'ic.
2588 4303 2648 4355 p.
2689 4285 2820 4339 Mil.
2859 4288 3045 4349 36,99.

438 4363 670 4429 fortasse
706 4363 920 4433 aliquid
1094 4372 1159 4419 12
1197 4378 1340 4434 quae
1388 4366 1436 4422 si
1482 4385 1579 4423 vos
1626 4368 1780 4439 cepit
1823 4367 2033 4424 oblivio
2081 4369 2181 4423 aut
2224 4367 2272 4422 si
2317 4383 2406 4420 me
2458 4364 2674 4436 aliquid
2719 4364 3045 4435 offendistis,

439 4459 539 4497 cur
573 4460 684 4498 nou
719 4443 779 4497 id
815 4461 942 4500 meo
977 4444 1164 4516 capite
1201 4446 1388 4517 potius
1424 4448 1598 4503 luitur
1633 4465 1802 4518 quam
1841 4447 2068 4503 Milonis
2107 4448 2294 4504 Cicero
2440 4453 2504 4501 13
2544 4464 2642 4503 cur
2676 4465 2789 4503 non
2825 4448 2884 4502 in
2922 4465 3045 4504 meo

439 4521 626 4593 eapite
676 4523 735 4578 P
771 4529 822 4579 et
865 4525 1032 4580 codex
1072 4524 1374 4583 Garatonii
1545 4534 1612 4583 15
1655 4528 1768 4584 tuis
1814 4527 1907 4582 hic
1952 4529 2143 4585 omniu
2184 4530 2353 4600 plena
2399 4527 2716 4584 muneribus
2772 4529 3047 4598 Vergilius

437 4619 615 4673 yeory.
653 4604 740 4657 ΙΙ
769 4610 829 4674 4,
879 4607 1025 4676 quod
1068 4608 1390 4663 Arusianus
1433 4626 1640 4679 quoque
1683 4611 1963 4681 scripsisse
2006 4611 2223 4667 videtur
2390 4614 2459 4664 20
2505 4608 2758 4682 alterius]
2805 4609 3043 4665 ablativi

438 4683 667 4739 coniecit
702 4683 1026 4742 Bondamas
1203 4687 1373 4759 longo
1410 4690 1542 4759 post
1577 4691 1829 4760 tempore
1866 4689 2023 4746 venit
2061 4691 2156 4744 M:
2195 4691 2265 4758 cf.
2314 4690 2470 4761 Ver-9.
2509 4691 2681 4746 bucol.
2720 4695 2848 4757 1‚30

435 4769 507 4898 {Ul
545 4763 846 4822 Sallustius
881 4770 1075 4823 tamen
1111 4769 1429 4824 accusativo
1468 4785 1599 4824 casu
1626 4768 1831 4838 iunxit,
1868 4769 2000 4826 bell.
2030 4768 2195 4825 Catil.
2225 4770 2431 4825 multos
2457 4771 2591 4840 post
2616 4786 2790 4826 annos
2817 4772 3044 4826 coniecit

499 4860 738 4901 owenus
763 4863 824 4916 p.
862 4851 929 4902 41
2951 4892 2987 4924 ,,
