3613 5528
1343 444 1440 497 DE
1479 441 2058 497 ORTHOGRAPHIA
2920 441 3006 504 29

387 558 431 595 p.
467 547 572 587 2262
601 546 651 584 P.

396 631 588 710 siquid
650 629 934 709 exemplis
989 628 1276 689 defecerit
1335 628 1425 688 vel
1486 626 1963 707 quaestionibuS,
2019 624 2429 703 subiungetur.
2519 644 2652 686 nam
2711 625 2868 704 quod
2935 625 3006 685 ad

402 756 527 798 rem
574 738 824 798 maxime
870 738 1150 817 pertinet,
1199 734 1461 815 regulam
1510 735 1689 796 vides.
1911 734 1918 741 '

570 1057 685 1119 Per
744 1076 805 1138 c,
861 1076 996 1118 cum
1055 1055 1399 1118 adverbium
1457 1057 1572 1117 erit
1627 1057 1944 1136 temporis,
2009 1062 2078 1115 ut
2134 1050 2303 1115 ‘cum
2359 1057 2590 1116 venerit
2642 1049 3009 1136 loquemur',

402 1161 567 1226 ‘cum
612 1164 775 1225 voles
820 1158 1092 1244 ibimus'‚
1149 1157 1318 1223 ‘cum
1374 1164 1619 1243 petieris
1676 1156 1886 1223 seres'.
1961 1160 2057 1221 alii
2115 1163 2229 1222 sic:
2285 1164 2565 1241 quotiens
2620 1181 2659 1223 u
2718 1164 3007 1242 sequitur,

342 1287 369 1328 ⁶
399 1290 435 1351 q
487 1271 854 1351 ponendum,
912 1279 978 1331 ut
1031 1287 1138 1350 per
1196 1287 1274 1347 qu
1332 1276 1392 1329 et
1444 1288 1480 1328 o
1535 1268 1793 1330 litteram
1839 1269 2181 1328 scribamus
2226 1286 2406 1346 quom
2463 1275 2525 1328 et
2578 1271 2795 1348 quoius
2841 1271 3008 1349 quoi3

394 1385 453 1438 at
513 1379 790 1457 quotiens
846 1384 1081 1438 ceterae
1137 1375 1397 1455 vocales,
1453 1376 1509 1435 id
1558 1383 1652 1436 est
1699 1394 1731 1434 e
1777 1393 1814 1434 o
1861 1377 1911 1456 i,
1957 1393 1989 1434 o
2035 1373 2407 1455 ponendum,
2461 1382 2528 1435 ut
2575 1375 2819 1459 cecidit,
2866 1375 3008 1437 Cor-

395 1484 603 1565 nelius,
649 1486 881 1545 citatus

568 1580 754 1651 Varro
792 1588 1069 1650 adverbia
1104 1588 1329 1670 localia,
1377 1607 1527 1667 quae
1566 1587 1662 1650 alii
1700 1586 2046 1668 praeverbia
2085 1594 2316 1668 vocant,
2353 1595 2635 1667 quattuor
2673 1608 2803 1651 esse
2844 1590 3006 1672 dicit,

393 1716 464 1759 ex
508 1700 570 1758 in
615 1697 687 1757 ad
736 1696 827 1758 ab.
902 1715 975 1757 ex
1020 1696 1216 1757 locum
1263 1686 1555 1776 si‘gniiicat
1600 1695 1760 1756 unde
1805 1694 2173 1774 egredimur,
2221 1701 2290 1754 ut
2349 1713 2421 1756 ex
2468 1713 2631 1778 area3
2689 1699 2750 1757 in
2808 1696 3005 1758 locum

316 1824 367 1862 ιο
393 1806 453 1863 in
499 1821 677 1882 quem
713 1804 953 1885 inimus,
999 1813 1067 1866 ut
1104 1805 1164 1863 in
1203 1820 1427 1883 aream3
1475 1802 1546 1862 ad
1594 1801 1791 1863 locum
1840 1801 1912 1862 ad
1950 1819 2128 1880 quem
2174 1801 2423 1883 adimus,
2469 1811 2536 1864 ut
2582 1804 2654 1864 ad
2692 1806 3012 1884 parietem3

394 1909 467 1969 ab
504 1909 701 1970 locum
748 1929 781 1970 a
828 1930 947 1990 quo
993 1908 1381 1990 discedimus,
1438 1917 1505 1969 ut
1558 1908 1631 1969 ab
1678 1911 1923 1989 pariete.
2007 1907 2221 1967 horum
2277 1908 2534 1970 duorum
2577 1909 3012 1991 adverbiorum,

395 2036 463 2077 ex
527 2025 589 2077 et
645 2017 747 2098 ab,
806 2019 1170 2097 posteriores
1225 2016 1459 2077 litterae
1521 2015 1714 2077 solent
1776 2016 1962 2097 demi,
2022 2015 2163 2076 alias
2222 2023 2413 2094 reete,
2475 2015 2617 2077 alias
2680 2034 3011 2096 perperam.

395 2124 629 2203 quando
696 2102 839 2203 ergo
900 2143 1001 2206 ex,
1072 2122 1308 2204 quando
1372 2142 1404 2181 e
1464 2123 1582 2183 dici
1645 2129 1944 2203 oporteat,
2010 2141 2083 2182 ex
2143 2123 2649 2201 consequentibus
2712 2123 3015 2184 vocabulis

394 2230 898 2292 animadvertitur.
973 2249 1104 2291 nam
1153 2232 1204 2290 si
1251 2227 1309 2289 id
1359 2228 1517 2308 quod
1564 2231 1837 2308 sequitur
1881 2228 2140 2289 litteram
2189 2227 2366 2290 habet
2401 2232 2652 2310 primam
2690 2232 3012 2291 semivoca-

320 2357 368 2396 ιο
398 2335 516 2398 lem
554 2345 656 2398 aut
694 2346 935 2419 mutam,
983 2356 1014 2397 e
1054 2337 1279 2399 dictum
1315 2335 1504 2396 levius
1541 2335 1856 2415 videbitur,
1895 2345 1962 2397 ιιι
2000 2355 2031 2396 e
2069 2335 2254 2396 Gallia
2292 2344 2352 2396 et
2389 2356 2421 2396 e
2458 2336 2688 2398 Tuscis
2736 2340 3013 2417 quotiens

400 2462 538 2504 vero
586 2443 819 2504 vocales
866 2450 1200 2522 sequuntur
1248 2445 1312 2503 in
1361 2460 1431 2501 eo
1478 2442 1637 2521 quod
1685 2444 1986 2523 sequitur,
2043 2460 2076 2502 a
2122 2461 2154 2502 e
2203 2461 2238 2503 o
2285 2444 2614 2522 simplicem
2661 2452 2721 2505 et
2765 2443 3013 2505 eandem

398 2548 618 2611 habent
664 2551 981 2630 rationem,
1038 2549 1194 2630 quod
1246 2568 1317 2610 ex
1365 2551 1778 2629 praeponitur,
1838 2555 1906 2608 ut
1950 2550 2012 2609 in
2059 2548 2178 2630 his,
2227 2568 2297 2610 ex
2344 2567 2508 2625 arce,
2555 2569 2629 2611 ex
2674 2549 2894 2632 Eryco,
2942 2569 3013 2611 ex

579 2746 610 2795 3
647 2757 750 2812 per
786 2756 817 2795 e
845 2756 907 2811 p.
945 2743 1043 2812 28,
1081 2744 1117 2795 6
1262 2743 1294 2793 8
1334 2735 1598 2793 adverbia
1632 2735 1840 2792 localia
1865 2752 1926 2808 p.
1966 2739 2055 2806 34,
2093 2741 2128 2792 5

580 2919 606 2966 1
648 2911 1015 2979 subiungatur
1052 2928 1095 2961 ω
1132 2907 1538 2976 subiungentur
1562 2906 1688 2960 BP
1823 2912 1855 2960 3
1894 2923 1995 2975 per
2032 2924 2061 2961 e
2099 2924 2226 2962 oum
2255 2908 2356 2962 Ρω
2393 2925 2497 2977 per
2525 2927 2557 2964 o
2586 2927 2711 2964 cum
2741 2910 2814 2968 B.
2851 2928 2952 2980 per
2980 2927 3013 2967 o

402 2991 574 3048 ‘eum'
616 2989 944 3046 adverbium
982 2988 1088 3043 erit
1123 2988 1421 3059 temporis,
1457 2989 1523 3042 ut
1558 3002 1727 3057 quom
1764 2986 1985 3041 uenerit
2018 2987 2341 3058 loquemur,
2391 3006 2562 3058 quom
2598 2990 2756 3045 uoles
2791 2990 3016 3045 ibimus.

399 3090 570 3141 quom
621 3070 852 3142 petieris
896 3071 1043 3126 feres
1101 3069 1371 3123 Usenerus
1549 3073 1583 3120 4
1629 3083 1757 3121 cum
1799 3065 2030 3136 petieris
2066 3067 2122 3120 Β
2168 3085 2293 3122 cum
2338 3069 2570 3138 patieris
2608 3071 2711 3126 Ρω
2891 3071 3015 3143 alii]

399 3150 536 3206 alibi
576 3152 844 3205 Cameria-s
952 3156 985 3205 5
1023 3152 1088 3205 ιιι
1122 3165 1225 3218 per
1251 3164 1361 3217 quo
1390 3146 1639 3200 litteram
1668 3162 1933 3214 mequom
1961 3146 2187 3215 quoitus
2214 3149 2406 3217 quolffi
2435 3151 2510 3202 At
2538 3150 2806 3218 quotiens
2830 3154 3016 3223 cetere

398 3231 626 3286 uocales
662 3230 837 3285 id'eoc
874 3229 1197 3303 ponendum
1233 3227 1288 3281 Β
1326 3227 1392 3281 ιιι
1426 3242 1528 3295 per
1561 3225 1817 3280 litteram
1854 3242 2116 3295 mequom
2153 3229 2382 3298 tequom
2419 3232 2648 3296 quottus
2695 3230 2920 3301 quolme
2958 3234 3020 3286 at

399 3310 661 3380 quotiens
708 3314 926 3367 ceterae
971 3308 1197 3366 uocales
1243 3306 1303 3360 id
1350 3306 1438 3360 est
1473 3320 1539 3358 eo
1579 3320 1609 3357 c
1654 3305 1972 3375 ponendum
2010 3306 2066 3358 P
2103 3307 2168 3360 ut
2210 3323 2311 3376 per
2356 3309 2489 3377 (quo
2535 3309 2663 3363 add.
2702 3309 3015 3381 Hit-schim)

399 3390 620 3446 literam
661 3408 949 3461 mequom,
986 3392 1242 3459 tequom‚
1282 3387 1512 3454 quotus,
1560 3385 1808 3455 quoties,
1855 3385 2176 3455 aliquoties:
2224 3387 2284 3441 in
2320 3388 2558 3443 caeteris
2592 3390 2908 3458 noualibus,
2954 3390 3014 3444 id

401 3474 510 3540 est,
549 3489 580 3527 e
602 3489 636 3527 o
658 3488 689 3525 e
723 3472 1045 3542 ponendum
1081 3490 1124 3524 ω
1163 3473 1213 3522 et
1249 3466 1555 3520 Putschius.
1612 3466 1858 3534 exempla
1895 3466 1960 3519 de
1996 3483 2034 3534 q
2072 3466 2256 3521 littera
2292 3467 2575 3536 adscripta
2621 3468 2832 3523 incerta
2867 3475 3015 3524 sum.

390 3555 680 3618 praeterea
725 3552 967 3620 exempla
1011 3566 1047 3604 a
1090 3547 1320 3614 vocalis,
1365 3549 1491 3599 ante
1544 3561 1709 3613 quam
1755 3545 1794 3599 k
1838 3547 2007 3600 scribi
2059 3548 2407 3615 yrammatici
2448 3549 2763 3614 voluerunt,
2819 3550 3018 3604 omissa

400 3636 547 3686 sunt.
603 3633 670 3684 ιιι
714 3647 814 3700 per
860 3646 970 3699 quo
1016 3628 1236 3683 litteras
1282 3641 1543 3694 mequom
1591 3625 1727 3693 quoi
1763 3626 2050 3694 Tusquom
2089 3625 2349 3680 dicimus:
2397 3627 2458 3680 at
2503 3627 2762 3695 quotiens
2801 3633 3016 3684 ceterae

399 3710 629 3765 uocales
681 3709 762 3782 [id
815 3713 902 3765 est
938 3725 969 3764 e
997 3709 1056 3780 o]
1105 3724 1136 3761 e
1171 3704 1493 3776 ponendum
1543 3704 1810 3759 Usenerus
2025 3713 2057 3760 6
2095 3706 2154 3760 id
2191 3708 2279 3760 est
2314 3722 2349 3760 a
2376 3722 2407 3760 e
2433 3706 2454 3760 i
2482 3723 2516 3761 o
2546 3738 2612 3747 —
2641 3709 2706 3762 ut
2742 3725 2777 3762 *
2816 3710 3020 3764 cecidit

401 3793 611 3846 lacuna
646 3808 758 3859 qua
794 3806 830 3843 a
862 3789 1070 3844 vocalis
1107 3786 1408 3855 exemplum
1442 3784 1725 3838 excidisset
1760 3785 2013 3839 indicata
2043 3786 2458 3841 Wilmannsius.
2514 3788 2716 3842 rectius
2753 3789 3020 3844 Usevaerus

398 3872 459 3926 id
497 3872 587 3926 est
621 3886 652 3924 e
681 3887 714 3924 o
750 3870 993 3935 seclusit,
1031 3885 1169 3937 quae
1205 3868 1399 3922 addita
1435 3881 1542 3920 esse
1576 3866 1860 3932 videntur,
1887 3870 2179 3933 postquam
2206 3881 2271 3920 ea
2305 3882 2444 3934 quae
2479 3867 2545 3921 de
2581 3883 2617 3921 a.
2651 3871 2828 3924 vocali
2854 3875 3019 3925 antea

401 3951 615 4019 scripta
651 3955 807 4004 erant
843 3949 1041 4003 omissa
1077 3950 1208 4001 sunt
1402 3942 1689 3998 Cornelius
1727 3943 1830 3996 Ρω
1881 3945 2067 3999 cornel
2102 3944 2158 3997 Β
2356 3951 2389 3999 8
2426 3945 2525 3999 alii
2563 3946 2664 4001 Ρω
2713 3948 2814 4003 alii
2852 3993 2864 4006 .
2901 3968 3020 4005 una

403 4031 589 4084 littera
624 4030 798 4084 deleta
832 4030 887 4082 Β
925 4027 1084 4097 (alibi
1119 4027 1291 4094 fuisse
1326 4025 1505 4079 visum
1539 4029 1615 4077 eat
1656 4027 1882 4093 Hayeno
1911 4029 1961 4078 et
1998 4024 2270 4095 Usenero).
2309 4024 2449 4079 alibi
2484 4029 2818 4094 praeuerbia
2853 4032 3019 4085 uocat

413 4108 695 4164 Usener-ua.
751 4108 1081 4178 praeverbia
1117 4107 1263 4161 dixit
1309 4103 1488 4158 Varro
1524 4105 1590 4157 de
1627 4104 1661 4159 l.
1692 4104 1727 4156 l.
1769 4104 1862 4157 VI
1896 4108 1970 4158 38
2005 4109 2055 4158 et
2086 4110 2212 4173 post
2255 4106 2400 4159 hunc
2435 4107 2563 4172 alii,
2603 4124 2734 4178 quos
2771 4110 3019 4165 Scaurus

402 4191 619 4244 videtur
652 4195 866 4244 secutus
900 4206 1034 4244 esse.-
1071 4189 1141 4255 cs.
1180 4187 1315 4241 Gen.
1350 4185 1441 4239 VI
1467 4190 1503 4240 7
1541 4185 1752 4240 Charis.
1776 4202 1839 4254 p.
1867 4188 1993 4250 194,
2021 4189 2091 4238 14
2235 4187 2478 4255 quatuor
2515 4203 2637 4243 esse
2675 4209 2718 4243 ω
2757 4190 2861 4244 IIII
2898 4205 3019 4244 esse

404 4269 461 4322 Β
496 4269 580 4323 nil
614 4285 734 4324 esse
772 4269 830 4323 P
991 4276 1024 4324 9
1062 4268 1134 4323 ad
1171 4267 1241 4322 ab
1278 4266 1390 4319 Βω
1426 4264 1499 4319 ab
1538 4263 1612 4318 ad
1649 4263 1706 4316 P
1850 4266 1915 4317 ut
1950 4281 2018 4319 ex
2053 4282 2185 4321 area
2218 4267 2274 4320 Β
2311 4266 2460 4321 unde
2497 4283 2565 4321 ex
2602 4284 2736 4323 area
2772 4269 2887 4322 ωΡ

411 4353 477 4401 10
512 4347 571 4403 in
599 4365 766 4417 quem
792 4347 996 4403 inimus
1025 4347 1309 4414 Usenerus,
1345 4345 1405 4399 in
1439 4361 1607 4413 quem
1645 4343 1853 4398 ibimus
1880 4344 1936 4398 B
1971 4345 2033 4399 in
2068 4363 2236 4415 quem
2272 4345 2419 4401 imus
2448 4347 2505 4401 P
2535 4364 2702 4416 quem
2735 4347 2942 4403 inimus
2972 4368 3015 4402 ω

549 4429 614 4481 ιιι
647 4428 719 4482 ab
755 4427 969 4497 pariete
1008 4427 1152 4481 Pbm
1190 4427 1257 4481 ιιι
1288 4442 1326 4480 a
1359 4423 1577 4494 pariete
1610 4424 1666 4477 Β
1841 4429 1906 4478 11
1948 4425 2125 4481 duon‘i
2164 4471 2177 4484 .
2208 4469 2221 4482 .
2258 4428 2476 4483 duabus
2512 4428 2707 4482 litteris
2742 4428 2927 4482 deletis
2961 4426 3016 4480 Β

552 4512 616 4560 13
653 4507 878 4575 quando
915 4523 1050 4578 ergo
1087 4522 1161 4563 ex
1193 4505 1423 4575 quando
1459 4503 1607 4558 edici
1654 4505 1880 4573 oportet
1913 4505 1969 4558 Β
2016 4507 2259 4574 quamdo
2305 4524 2439 4577 ergo
2478 4524 2546 4563 ex
2583 4506 2810 4576 quando
2846 4506 3018 4560 edicti

414 4588 667 4656 oporteat
702 4587 759 4640 P
788 4587 1010 4656 quando
1050 4602 1183 4655 ergo
1220 4587 1278 4640 et
1313 4585 1538 4653 quando
1575 4601 1688 4639 non
1727 4583 1873 4639 edici
1909 4588 2167 4654 oporteat
2203 4607 2246 4640 ω
2444 4604 2511 4642 ex
2548 4587 3019 4654 consequentibus

412 4665 692 4721 uocabulis
731 4666 844 4720 mP
872 4683 939 4722 ex
975 4664 1406 4721 consonantibus
1442 4664 1732 4719 uocalibus
1769 4665 1827 4717 Β
1972 4671 2039 4720 15
2077 4667 2135 4720 et
2162 4683 2192 4719 e
2221 4664 2397 4737 gallia
2434 4665 2501 4736 (li
2525 4667 2658 4733 ras.)
2699 4667 2758 4719 et
2785 4683 2816 4720 e
2843 4667 3017 4721 tuscis

415 4747 470 4799 B
502 4748 565 4801 ut
597 4763 628 4802 e
665 4746 843 4817 gallia
877 4749 935 4801 et
971 4747 1030 4800 et
1067 4764 1133 4800 .v.
1173 4744 1280 4799 scis
1317 4744 1373 4797 P
1402 4745 1466 4797 ut
1501 4763 1532 4800 e
1571 4746 1757 4801 Gallia
1792 4763 1825 4800 e
1864 4745 2108 4802 Thuseia
2144 4767 2186 4799 ω
2224 4747 2289 4800 ιιι
2323 4763 2353 4801 e
2383 4746 2571 4801 Gallia
2605 4762 2637 4800 e
2673 4745 2812 4800 loeis
2850 4749 3018 4802 codex

418 4826 704 4882 Parisinus
738 4828 897 4894 infra
924 4844 984 4896 p.
1005 4830 1091 4894 34,
1111 4832 1147 4880 9
1286 4832 1349 4879 lo
1387 4843 1523 4881 uero
1560 4826 1645 4880 bis
1678 4827 1963 4894 scriptum,
1998 4827 2091 4880 sed
2126 4827 2297 4880 altero
2336 4827 2449 4881 loco
2485 4827 2712 4881 deletum
2750 4832 2827 4882 est
2862 4829 2927 4882 in
2961 4829 3017 4882 Β

557 4914 618 4962 17
658 4924 725 4961 ex
761 4907 909 4962 erico
947 4907 1003 4960 P
1032 4924 1098 4961 ex
1136 4906 1310 4962 serico
1346 4906 1401 4960 Β
1439 4909 1498 4960 et
1533 4923 1598 4960 ex
1636 4905 1818 4975 Eryco
1857 4926 1900 4960 ω
