3613 5528
578 392 709 459 234
1764 395 2008 452 BEDAE
2024 443 2043 456 ,

578 506 623 543 p.
651 497 770 536 2³56.
797 497 849 538 57
878 496 927 536 Ρ.

580 598 888 642 remanere
954 581 1244 661 permittit
1310 598 1503 659 neque
1562 578 1736 642 ullam
1792 581 2162 662 producendi
2224 582 2401 643 habet
2467 590 2818 662 potestatem
2879 583 3175 664 Prospero

581 695 758 771 teste,
804 689 905 767 qui
951 688 1033 748 ait

900 812 1034 855 nec
1075 801 1310 855 tamen
1355 794 1483 856 hos
1531 803 1679 857 toto
1725 795 2029 876 depellit
2076 796 2368 858 loedere
2414 815 2705 878 gnaros,

900 908 1228 962 naturam
1276 908 1641 962 errantum
1687 900 2014 962 dividere
2061 904 2312 964 avituS.

581 1007 736 1070 unde
775 1016 836 1070 et
882 1010 1039 1070 inter
1083 1007 1337 1088 liquidas
1375 1007 1826 1090 adnumeratur,
1872 1011 2106 1071 tametsi
2143 1028 2261 1071 non
2309 1012 2387 1072 ita
2435 1020 2502 1073 ut
2545 1010 2563 1072 l
2613 1020 2673 1073 et
2718 1030 2776 1096 r,
2824 1031 2974 1092 quae
3021 1030 3179 1073 com·
3211 1032 3238 1072 ο

582 1134 792 1177 munes
839 1113 1089 1196 syllabas
1135 1116 1330 1177 facere
1380 1115 1586 1178 solent.

1421 1272 1540 1337 DE
1587 1271 1885 1339 PRIMIS
1932 1272 2350 1340 SYLLABIS

762 1400 917 1460 Haec
963 1400 1036 1460 de
1084 1399 1415 1461 differentia
1452 1400 1805 1481 syllabarum
1854 1405 2057 1482 paucis
2094 1402 2249 1464 dicta
2287 1413 2454 1486 sunt,
2501 1423 2648 1484 quas
2689 1407 2866 1467 etiam
2906 1406 3190 1485 exemplis

581 1510 708 1588 ipse
766 1506 1087 1586 plurimum
1144 1506 1484 1569 discernere
1538 1518 1763 1590 potest,
1820 1512 1919 1588 qui
1977 1514 2349 1572 scansionem
2406 1531 2612 1574 versus
2667 1511 2889 1573 heroici
2957 1511 3188 1573 discere

583 1616 828 1676 curavit.
902 1614 1003 1675 sed
1052 1616 1154 1694 qui
1203 1614 1454 1676 necdum
1493 1616 1562 1677 ad
1612 1615 1724 1677 hoc
1772 1620 2070 1702 pervenit,
2116 1618 2275 1679 hunc
2312 1621 2552 1681 iuterim
2593 1619 2903 1681 hortamur
2940 1617 3189 1698 syllabas
3220 1645 3273 1684 ιο

584 1724 848 1782 omnium
912 1725 1167 1803 partium
1222 1723 1507 1783 orationis
1563 1742 1632 1784 ex
1698 1726 1989 1804 principio
2054 1744 2333 1787 versuum
2397 1725 2777 1787 heroicorum
2849 1725 3191 1804 diligentius

583 1837 905 1889 scrutetur.
978 1830 1170 1889 omnis
1213 1829 1370 1889 enim
1411 1848 1618 1891 versus
1665 1828 2033 1913 hexameter,
2080 1834 2181 1911 qui
2221 1851 2323 1892 sex
2372 1831 2650 1914 pedibuS,
2697 1840 2757 1893 et
2800 1840 3190 1913 pentameter,

586 1936 686 2014 qui
743 1937 1006 2015 quinque
1063 1934 1313 2020 pedibus
1361 1944 1617 2016 constat,
1664 1939 1914 2016 primam
1967 1936 2144 1999 habet
2189 1937 2466 2018 syllabam
2521 1937 2782 2020 longam,
2838 1940 2975 2019 qnia
3021 1936 3110 1999 vel
3160 1956 3191 1998 a

583 2041 845 2126 spondeo
902 2041 992 2103 vel
1047 2062 1080 2103 a
1136 2044 1364 2123 dactylo
1430 2044 1665 2126 incipit,
1728 2062 1984 2124 quorum
2039 2046 2205 2124 prior
2258 2063 2364 2125 pes
2419 2044 2650 2106 duabus
2705 2044 2897 2125 longis
2953 2044 3192 2125 syllabis

584 2152 883 2231 consistit,
939 2158 1003 2212 ut
1049 2149 1281 2232 dicens,
1336 2151 1635 2213 secundus
1690 2150 1862 2230 longa
1906 2159 1966 2213 et
2022 2150 2250 2213 duabus
2307 2150 2615 2234 brevibuS,
2654 2161 2730 2214 -ut
2787 2137 3055 2212 dicimus
3132 2159 3193 2212 et
3222 2176 3276 2217 ιε

583 2256 715 2318 ideo
755 2275 892 2318 cum
930 2253 1195 2319 codicem
1234 2256 1560 2319 hexametri
1600 2256 1689 2319 vel
1726 2256 1968 2338 elegiaci
2007 2259 2286 2320 carminis
2315 2257 2576 2319 adsumis
2612 2260 2674 2319 in
2714 2277 2949 2342 manuS,
2987 2278 3190 2340 quam·

583 2381 837 2442 cumque
885 2366 1155 2444 paginam
1192 2365 1464 2443 aperiens
1504 2366 1862 2447 inspexeris,
1888 2346 2333 2445 'quemcumque
2373 2383 2609 2426 versum
2648 2367 2920 2446 aperiens
2956 2365 3193 2449 legeriS,

584 2469 807 2549 absque
863 2470 979 2531 ulla
1036 2469 1334 2533 dubietate
1390 2472 1640 2552 primam
1695 2469 1975 2551 syllabam
2032 2479 2132 2532 aut
2187 2479 2397 2533 natura
2451 2480 2554 2533 aut
2606 2474 2900 2553 positione
2957 2473 3191 2554 longam

585 2580 879 2660 invenies,
925 2581 1061 2658 quia
1110 2580 1388 2640 nimirum
1438 2580 1560 2640 sive
1607 2577 1856 2659 spondei
1903 2596 2008 2639 seu
2056 2577 2268 2658 dactyli
2316 2587 2548 2640 constat
2585 2598 2716 2641 esse
2761 2581 3140 2661 principium.

763 2685 910 2747 Item
963 2688 1152 2767 prima
1209 2705 1384 2768 saepe
1441 2683 1658 2767 syllaba
1704 2704 1776 2748 ex
1824 2686 2251 2767 compositione
2308 2686 2528 2766 figurae
2576 2686 3070 2769 deprehenditur,
3129 2696 3194 2760 ut
3222 2712 3278 2752 so

586 2797 634 2855 si
693 2796 924 2857 nescias
981 2793 1168 2874 qualis
1224 2795 1303 2855 sit
1354 2796 1517 2876 pius,
1575 2813 1647 2856 ex
1704 2775 2158 2874 compositione,
2213 2811 2364 2872 quae
2421 2802 2512 2855 est
2565 2797 2816 2877 impiuS,
2872 2796 3060 2881 qualis
3116 2798 3195 2857 sit

581 2903 717 2983 pius
764 2902 1169 2983 cognoscitur,
1215 2901 1355 2962 licet
1401 2904 1461 2962 in
1510 2901 1823 2981 aliquantis
1870 2901 1982 2961 hoc
2031 2900 2203 2961 sallat.
2279 2919 2412 2963 nam
2464 2920 2600 2962 cum
2647 2901 2898 2963 dicimus
2947 2901 3194 2983 nubere,

586 3027 668 3070 nu
725 3008 897 3088 longa
954 3017 1081 3090 est3
1138 3011 1281 3070 item
1339 3027 1476 3071 cum
1530 3008 1784 3071 dicimus
1846 3006 2069 3070 innuba
2123 3017 2225 3070 aut
2278 3007 2574 3091 pronuba,
2628 3010 2694 3069 fit
2748 3007 2944 3070 brevis
2995 3027 3077 3070 nn
3132 3010 3192 3070 in

587 3118 1045 3196 compositione:
1090 3118 1232 3177 item
1279 3114 1379 3177 lux
1426 3115 1577 3177 lucis
1624 3115 1683 3176 lu
1731 3115 1902 3195 longa
1958 3122 2075 3194 est,
2122 3115 2362 3175 lucerna
2409 3113 2606 3175 brevis
2658 3123 2781 3176 est:
2826 3117 2970 3176 item
3018 3114 3193 3175 homo

586 3223 784 3285 brevis
821 3231 912 3284 cst
965 3221 1212 3304 ubique,
1259 3222 1551 3284 humanus
1589 3222 1792 3302 longa:
1840 3217 2026 3284 ‘itur
2070 3223 2141 3282 in
2183 3224 2545 3302 antiquam
2584 3217 2883 3302 silvam',
2928 3224 2948 3282 i
2994 3221 3277 3304 longa325

588 3327 1107 3412 ‘superumque
1155 3329 1233 3390 ad
1282 3330 1518 3391 lumen
1565 3324 1849 3410 ituras’,
1906 3330 1926 3389 i
1972 3327 2187 3390 brevis.
2262 3327 2365 3389 sed
2414 3327 2528 3389 hoc
2573 3329 2826 3389 inveniri
2874 3346 3006 3389 raro
3055 3348 3193 3390 con-

588 3439 776 3518 tingit.
825 3454 1030 3498 verum
1078 3439 1129 3498 si
1175 3435 1474 3516 quaelibet
1520 3454 1658 3516 pars
1704 3437 1990 3521 orationis
2038 3433 2573 3521 praepositionibus
2621 3442 3029 3517 componatur,
3075 3438 3194 3515 pri-

587 3548 710 3605 ma‘s
749 3542 997 3624 syllabas
1034 3563 1105 3604 ex
1153 3544 1245 3605 his
1288 3545 1731 3623 cognoscimus:
1776 3560 1911 3603 nam
1966 3542 2095 3603 talis
2128 3536 2135 3625 Ι
2173 3540 2432 3603 manebit
2479 3542 2602 3602 sere
2642 3544 2835 3603 omnis
2873 3544 3194 3623 composita

588 3650 832 3732 syllaba,
879 3649 1069 3730 qualis
1114 3660 1175 3713 et
1229 3653 1354 3731 ipsa
1398 3650 1760 3731 praepositio
1818 3649 2023 3729 suerit,
2079 3655 2145 3708 ut
2200 3647 2486 3728 deceptus
2531 3647 2863 3729 abundauS,
2919 3648 2992 3710 de
3041 3650 3196 3710 vide-

590 3756 729 3819 licet
776 3756 947 3836 longa
993 3766 1054 3820 et
1099 3757 1171 3819 ab
1217 3757 1430 3819 brevis.
1504 3759 1646 3818 item
1694 3775 1765 3816 ex
1814 3757 1959 3835 ipsis
2003 3753 2541 3835 praepositionibus
2579 3754 2647 3815 ad
2698 3766 2756 3817 et
2801 3753 2877 3815 ob
2925 3764 2983 3817 et
3028 3758 3091 3817 in
3137 3765 3281 3818 etso

757 3900 803 3948 3
839 3912 944 3951 nec
977 3898 1168 3949 tamen
1208 3896 1307 3950 hos
1336 3897 1458 3950 toto
1487 3890 1725 3962 depellit
1757 3889 1984 3946 foedere
2022 3906 2225 3961 gnaros
2251 3892 2354 3949 ςΡ
2387 3907 2491 3946 nec
2518 3890 2634 3944 t''m
2665 3891 2766 3945 hos
2802 3892 2924 3946 toto
2963 3891 3206 3962 depellit

588 3994 777 4049 federe
811 4010 1020 4064 gnarus
1058 3992 1120 4046 F
1153 3992 1425 4049 nectimus
1462 3993 1566 4045 hos
1602 3992 1727 4045 toto
1763 3987 1999 4059 depellit
2034 4005 2263 4059 corpore
2300 4004 2507 4068 gnarus
2543 3988 2597 4041 L
2706 3995 2740 4042 4
2777 3990 3060 4043 errantum
3098 3989 3150 4043 L
3153 4008 3199 4059 p

590 4072 896 4128 errantium
935 4073 990 4126 P
1027 4072 1328 4128 errantium
1374 4089 1510 4127 corr.
1551 4073 1697 4125 ·tum
1744 4070 1808 4124 F
1981 4068 2174 4124 auicns
2220 4069 2272 4122 L
2453 4074 2484 4122 6
2537 4070 2935 4124 annumeratur
2968 4068 3200 4124 tametsi

592 4154 979 4224 (superscripto
1026 4151 1283 4222 quamuis
1331 4153 1370 4219 l)
1419 4152 1473 4205 L
1528 4152 1889 4206 anumeratur
1933 4148 2100 4204 tamsi
2138 4148 2200 4202 F
2251 4148 2688 4202 adnumerantur
2733 4150 2893 4218 (corr.
2930 4150 3095 4203 -atur
3137 4150 3200 4218 p)

588 4234 780 4289 tamen
817 4232 924 4288 etsi
965 4233 1020 4286 1>
1159 4237 1192 4286 8
1231 4233 1362 4286 sunt
1398 4231 1528 4297 LP,
1565 4246 1665 4286 om.
1707 4229 1781 4296 F,
1819 4228 1931 4285 aiut
1965 4231 2002 4298 f
2135 4245 2274 4297 quas
2314 4227 2425 4283 suis
2462 4225 2634 4282 etiam
2675 4228 2728 4280 L
2875 4234 2942 4283 10
2980 4230 3202 4285 curauit

593 4313 712 4368 FL
751 4312 972 4369 curabit
1005 4318 1143 4367 corr.
1184 4309 1465 4366 curauerit
1501 4310 1556 4363 P
1586 4309 1806 4365 curabit
1844 4325 1877 4367 ς
1985 4308 2082 4364 sed
2120 4311 2180 4363 et
2214 4307 2310 4377 qui
2346 4307 2448 4367 ςΡ
2554 4314 2619 4361 13
2659 4306 2935 4378 syllabam
2972 4308 3199 4379 longam

591 4394 765 4449 habet
800 4393 852 4446 L
997 4391 1132 4462 quia
1167 4390 1258 4445 uel
1295 4390 1395 4457 Lt‘
1422 4390 1518 4459 qui
1553 4389 1644 4445 uel
1686 4390 1748 4444 F
1780 4407 1924 4459 qnae
1962 4388 2055 4444 uel
2091 4390 2195 4447 ςΡ
2337 4392 2403 4442 15
2442 4386 2697 4443 consistit
2734 4387 2859 4442 FP
2889 4391 3111 4444 constat
3146 4388 3201 4442 L

703 4480 767 4529 16
804 4488 1214 4543 quamcpmque
1251 4470 1515 4540 paginam
1543 4470 1801 4541 apat-iens
1839 4469 2075 4540 insperis
2103 4484 2246 4540 quae
2284 4468 2445 4537 (corr.
2474 4465 2780 4537 inspexeris
2809 4474 2915 4538 que
2953 4469 3007 4535 f)
3046 4484 3201 4522 cum-

593 4572 701 4625 que
739 4571 931 4610 uersus
970 4552 1228 4621 apariens
1265 4551 1469 4621 legeris
1508 4550 1570 4604 F
1676 4557 1737 4606 17
1780 4568 2001 4605 uersum
2039 4549 2310 4619 arripiens
2348 4548 2448 4607 ςΡ
2551 4554 2616 4603 19
2656 4548 2789 4618 quia
2825 4547 2990 4615 LPf
3017 4545 3115 4616 qui
3147 4546 3208 4600 F

699 4633 818 4689 siue
856 4632 1050 4688 dactili
1088 4649 1185 4687 seu
1223 4630 1457 4702 spondei
1495 4631 1547 4685 L
1656 4637 1719 4684 21
1764 4630 1946 4699 qualis
1984 4631 2059 4686 sit
2093 4629 2218 4701 pius
2250 4630 2547 4699 posteriore
2583 4630 2696 4684 loco
2732 4645 2834 4684 om.
2874 4628 2926 4682 L
3035 4633 3104 4681 24
3141 4626 3200 4681 lu

592 4714 767 4783 longa
793 4715 880 4767 est
912 4712 968 4766 P
990 4712 1163 4783 longa
1191 4715 1279 4767 est
1307 4711 1365 4766 lu
1393 4712 1474 4765 L.-
1510 4710 1572 4764 lu
1598 4726 1699 4773 ωη.
1730 4708 1792 4762 F
1922 4716 1990 4765 25
2026 4710 2165 4781 itur]
2217 4709 2371 4779 Vei-9.
2411 4709 2547 4765 Aen.
2588 4709 2683 4763 VI
2715 4713 2822 4764 179
2933 4712 3001 4761 26
3038 4723 3200 4777 supe·

594 4792 852 4862 rumque]
903 4791 1057 4860 Very.
1098 4793 1236 4848 Aen.
1286 4792 1377 4845 VI
1414 4797 1527 4847 680
1692 4788 1870 4844 iturus
1906 4789 1959 4843 L
2119 4785 2371 4843 inuenire
2409 4785 2471 4840 F
2609 4794 2676 4843 27
2717 4786 2974 4857 qnalibet
3011 4785 3073 4841 F
3112 4828 3129 4857 ο,

594 4877 663 4925 30
700 4871 771 4926 ob
808 4872 868 4926 in
907 4870 1090 4926 FLP
