3613 5528
1346 418 1445 474 DE
1482 416 2067 475 ORTHOGRAPHIA
2917 415 3006 480 55

401 532 445 570 p.
474 520 592 561 2219.
619 520 672 560 so
697 519 748 559 Ρ.

404 623 535 666 nam
582 606 634 665 si
680 611 772 665 est
817 602 1005 686 aliud,
1050 604 1215 692 iacit,
1270 621 1379 683 pro
1425 605 1447 662 i
1493 622 1527 663 a
1573 602 1984 684 substituitur,
2037 610 2107 664 ut
2151 607 2269 664 vim
2316 602 2530 664 vocalis
2576 602 2841 664 obtineat
2887 620 3003 663 ma-

405 720 581 774 nente
627 713 826 793 priore
874 713 913 792 i,
960 728 1111 790 quae
1158 711 1539 772 consonantis
1577 711 1764 771 vicem
1813 708 2110 789 implebat.
2183 717 2243 771 at
2286 712 2389 789 qui
2423 709 2662 771 Troiam
2700 717 2761 771 et
2796 709 3006 771 Maiam

403 838 512 900 per
557 836 743 880 unum
779 818 801 878 i
849 816 1137 896 scribunt,
1183 824 1400 895 negant
1445 815 1803 877 onerandam
1849 814 2121 896 pluribus
2159 815 2373 877 litteris
2419 818 2822 897 scriptionem,
2867 834 3004 877 cum

402 944 583 987 sonus
628 927 756 1005 ipse
813 924 1085 985 sufficiat.
1137 918 1146 1004 Ι
1200 922 1350 984 hanc
1396 924 1554 983 enim
1601 904 1878 984 naturam
1920 940 2052 983 esse
2100 922 2470 1001 quarundam
2522 923 2883 1006 litterarum,
2937 931 3007 985 ut

345 1046 371 1087 5
400 1039 707 1094 morentur
762 1038 824 1091 et
876 1031 1282 1091 enuntiatione
1340 1048 1554 1091 sonum
1609 1028 1939 1111 detineant,
2000 1029 2157 1108 quod
2214 1029 2428 1091 accidit
2484 1039 2544 1091 et
2597 1032 2659 1091 in
2715 1049 2787 1091 eo
2844 1030 3001 1109 quod

398 1139 650 1200 dicimus
705 1133 849 1198 ‘hoc
905 1132 1048 1219 est',
1103 1154 1240 1197 cum
1296 1139 1421 1217 ipsa
1477 1139 1718 1197 vastitas
1772 1136 2007 1197 litterae
2059 1138 2119 1196 in
2176 1139 2582 1198 enuntiatione
2636 1138 3001 1217 pinguescat.

398 1234 573 1325 atque
629 1248 755 1325 ipsa
812 1251 1019 1306 natura
1070 1246 1089 1304 i
1134 1244 1365 1305 litterae
1423 1251 1515 1304 est
1559 1252 1629 1305 ut
1680 1245 1992 1304 interiecta
2050 1241 2351 1304 vocalibus
2405 1243 2581 1305 latius
2640 1246 3003 1327 enuntietur,

396 1352 538 1414 dum
583 1359 644 1413 et
688 1354 853 1432 prior
899 1349 1054 1411 illam
1101 1349 1323 1410 adserit
1368 1358 1431 1411 et
1475 1367 1733 1428 sequens
1780 1348 1894 1410 sibi
1942 1348 2213 1410 vindicat.
2287 1359 2346 1411 et
2397 1369 2533 1413 cum
2577 1360 2855 1431 appareat
2889 1370 2998 1431 per

396 1476 584 1520 unum
632 1462 657 1518 i
699 1457 935 1518 Troiam
985 1455 1167 1517 scribi
1212 1454 1368 1535 apud
1406 1455 1663 1516 Graecos
1710 1464 1770 1517 et
1806 1454 2034 1537 Maiam,
2081 1473 2201 1516 non
2247 1464 2340 1518 est
2385 1456 2558 1518 nobis
2604 1457 2786 1519 altera
2832 1460 2853 1518 i
2899 1476 2999 1519 ne-

318 1584 370 1623 10
398 1568 671 1646 cessaria,
717 1583 855 1626 cum
891 1565 953 1624 in
991 1566 1180 1625 latino
1219 1564 1456 1623 nomine
1495 1580 1615 1623 non
1654 1564 1900 1641 scriptio
1939 1546 2305 1643 immutetur,
2352 1563 2456 1624 sed
2495 1563 2618 1624 sola
2657 1565 3001 1625 enuntiatio.

398 1674 482 1732 sic
535 1671 692 1752 apud
748 1670 879 1732 illos
931 1676 1096 1751 μυῖα
1141 1688 1251 1749 per
1302 1686 1490 1731 unum
1534 1671 1554 1729 i
1602 1668 1913 1752 scribitur,
1966 1671 2111 1730 item
2158 1661 2384 1742 Θυιάς.
2473 1670 2613 1733 licet
2668 1680 3002 1751 repugnent

395 1779 603 1840 Graeci
651 1797 768 1858 quo
816 1781 1013 1839 minus
1057 1776 1204 1837 haec
1250 1777 1269 1835 i
1317 1774 1513 1836 littera
1558 1778 1621 1836 in
1667 1777 1956 1836 unitatem
2003 1793 2141 1835 cum
2187 1773 2380 1853 aliqua
2427 1776 2612 1837 vocali
2659 1779 2879 1859 veniat,
2934 1785 3003 1838 ut

396 1904 572 1947 unam
618 1884 898 1965 syllabam
943 1886 1187 1965 saciant,
1242 1881 1541 1960 velintque
1588 1877 1753 1961 μυῖα
1796 1874 1910 1942 καὶ
1954 1874 2167 1954 &venis
2211 1880 2509 1961 trisyllaba
2564 1884 2804 1943 nomina
2850 1900 3000 1964 esse,

394 1994 592 2053 vincet
638 2000 834 2053 tamen
880 1990 1013 2053 illos
1060 1998 1268 2051 natura
1304 1996 1457 2050 teste
1505 1987 1837 2068 praeclaro,
1884 1990 1988 2067 qui
2033 1991 2115 2049 ait

318 2118 368 2156 ιε
714 2091 863 2172 υἱός
906 2089 973 2159 θ’
1024 2089 1274 2169 υἱωνός
1316 2086 1366 2158 τ’
1418 2086 1654 2176 ἀρετῆς
1698 2088 1850 2175 πέρι
1899 2090 2098 2175 δῆριν
2146 2093 2415 2174 ἔθεντο,

398 2208 509 2267 nisi
560 2204 665 2284 [si]
715 2204 812 2266 hic
859 2222 1066 2265 versus
1112 2221 1145 2263 a
1191 2201 1425 2263 duobus
1482 2203 1815 2282 anapaestis
1860 2203 2094 2283 incipit,
2149 2202 2307 2281 quod
2358 2202 2520 2264 nullo
2575 2203 2748 2265 modo
2803 2211 3002 2284 potest

396 2313 541 2372 fieri.
635 2312 738 2373 sed
774 2313 1099 2392 ,quotienS,
1154 2318 1223 2370 ut
1277 2327 1456 2389 supra
1511 2306 1795 2389 diximuS,
1850 2306 2080 2368 duabus
2136 2307 2434 2370 vocalibus
2488 2311 2800 2371 interiecta
2852 2310 3001 2372 haec

394 2418 591 2481 littera
646 2427 765 2501 est,
821 2417 1071 2480 duarum
1127 2416 1580 2478 consonantium
1636 2412 1867 2476 obtinet
1919 2417 2125 2476 vicem.
2217 2417 2303 2476 sic
2349 2434 2468 2476 non
2517 2419 2633 2478 erit
2685 2417 3001 2499 acephalus

396 2543 607 2586 versus
1742 2535 1759 2541 “

321 2650 372 2689 so
715 2631 975 2712 Thyias
1019 2629 1142 2692 ubi
1187 2629 1429 2692 audito
1477 2628 1849 2709 trepidant
1893 2630 2277 2690 trieterica
2323 2626 2599 2692 Baccho

398 2745 458 2800 et

717 2843 1075 2924 Troiaque
1123 2862 1310 2906 nunc
1356 2851 1590 2905 stares

399 2959 459 3013 et

717 3060 967 3150 aio3e,
1013 3058 1349 3141 Aeacida,
1393 3058 1744 3119 Romanos
1793 3059 2084 3118 vincere
2130 3074 2356 3137 posse.

324 3184 372 3224 25
400 3182 530 3225 uam
588 3182 698 3225 nec
752 3163 995 3226 Accium
1052 3168 1241 3226 secuti
1302 3183 1509 3226 sumus
1569 3182 1806 3243 semper
1865 3162 2095 3238 vocales
2154 3165 2578 3247 geminantem,
2637 3164 3000 3246 ubicumque

399 3270 747 3350 producitur
793 3271 1026 3355 syllaba,
1073 3276 1350 3352 quoniam
1397 3271 1669 3352 expedita
1714 3270 1892 3331 debet
1939 3287 2070 3330 esse
2117 3268 2386 3330 condicio
2433 3270 2749 3334 scribendi.

572 3377 682 3439 Hic
728 3382 1035 3458 quaeritur
1073 3382 1251 3441 etiam
1296 3398 1369 3440 an
1413 3398 1524 3460 per
1566 3397 1599 3439 e
1646 3386 1708 3439 et
1747 3379 1769 3438 i
1815 3374 2102 3456 quaedam
2149 3375 2400 3437 debeant
2446 3377 2628 3439 scribi
2674 3380 3002 3443 secundum

399 3484 886 3547 consuetudinem
924 3504 1212 3565 graecam.
1278 3504 1396 3547 non
1434 3483 1581 3547 nulli
1619 3486 1775 3545 enim
1814 3502 1882 3544 ea
1921 3501 2071 3563 quae
2108 3481 2588 3563 producerentur
2623 3487 2710 3546 sic
2748 3489 3001 3567 scripse-

575 3656 756 3712 G'odeae
793 3657 1087 3712 Parrhasii
1196 3664 1224 3710 1
1263 3673 1364 3727 pro
1401 3656 1424 3709 i
1459 3656 1517 3727 a]
1557 3673 1658 3725 pro
1696 3673 1732 3709 a.
1765 3653 1787 3708 i
1948 3652 2065 3709 vim
2106 3669 2206 3708 om.
2384 3660 2416 3709 2
2451 3602 2517 3726 ἓξ
2546 3655 2643 3725 qui
2680 3656 2908 3728 Trojam
2948 3661 3006 3714 et

399 3736 606 3807 Majam
623 3737 691 3792 G:
720 3737 796 3792 At
820 3753 1084 3807 superse-r.
1106 3755 1135 3794 c
1237 3745 1269 3791 5
1300 3736 1552 3796 detineat
1579 3734 1679 3805 qui
1705 3732 1913 3789 accidit
2015 3739 2048 3788 8
2075 3750 2177 3804 per
2205 3751 2377 3788 unum
2404 3733 2633 3806 Tr0Jam
2732 3743 2765 3790 9
2795 3736 3004 3808 Majam

507 3875 573 3924 10
609 3869 784 3924 latino
822 3886 924 3924 om.
1062 3875 1124 3924 11
1163 3871 1327 3942 μυῖα]
1367 3828 1511 3940 pecta
1642 3875 1705 3924 13
1744 3867 2037 3937 nolintque
2074 3887 2248 3937 μυιαν
2286 3870 2529 3923 αιθυιαν
2565 3869 2863 3941 trisyllaba

404 3954 466 4003 15
509 3943 634 4012 υἱός
671 3980 738 3988 ——
779 3945 982 4004 ἔθεντο
1029 3966 1128 4004 om.
1169 3949 1239 4016 0,
1285 3968 1410 4011 υιος
1452 3951 1527 4004 &s
1575 3966 1984 4018 υιωοσταρετης
2026 3967 2156 4018 περι
2200 3949 2364 4018 &now
2411 3951 2617 4004 εθεντο
2660 3952 2789 4007 aad.
2829 3969 2858 4008 c

405 4087 468 4136 18
503 4029 774 4137 angulus:
802 4082 997 4150 prima
1022 4098 1195 4137 mama
1219 4096 1485 4150 supersor.
1513 4081 1607 4152 ph.
1753 4087 1822 4135 20
1859 4080 2022 4150 thyas
2050 4081 2150 4136 ubi
2177 4081 2401 4137 auditos
2427 4081 2719 4152 trepidant
2751 4083 3004 4142 trieteris

469 4166 537 4215 22
574 4178 689 4215 nun
726 4161 903 4216 stares
942 4162 991 4217 0
1022 4178 1162 4218 corr.
1198 4180 1346 4218 nunc
1383 4168 1560 4219 stares
1595 4180 1625 4218 c
1691 4215 1697 4220 ,
1766 4169 1836 4218 25
1874 4161 2085 4218 actium

545 4328 570 4374 1
610 4338 711 4390 pro
747 4320 767 4375 i
802 4338 839 4376 a.
875 4321 1234 4378 substituitur
1269 4323 1597 4379 Schmitzius
1622 4341 1685 4394 p.
1724 4329 1789 4378 11
1947 4329 1979 4377 3
2018 4325 2230 4394 negant
2264 4324 2629 4397 onerandam]
2668 4326 2735 4393 cf.
2757 4341 2818 4394 p.
2849 4329 2941 4392 78,
2970 4331 3002 4380 1

407 4401 656 4469 quamvis
701 4400 852 4456 idem
908 4402 1061 4458 dicat
1114 4420 1226 4457 non
1271 4419 1391 4458 esse
1437 4405 1777 4459 onerandam
1834 4404 2190 4474 supervacuis
2241 4403 2449 4460 litteris
2504 4403 2859 4475 scriptionem

407 4487 437 4533 5
473 4482 617 4549 quod
654 4481 890 4537 dicimus
926 4481 1018 4535 hic
1055 4482 1141 4536 est
1174 4481 1231 4536 R
1375 4488 1442 4538 10
1478 4482 1538 4537 in
1571 4484 1796 4539 nomine
1833 4484 1890 4538 R
2029 4489 2088 4537 11
2127 4484 2263 4539 item
2295 4479 2497 4555 Θυιάς]
2536 4483 2677 4538 item
2713 4485 2921 4539 αὔθυια
2947 4485 3004 4540 R

472 4563 702 4627 fortasse
735 4560 870 4616 licet
896 4563 1210 4629 repugnent
1228 4561 1592 4628 grammatici
1737 4569 1802 4618 13
1841 4563 2128 4633 velintque
2154 4558 2330 4634 μύιαν
2358 4559 2601 4617 α’ίθυιαν
2626 4564 2923 4634 trisyllaba.
2947 4567 3005 4621 R

477 4645 543 4694 14
576 4640 677 4695 illo
702 4633 904 4695 natura
938 4641 994 4694 R
1124 4646 1189 4695 15
1226 4635 1372 4712 υἱός]
1403 4641 1565 4696 Hom.
1598 4641 1696 4699 Od.
1728 4664 1771 4698 ω
1801 4649 1910 4700 515
2039 4652 2102 4700 17
2140 4645 2205 4698 ut,
2233 4660 2401 4713 supra
2428 4643 2693 4716 diximus]
2726 4662 2784 4714 p.
2806 4650 2898 4714 48,
2926 4653 3006 4704 20

476 4726 542 4775 20
591 4719 779 4788 Thyes
823 4720 904 4775 R:
956 4721 1112 4791 Very.
1158 4720 1298 4775 Aen.
1346 4720 1515 4774 IIII
1557 4726 1672 4778 302
1720 4724 1956 4795 Thynia,
2003 4724 2100 4781 ubi
2146 4724 2341 4779 audito
2386 4723 2677 4779 stimulant
2719 4725 3006 4784 trieterica

409 4796 622 4931 {hsstcho
659 4797 833 4868 Orgia
970 4806 1038 4855 22
1076 4798 1380 4872 Troiaque]
1430 4801 1585 4870 Very.
1624 4802 1762 4858 Aen.
1802 4805 1890 4858 II
1922 4811 1996 4862 56
2138 4810 2207 4858 24
2244 4801 2362 4874 aio]
2400 4802 2554 4858 Enn.
2584 4806 2774 4862 annal.
2803 4806 3004 4880 fraqm.

433 4918 445 4931 .
539 4878 581 4930 I
612 4884 724 4935 186
758 4879 839 4935 ed.
888 4880 1041 4937 Vam.
