3613 5528
575 392 710 458 232
1229 411 1234 416 ’
1763 392 2006 448 ΒΕΒΑΕ

577 504 620 542 p.
648 493 766 534 2354.
796 494 848 535 55
875 493 922 535 P.

580 586 672 638 est
717 576 889 656 longa
935 577 1233 656 permissu
1278 579 1515 655 poetico
1561 579 1622 638 in
1671 576 1812 658 hoc,

896 681 1195 743 frondea
1242 683 1429 744 sicus
1475 692 1628 745 erat
1674 685 1884 745 cuius
1929 685 1999 743 in
2048 681 2312 743 robore
2360 681 2661 758 nullum,

579 788 736 868 quod
792 806 981 867 genus
1028 787 1280 868 syllabae
1336 792 1493 851 inter
1549 791 1754 871 longas
1802 789 1893 851 vel
1950 791 2191 851 omnino
2235 789 2652 868 refugiendum
2699 789 2790 851 vel
2842 791 3189 870 parcissime

504 957 515 966 ,
579 893 988 974 usurpandum
1036 904 1144 956 est.
1220 894 1376 957 untle
1424 903 1485 956 et
1529 898 1591 957 in
1637 895 2074 958 recentioribus
2120 897 2314 975 poetis
2362 914 2479 956 non
2531 894 2701 957 facile
2748 896 2878 957 eius
2923 898 3192 957 invenies

578 1000 941 1083 exemplum,
997 1004 1265 1082 quamvis
1318 1010 1379 1063 et
1434 1000 1588 1081 apud
1650 1000 1956 1080 Virgilium
2013 1018 2131 1061 non
2188 1003 2590 1084 rarissimum,
2649 1002 2804 1082 apud
2865 1002 3192 1065 Homerum
3220 1014 3248 1054 5

579 1126 719 1167 vero
766 1108 1315 1187 frequentissimum
1363 1110 1713 1188 reperiatur.
1787 1110 1932 1168 item
1980 1107 2191 1168 modus
2238 1116 2330 1169 est
2375 1110 2649 1189 quintuS‚
2695 1127 2832 1169 cum
2876 1127 3016 1189 pars
3061 1128 3192 1170 ora-

580 1214 758 1275 tionis
804 1213 1023 1276 desinit
1079 1216 1140 1276 in
1189 1214 1594 1295 diphthongon
1621 1223 1932 1293 sequente
1980 1216 2177 1275 statim
2225 1214 2408 1276 altera
2455 1215 2671 1278 vocali:
2726 1225 2826 1290 fest
2870 1218 3030 1278 enim
3084 1234 3195 1296 per

580 1328 851 1381 naturam
887 1320 1059 1401 longa
1097 1324 1156 1383 in
1197 1322 1336 1404 hoc,
1383 1317 1652 1382 ‘Musae
1690 1316 2071 1402 Aonides’3
2117 1331 2210 1382 est
2246 1340 2355 1402 per
2394 1321 2692 1384 licentiam
2727 1322 2925 1384 brevis
2961 1324 3024 1383 in
3063 1321 3196 1404 hoc,

580 1422 893 1488 ‘insulae
941 1427 1140 1489 Ionio
1186 1431 1258 1489 in
1287 1422 1603 1512 ‚magnoss
1649 1426 1808 1507 quod
1854 1429 2220 1508 posteriores
2265 1436 2487 1509 poetae
2524 1430 2708 1509 magis
2754 1431 2815 1490 in
2863 1448 2979 1491 una
3025 1440 3196 1509 parte

580 1536 865 1595 orationis
920 1535 1049 1596 fieri
1106 1535 1436 1599 voluerunt.
1511 1536 1667 1597 unde
1724 1554 1836 1597 nec
1892 1534 2071 1596 huius
2117 1522 2452 1615 exemplum
2499 1534 2670 1596 facile
2715 1537 2777 1596 in
2827 1535 3192 1598 nostratibus
3224 1548 3275 1587 1⁰

582 1639 953 1721 poematibus
1000 1644 1285 1704 invenies.
1350 1651 1408 1704 at
1453 1661 1590 1704 cum
1636 1641 2040 1722 diphthongus
2080 1659 2113 1702 a
2150 1640 2334 1703 vocali
2380 1640 2624 1703 alterius
2670 1641 2833 1703 verbi
2882 1644 3198 1724 excipitur,

585 1755 711 1809 tum
759 1747 920 1809 hanc
953 1767 1064 1829 per
1102 1749 1464 1830 synalipham
1513 1749 1957 1811 transiliendam
1996 1767 2130 1810 esse
2170 1748 2472 1830 dicebant,
2517 1757 2585 1810 ut
2620 1748 2881 1830 Prosper
2917 1751 2979 1810 in
3024 1767 3193 1829 prae-

582 1855 801 1916 fatione
850 1857 1338 1936 epigrammatum
1470 1936 1474 1940 ,

902 1981 1032 2023 nec
1079 1971 1374 2025 nostrae
1421 1963 1550 2025 hoc
1598 1964 1755 2043 opis
1801 1971 1939 2044 est,
1985 1962 2105 2023 sed
2154 1960 2238 2023 ab
2284 1961 2410 2023 illo
2457 1965 2770 2024 sumitur
2816 1962 2929 2025 hic
2976 1982 3121 2046 roS,

1015 2070 1136 2149 qui
1183 2072 1444 2133 siccam
1491 2087 1738 2151 rupem
1785 2068 2093 2130 sundere
2140 2070 2362 2130 iussit
2408 2086 2641 2147 aquas.
3226 2079 3278 2120 1⁵

586 2185 790 2238 sextus
835 2170 1048 2238 modus
1094 2187 1213 2259 est,
1260 2187 1326 2239 ut
1371 2177 1637 2238 Donatus
1684 2179 1792 2258 ait,
1839 2193 1978 2236 cum
2021 2174 2311 2255 producta
2359 2174 2574 2236 vocalis
2622 2184 2714 2237 est
2770 2175 2953 2237 vocali
3011 2175 3196 2238 altera

585 2293 1017 2362 consequente:
1064 2291 1156 2344 est
1202 2287 1360 2345 enim
1405 2284 1576 2363 longa
1623 2286 1685 2356 in
1733 2283 1875 2358 hoc,

904 2409 940 2450 o
989 2393 1256 2451 utinam
1304 2393 1372 2452 in
1422 2375 1771 2480 thalamos
1818 2391 2036 2451 invisi
2083 2389 2416 2451 Caesaris
2463 2391 2713 2471 issem3

586 2495 785 2557 brevis
831 2499 893 2557 in
941 2495 1083 2579 boc,

908 2613 974 2664 te
1021 2602 1373 2686 Corydon,
1419 2623 1455 2664 o
1502 2604 1727 2687 Alexi,
1775 2603 2005 2665 trahit
2051 2622 2176 2665 sua
2223 2621 2576 2682 quemque
2627 2603 2973 2684 vo'luptaS.
3228 2615 3284 2654 2⁰

588 2709 747 2791 quod
797 2709 1063 2772 moderni
1113 2712 1544 2772 versificatores
1577 2685 1642 2773 in
1682 2710 1886 2772 eadem
1933 2711 2132 2791 potius
2177 2717 2345 2789 parte
2384 2712 2671 2773 orationis
2718 2712 2913 2773 lacere
2950 2730 3199 2773 consue·

591 2826 759 2899 runt,
806 2826 872 2879 ut
920 2813 1078 2879 ‘Eoi
1126 2837 1387 2880 venere
1433 2813 1646 2898 magi’
1695 2827 1755 2880 et

908 2925 1335 3005 splendidus
1383 2928 1704 2987 auctoris
1750 2925 1834 2986 de
1883 2927 2160 2989 vertice
2207 2924 2440 3005 fulget
2485 2919 2723 3008 Eous]

591 3042 651 3093 et
697 3050 908 3094 rursus
953 3031 1126 3112 longa
1173 3024 1266 3093 e'st
1310 3051 1418 3113 per
1465 3041 1735 3094 naturam
1782 3035 1889 3114 ita,
2160 3096 2167 3101 ,
2668 3113 2678 3122 ⁸

909 3139 1208 3219 angelus
1255 3143 1568 3202 intactae
1616 3141 1891 3201 cecinit
1936 3147 2322 3219 properata
2368 3139 2656 3221 Mariae,
3228 3150 3282 3189 ²5

594 3246 792 3308 brevis
836 3266 946 3327 per
994 3246 1288 3308 licentiam
1337 3249 1442 3321 ita,

910 3353 1186 3415 exultat
1231 3354 1491 3415 Mariae
1540 3372 1691 3415 cum
1738 3356 1965 3434 prima
2013 3353 2367 3414 adsamina
2414 3356 2660 3415 sensit.

593 3468 653 3521 at
681 3479 817 3521 cum
847 3460 1018 3540 longa
1051 3462 1267 3522 vocalis
1298 3461 1384 3521 vel
1416 3464 1591 3523 etiam
1620 3460 1846 3541 brevis,
1885 3460 2035 3539 quae
2075 3468 2305 3539 partem
2337 3461 2613 3521 terminat
2649 3462 2959 3543 orationiS,
2986 3464 3204 3542 excipi-

595 3577 693 3628 tur
741 3585 772 3627 a
822 3567 1033 3648 vocali,
1077 3568 1324 3629 alterius
1370 3568 1535 3630 verbi
1579 3570 1844 3649 priorem
1888 3586 1996 3647 per
2043 3565 2407 3646 synalipham
2454 3566 2799 3647 absumunt,
2847 3575 2912 3629 ut
2947 3568 3208 3649 Prosper

901 3692 1062 3735 nam
1112 3676 1169 3735 si
1217 3683 1283 3736 te
1332 3677 1605 3761 virtute
1654 3683 1773 3736 tua
1821 3672 1899 3734 ad
1949 3672 2299 3734 caelestia
2346 3673 2599 3734 credas
2892 3722 2897 3727 .
3231 3682 3288 3722 ³0

1019 3781 1398 3865 scandere,
1442 3782 1524 3844 de
1572 3784 1860 3862 superis
1906 3778 2160 3860 pulsus
2209 3781 2277 3840 in
2326 3782 2459 3840 ima
2507 3779 2731 3862 cadis3

594 3889 861 3977 quamvis
910 3897 970 3949 et
1017 3888 1228 3949 Arator
1278 3891 1541 3951 imitatus
1587 3897 1820 3949 veteres
1867 3886 2085 3947 dixerit

914 4014 949 4053 o
997 3997 1269 4056 utinam
1319 3998 1595 4057 nostris
1642 3994 2003 4056 voluisses
2052 3992 2198 4053 fida
2243 3994 2585 4055 iuventus

778 4174 808 4220 3
850 4167 1008 4234 Quod
1045 4184 1220 4236 genus
1259 4198 1325 4207 —
1367 4175 1397 4222 6
1435 4166 1747 4237 reperiatur
1787 4166 1953 4221 Man.
1998 4164 2048 4218 T
2045 4165 2194 4220 heod.
2235 4169 2366 4231 587,
2402 4169 2471 4218 14

779 4335 806 4382 1
855 4328 1131 4397 permissu
1176 4327 1466 4397 (permisso
1505 4327 1568 4382 F
1612 4344 1749 4383 corr.
1788 4345 1874 4381 -su
1910 4327 1966 4394 f)
2010 4324 2230 4395 poetico
2275 4323 2335 4378 in
2381 4324 2486 4379 hoc
2525 4323 2651 4378 LF
2690 4323 2747 4379 in
2797 4326 2903 4380 hoc
2938 4327 3208 4395 permisso

598 4407 820 4478 poetico
864 4406 920 4460 P
1060 4414 1093 4462 6
1129 4408 1442 4476 reperiatur
1477 4406 1705 4477 quintus
1743 4408 1939 4462 modus
1976 4409 2065 4463 est
2099 4404 2153 4457 L
2297 4410 2330 4459 8
2368 4404 2587 4476 Musae]
2626 4405 2697 4472 cf.
2727 4404 2920 4475 [Max.
2954 4404 3116 4477 Vim]
3144 4407 3211 4461 de

549 4498 554 4502 ·
598 4488 768 4559 sinc*
785 4505 845 4557 p.
885 4492 1020 4554 230,
1058 4491 1133 4542 18
1276 4492 1309 4541 9
1346 4485 1585 4557 insulse]
1627 4486 1782 4556 Ver-9.
1812 4488 1951 4541 Aen.
1990 4488 2118 4540 III
2150 4491 2259 4544 211
2411 4492 2476 4539 10
2511 4484 2658 4539 unde
2696 4500 2798 4539 nec
2833 4484 2998 4539 huius
3026 4503 3208 4541 exem·

2584 4576 2679 4606 non

602 4622 757 4691 plum
794 4620 962 4675 facile
999 4619 1185 4689 (facile
1222 4636 1323 4675 om.
1364 4620 1429 4687 P,
1466 4619 1593 4674 add.
1624 4622 1689 4688 12)
1732 4619 1855 4673 FP
1894 4619 2040 4675 unde
2076 4618 2267 4673 ‘huius
2292 4619 2606 4688 exemplum
2642 4616 2809 4673 facile
2848 4618 2900 4671 L
3048 4625 3109 4672 11
3150 4623 3212 4675 at

601 4719 726 4755 cum
767 4700 829 4754 F
857 4702 923 4754 ut
951 4717 1076 4754 cum
1115 4700 1168 4752 L
1205 4702 1306 4756 aut
1334 4718 1460 4756 cum
1500 4701 1557 4755 P
1681 4705 1745 4754 16
1784 4698 2062 4770 Donatus]
2091 4716 2153 4767 p.
2183 4702 2312 4763 369,
2340 4703 2407 4752 11
2549 4703 2613 4753 18
2652 4714 2684 4752 o
2714 4695 2954 4768 utinam]
2994 4697 3213 4753 Lucan.

602 4779 857 4835 Pharsal.
909 4779 1086 4832 VIII
1119 4786 1225 4834 88.-
1262 4781 1332 4847 cf.
1371 4780 1521 4850 Sery.
1560 4782 1626 4834 de
1659 4780 1781 4849 syll.
1812 4795 1873 4847 p.
1912 4783 2041 4843 479,
2076 4784 2148 4833 19
2312 4783 2381 4832 20
2418 4780 2475 4832 te
2516 4777 2794 4849 Corydon]
2845 4778 3000 4847 Vero.
3037 4782 3209 4836 bucol.

601 4865 662 4927 2,
698 4864 768 4915 65
913 4864 983 4912 22
1023 4861 1110 4915 eoi
1148 4859 1269 4914 FL
1308 4877 1410 4915 eoo
1448 4860 1548 4918 51²
1685 4866 1752 4914 23
1789 4857 1963 4928 fulgit
1999 4857 2061 4912 1⁴¹
2192 4865 2258 4912 27
2298 4857 2551 4914 exultant
2587 4858 2640 4913 L
2767 4864 2835 4914 29
2874 4858 3122 4916 absumit
3159 4863 3212 4917 L
