3613 5528
422 777 561 827 mass

310 1109 323 1120 ·
419 1099 560 1148 wlf->4

446 1545 557 1595 11³2st

442 2187 556 2234 low

446 3072 559 3123 isio

604 429 735 494 324
1745 431 2059 487 AVDACIS

605 542 647 578 ι).
674 532 714 569 4.
744 532 768 571 5
800 532 856 570 H.

1538 613 1651 678 DE
1701 612 2280 680 DEFINITIONE

737 761 1011 822 Definitio
1061 760 1199 841 quid
1249 758 1382 822 est?
1456 759 1659 821 Oratio
1708 780 1857 840 quae
1906 745 2084 820 iit-de
2134 779 2251 839 quo
2301 761 2607 838 quaeritur
2662 767 2866 838 aperte
2929 757 3213 818 describit

604 877 664 927 et
708 866 1088 947 determinat,
1136 874 1202 928 ut
1249 876 1388 947 puta
1436 866 1616 927 veluti
1665 869 1716 928 si
1762 884 2014 946 quaeras
2051 884 2081 926 a
2124 884 2244 947 me,
2291 866 2435 944 quid
2473 867 2550 926 sit
2586 866 2791 944 homo,
2837 864 3211 946 respondebo

602 969 836 1035 ‘animal
885 974 1129 1034 mortale
1180 974 1461 1035 rationale
1510 978 1669 1035 risus
1716 969 1940 1055 capax'.

781 1080 1084 1141 Sententia
1134 1080 1275 1160 quid
1324 1076 1457 1142 est?
1531 1080 1721 1142 Dictio
1767 1080 2061 1161 generalis
2108 1079 2178 1141 ad
2228 1082 2378 1140 vitae
2428 1082 2718 1140 rationem
2778 1082 2835 1140 iu
2893 1098 3209 1140 commune
3238 1111 3266 1150 5

602 1190 934 1270 pertinenS,
981 1197 1048 1249 ut
1095 1196 1237 1268 puta
1284 1188 1465 1249 veluti
1511 1183 1610 1249 ‘ne
1659 1186 1796 1267 quid
1849 1182 2066 1251 nimis'.

1594 1379 1710 1444 DE
1759 1379 2150 1447 ORATION
2155 1380 2211 1445 E

784 1528 985 1589 Oratio
1035 1528 1175 1608 qnid
1226 1526 1360 1590 est?
1436 1529 1644 1588 Sermo
1693 1535 2006 1588 contextus
2065 1527 2134 1588 ad
2193 1526 2512 1587 clausulam
2574 1527 2823 1588 tendens
2877 1546 2985 1606 per
3039 1545 3210 1606 argu·

600 1642 797 1696 menta
864 1636 1220 1695 narrationis
1285 1681 1297 1693 .
1367 1632 1527 1693 Vnde
1594 1633 1749 1693 dicta
1814 1629 2048 1694 oratio?
2139 1632 2321 1704 Quasi
2394 1636 2515 1694 oris
2590 1636 2766 1714 ratio,
2839 1636 2934 1694 cui
2999 1633 3213 1694 accidit

600 1740 877 1802 clausula.
953 1739 1226 1801 Clausula
1276 1740 1415 1820 quid
1465 1736 1598 1800 est?
1672 1739 2034 1821 Compositio
2083 1739 2400 1802 verborum
2449 1739 2743 1821 plausibili
2791 1748 3092 1802 structura
3140 1742 3209 1802 ad
3245 1758 3296 1795 10

600 1849 822 1908 exitum
875 1849 1201 1909 terminata.

1514 2020 1626 2085 DE
1676 2019 2299 2087 DISTINCTIONE

779 2168 1090 2228 Distinctio
1139 2168 1279 2246 quid
1328 2164 1462 2227 est?
1535 2167 1817 2248 Adposito
1864 2177 2086 2248 puncto
2134 2177 2271 2230 nota
2320 2170 2469 2231 finiti
2509 2188 2720 2230 sensus
2760 2170 2850 2231 vel
2899 2169 3211 2250 pendentis

602 2293 781 2336 mora.
875 2274 1033 2345 Quot
1098 2274 1245 2336 locis
1307 2276 1551 2354 ponitur
1612 2272 1960 2337 distinctio?
2040 2275 2260 2338 Tribus
2316 2324 2328 2337 .
2387 2274 2663 2348 Quibus?
2738 2277 3008 2358 Summo,
3075 2295 3210 2337 cum

600 2401 841 2443 sensum
899 2385 1204 2463 terminat,
1268 2391 1330 2443 et
1386 2391 1629 2443 vocatur
1687 2382 1877 2442 finalis
1934 2391 2100 2464 nota,
2165 2403 2196 2443 a
2252 2382 2493 2444 Graecis
2559 2383 2721 2465 telia3
2789 2386 3009 2464 medio,
3074 2397 3294 2445 cum15

602 2489 933 2569 respirandi
980 2491 1235 2569 spatium
1283 2490 1502 2569 legenti
1550 2490 1675 2571 dat,
1723 2499 1782 2550 et
1830 2490 2050 2551 dicitur
2096 2508 2284 2571 mese3
2332 2493 2477 2571 imo,
2524 2510 2658 2552 cuni
2706 2491 2981 2552 lectionis
3025 2493 3211 2551 inter-

602 2605 843 2677 ruptum
911 2605 1177 2657 tenorem
1243 2595 1398 2657 aliud
1468 2596 1658 2658 adhuc
1724 2596 1978 2659 inlatura
2045 2596 2383 2680 suspendit,
2449 2606 2509 2659 et
2574 2607 2816 2659 vocatur
2882 2617 2914 2658 a
2971 2597 3212 2659 Graecis

606 2704 1000 2786 luypostigme,
1047 2723 1078 2762 a
1128 2707 1346 2764 nostris
1392 2702 1828 2767 subdistinctio.
1871 2701 1878 2784 Ι

1627 2898 1745 2963 DE
1794 2897 2190 2964 LITTERIS

781 3046 1003 3107 Littera
1051 3045 1189 3124 quid
1240 3043 1373 3106 est?
1448 3044 1764 3107 Vniformis
1814 3046 2026 3126 figura,
2082 3064 2197 3125 qua
2245 3064 2380 3108 cum
2428 3048 2557 3127 aliis
2615 3047 2940 3128 [partibus]
2991 3047 3210 3108 adnexa
3242 3060 3295 3099 20

744 3226 775 3272 2
814 3217 1077 3273 Definitio
1127 3248 1182 3257 -
1222 3225 1255 3273 4
1300 3217 1446 3272 risus
1491 3234 1670 3287 capax
1723 3218 1990 3272 Iulianus
2035 3219 2100 3272 de
2144 3219 2363 3273 nomine
2399 3236 2459 3289 p.
2509 3225 2586 3275 62
2634 3222 2713 3275 ed.
2753 3220 2940 3288 Rom„
2988 3236 3211 3292 yramm.

600 3300 697 3355 lat.
734 3315 781 3352 v.
835 3298 886 3350 V
914 3315 969 3367 p.
1009 3303 1136 3364 317,
1174 3304 1248 3353 21
1289 3298 1436 3353 unde
1474 3298 1670 3353 Audax
1709 3297 1961 3353 definitio
1999 3298 2133 3367 quid
2172 3301 2259 3354 est
2293 3315 2402 3369 sqq.

743 3466 774 3511 2
814 3475 957 3528 qnae
996 3459 1065 3512 de
1103 3458 1161 3512 id
1191 3459 1259 3513 de
1290 3476 1400 3527 quo
1432 3459 1506 3512 M
1624 3458 1881 3513 discribit
1913 3460 1983 3512 M
2010 3458 2332 3528 disscripbit
2357 3459 2412 3513 Β
2541 3468 2572 3515 4
2611 3461 2722 3515 risu
2759 3461 2815 3514 Β
2945 3468 2979 3515 5
3015 3459 3211 3530 dictio]

600 3538 887 3593 distinctio
923 3539 979 3592 Β
1091 3545 1122 3593 6
1160 3541 1225 3593 ut
1260 3543 1399 3609 puta
1433 3558 1532 3595 om.
1571 3540 1656 3607 B,
1692 3539 1820 3594 add.
1861 3540 1938 3593 M
2041 3546 2073 3594 8
2114 3538 2332 3611 Oratio]
2372 3540 2555 3596 Diom.
2591 3560 2647 3610 p.
2687 3547 2822 3609 300,
2860 3548 2933 3595 19
2977 3542 3214 3596 Scaurus

601 3619 706 3687 sie,
745 3619 926 3674 oratio
964 3622 1051 3674 est
1086 3636 1181 3674 ore
1219 3620 1392 3675 missa
1427 3624 1484 3677 et
1519 3638 1619 3691 per
1647 3620 1920 3674 dictiones
1949 3620 2209 3675 ordinata
2244 3622 2626 3691 pronuntiatio
2663 3640 2770 3693 sqq.
2918 3639 3022 3693 per
3048 3638 3214 3690 argu·

600 3701 790 3753 menta.
826 3699 1187 3769 narrationis,
1236 3719 1375 3770 quae
1411 3704 1605 3756 desunt
1642 3702 1796 3771 apud
1845 3701 2188 3756 Victorinum
2225 3708 2273 3755 et
2309 3703 2649 3769 Diomedem,
2695 3704 2885 3757 delevit
2930 3702 3140 3757 Thurot
3177 3702 3212 3755 1.

600 3796 644 3835 c.
675 3797 735 3847 p.
775 3786 886 3836 307
1031 3790 1061 3836 9
1102 3783 1205 3839 Int.
1245 3783 1393 3840 unde
1430 3783 1585 3839 dicta
1620 3781 1815 3838 oratio.
1857 3781 1918 3836 R.
1958 3782 2138 3836 oratio
2177 3781 2339 3850 quasi
2380 3784 2454 3836 M
2603 3791 2665 3838 10
2704 3782 3022 3853 plausibilis
3057 3781 3214 3835 stric-

599 3862 729 3914 tura
764 3861 1105 3930 (stricturam
1146 3862 1239 3929 M)
1277 3863 1347 3917 ad
1386 3863 1598 3918 exitum
1634 3863 1937 3919 terminata
1965 3863 2105 3916 ΒΜ
2135 3861 2448 3931 plausibilis
2484 3866 2794 3920 structurae
2831 3863 2992 3919 exitu
3025 3862 3215 3917 termi-

599 3944 733 3996 nata.
782 3942 832 3996 V
866 3947 915 3996 et
950 3943 1239 3998 Diomedes
1352 3950 1416 3997 12
1456 3944 1553 3999 DE
1592 3942 2114 3999 DISTINCTIONE
2155 3942 2258 3996 Int.
2297 3940 2490 3997 littera.
2525 3943 2659 4013 quid
2698 3947 2782 3999 est
2827 3943 2890 3996 R.
2921 3940 3216 3997 uniformis

601 4021 780 4089 figura,
821 4023 893 4075 M
926 4024 1137 4077 omissis
1171 4024 1270 4077 hoc
1306 4023 1419 4078 loco
1474 4024 1547 4077 iis
1600 4040 1738 4091 quae
1791 4039 1967 4091 supra
2004 4028 2235 4090 322‚19
2283 4025 2345 4076 in
2382 4025 2625 4079 alienum
2661 4026 2835 4079 locum
2871 4023 3217 4091 transposita

603 4108 763 4155 erant
877 4109 939 4157 13
979 4103 1239 4172 apposito
1276 4106 1486 4173 puncto
1522 4105 1660 4157 nota.
1697 4103 1842 4158 finiti
1880 4120 2072 4158 sensus
2110 4104 2200 4160 vel
2237 4104 2531 4172 pendentis
2567 4121 2726 4159 mora
2774 4103 2826 4157 V
2848 4108 2897 4158 et
2928 4102 3216 4157 Diomedes

599 4202 654 4252 p.
692 4188 819 4249 437,
858 4189 945 4250 14,
983 4184 1243 4253 adposita
1279 4186 1486 4254 puncto
1534 4186 1669 4238 nota.
1715 4182 1894 4237 finitio
1942 4200 2135 4238 sensus
2170 4183 2263 4237 uel
2310 4183 2607 4252 pendentis
2657 4200 2814 4239 mora
2847 4183 2903 4237 Β
2954 4184 3217 4252 adposita.

600 4269 808 4337 puncto
846 4267 980 4319 nota
1017 4263 1162 4319 finiti
1200 4282 1391 4319 seruus
1428 4264 1519 4319 uel
1557 4264 1863 4333 pendentes
1902 4279 2058 4318 mora
2088 4264 2162 4316 M
2270 4269 2337 4317 14
2376 4260 2523 4327 Quot
2551 4263 2715 4334 locis]
2754 4262 2934 4318 modis
2973 4261 3112 4319 locis
3143 4264 3218 4317 M

707 4345 934 4417 quibus]
985 4345 1245 4413 qualibus
1294 4346 1368 4399 M
1522 4351 1587 4397 15
1633 4347 1692 4397 et
1736 4345 1970 4397 uocatur
2016 4341 2200 4397 finalis
2253 4344 2388 4397 nota
2436 4343 2490 4396 B
2537 4345 2595 4397 et
2641 4343 2827 4399 uocati
2872 4345 3010 4398 nota
3048 4344 3122 4396 M
3157 4345 3216 4398 et

600 4429 833 4482 vocatur
868 4425 1051 4479 finalis
1090 4443 1125 4480 a
1162 4424 1319 4479 nobis
1370 4425 1419 4476 V
1451 4429 1500 4478 et
1537 4424 1825 4478 Diomedes
1854 4441 1914 4492 p.
1952 4428 2078 4491 437,
2115 4428 2189 4477 16
2298 4422 2459 4494 telia]
2502 4423 2647 4478 celia.
2687 4425 2761 4477 M
2868 4431 2934 4479 16
2972 4425 3212 4497 legenti]

599 4505 822 4577 legendi
866 4506 938 4559 M
1078 4505 1451 4574 interruptum
1499 4506 1753 4560 tenorem
1799 4504 2114 4570 Diomedes,
2159 4501 2475 4572 interrupto
2524 4506 2718 4561 tenore
2759 4506 2833 4559 M
2876 4505 3214 4575 interruptio

599 4590 791 4642 tenore
828 4584 883 4638 Β
1030 4592 1095 4640 17
1136 4585 1315 4656 aliud]
1355 4585 1529 4640 alium
1570 4584 1641 4639 M
1781 4587 1839 4639 et
1874 4588 2108 4639 uocatur
2144 4600 2180 4638 a
2227 4583 2444 4653 graecis
2495 4584 2843 4653 hyposticme
2889 4585 3038 4640 ansis
3085 4586 3212 4640 sub-

602 4663 889 4719 distinctio
918 4666 991 4729 Β,
1019 4682 1118 4719 om.
1149 4666 1223 4719 M
1317 4672 1378 4718 19
1418 4663 1515 4720 DE
1554 4662 1892 4719 LITTERIS
1930 4680 2029 4718 om.
2062 4664 2132 4717 M
2156 4686 2174 4717 .-
2202 4665 2271 4731 οἷ.
2299 4680 2476 4733 supra
2505 4669 2577 4720 12
2670 4672 2738 4719 20
2769 4664 3058 4720 uniformis
3095 4665 3214 4735 (qui

602 4742 792 4798 formis
829 4744 906 4813 B)
954 4745 1131 4815 figura.
1177 4761 1322 4813 quae
1369 4762 1494 4799 cum
1543 4744 1667 4799 aliis
1717 4744 1972 4814 partibus
2021 4743 2238 4798 adnexa.
2285 4760 2425 4800 uoce
2475 4762 2670 4801 mensa.
2720 4745 2911 4815 (mirra
2950 4747 3045 4815 M)
3081 4762 3212 4800 con-

602 4824 967 4959 prelfienffitur
1011 4825 1159 4958 ΙΒΜ
1204 4824 1465 4893 figuratio
1513 4824 1818 4895 quaedam,
1875 4840 1987 4893 qun
2033 4839 2159 4877 cum
2205 4824 2334 4879 aliis
2383 4825 2602 4881 adnexa
2649 4843 2754 4882 vox
2801 4824 3007 4881 emissa.
3061 4842 3212 4881 com-

604 4918 700 4973 pre
743 4920 811 4957 en
898 4921 964 4961 ur
