<?xml version="1.0" encoding="UTF-8"?>
<!DOCTYPE html PUBLIC "-//W3C//DTD XHTML 1.0 Transitional//EN"
    "http://www.w3.org/TR/xhtml1/DTD/xhtml1-transitional.dtd">
<html xmlns="http://www.w3.org/1999/xhtml" xml:lang="en" lang="en">
 <head>
  <title>
</title>
<meta http-equiv="Content-Type" content="text/html;charset=utf-8" />
  <meta name='ocr-system' content='tesseract 3.04.00' />
  <meta name='ocr-capabilities' content='ocr_page ocr_carea ocr_par ocr_line ocrx_word'/>
</head>
<body>
  <div class='ocr_page' id='page_1' title='image "./grammaticilatin09keilgoog_0197.png"; bbox 0 0 3613 5528; ppageno 0'>
   <div class='ocr_carea' id='block_1_1' title="bbox 407 416 3010 568">
    <p class='ocr_par' dir='ltr' id='par_1_1' title="bbox 407 416 3010 568">
     <span class='ocr_line' id='line_1_1' title="bbox 1348 416 3010 497; baseline 0.008 -27"><span class='ocrx_word' id='word_1_1' title='bbox 1348 416 1445 470; x_wconf 85' lang='lat' dir='ltr'><strong>DE</strong></span> <span class='ocrx_word' id='word_1_2' title='bbox 1484 416 2064 497; x_wconf 63' lang='lat' dir='ltr'><strong>onfrnoGssAPmA</strong></span> <span class='ocrx_word' id='word_1_3' title='bbox 2885 419 3010 485; x_wconf 77' lang='lat'><strong>187</strong></span> 
     </span>
     <span class='ocr_line' id='line_1_2' title="bbox 407 519 2472 568; baseline 0.006 -9"><span class='ocrx_word' id='word_1_4' title='bbox 407 531 449 568; x_wconf 79' lang='lat' dir='ltr'><strong>p.</strong></span> <span class='ocrx_word' id='word_1_5' title='bbox 477 520 588 560; x_wconf 73' lang='lat'><strong>2304</strong></span> <span class='ocrx_word' id='word_1_6' title='bbox 612 519 663 558; x_wconf 76' lang='lat' dir='ltr'><strong>P.</strong></span> <span class='ocrx_word' id='word_1_7' title='bbox 1396 522 1411 541; x_wconf 81' lang='lat'>⁸</span> <span class='ocrx_word' id='word_1_8' title='bbox 2459 528 2472 539; x_wconf 81' lang='lat'><em>⁰</em></span> 
     </span>
    </p>
   </div>
   <div class='ocr_carea' id='block_1_2' title="bbox 333 601 3022 1967">
    <p class='ocr_par' dir='ltr' id='par_1_2' title="bbox 333 601 3022 1967">
     <span class='ocr_line' id='line_1_3' title="bbox 583 601 3017 684; baseline 0.002 -23"><span class='ocrx_word' id='word_1_9' title='bbox 583 602 675 671; x_wconf 81' lang='lat' dir='ltr'><strong>Ve,</strong></span> <span class='ocrx_word' id='word_1_10' title='bbox 718 601 937 682; x_wconf 78' lang='lat' dir='ltr'>syllaba</span> <span class='ocrx_word' id='word_1_11' title='bbox 996 609 1271 681; x_wconf 88' lang='lat' dir='ltr'><strong>correpta</strong></span> <span class='ocrx_word' id='word_1_12' title='bbox 1325 620 1435 681; x_wconf 92' lang='lat' dir='ltr'><strong>per</strong></span> <span class='ocrx_word' id='word_1_13' title='bbox 1480 620 1515 661; x_wconf 88' lang='lat' dir='ltr'><strong>v</strong></span> <span class='ocrx_word' id='word_1_14' title='bbox 1570 603 1698 665; x_wconf 90' lang='lat' dir='ltr'><strong>sine</strong></span> <span class='ocrx_word' id='word_1_15' title='bbox 1755 601 1936 663; x_wconf 91' lang='lat' dir='ltr'><strong>dubio</strong></span> <span class='ocrx_word' id='word_1_16' title='bbox 1993 602 2320 684; x_wconf 75' lang='lat' dir='ltr'>scribetur,</span> <span class='ocrx_word' id='word_1_17' title='bbox 2377 606 2499 666; x_wconf 91' lang='lat' dir='ltr'><strong>sive</strong></span> <span class='ocrx_word' id='word_1_18' title='bbox 2557 623 2588 665; x_wconf 92' lang='lat' dir='ltr'><strong>a</strong></span> <span class='ocrx_word' id='word_1_19' title='bbox 2636 623 2700 665; x_wconf 88' lang='lat' dir='ltr'><strong>se</strong></span> <span class='ocrx_word' id='word_1_20' title='bbox 2743 607 3017 666; x_wconf 88' lang='lat' dir='ltr'><strong>oriantur</strong></span> 
     </span>
     <span class='ocr_line' id='line_1_4' title="bbox 409 708 3019 792; baseline 0.001 -21"><span class='ocrx_word' id='word_1_21' title='bbox 409 712 668 792; x_wconf 89' lang='lat' dir='ltr'><strong>nomina,</strong></span> <span class='ocrx_word' id='word_1_22' title='bbox 696 729 805 772; x_wconf 89' lang='lat' dir='ltr'><strong>seu</strong></span> <span class='ocrx_word' id='word_1_23' title='bbox 834 709 906 771; x_wconf 90' lang='lat' dir='ltr'><strong>ab</strong></span> <span class='ocrx_word' id='word_1_24' title='bbox 935 708 1063 770; x_wconf 88' lang='lat' dir='ltr'><strong>aliis</strong></span> <span class='ocrx_word' id='word_1_25' title='bbox 1092 709 1357 789; x_wconf 90' lang='lat' dir='ltr'><strong>veniant,</strong></span> <span class='ocrx_word' id='word_1_26' title='bbox 1396 715 1462 769; x_wconf 88' lang='lat' dir='ltr'><strong>ut</strong></span> <span class='ocrx_word' id='word_1_27' title='bbox 1498 709 1774 771; x_wconf 89' lang='lat' dir='ltr'><strong>conclave</strong></span> <span class='ocrx_word' id='word_1_28' title='bbox 1814 728 1992 771; x_wconf 88' lang='lat' dir='ltr'><strong>suave</strong></span> <span class='ocrx_word' id='word_1_29' title='bbox 2031 712 2154 772; x_wconf 90' lang='lat' dir='ltr'><strong>sive</strong></span> <span class='ocrx_word' id='word_1_30' title='bbox 2192 710 2407 790; x_wconf 90' lang='lat' dir='ltr'><strong>quidve</strong></span> <span class='ocrx_word' id='word_1_31' title='bbox 2446 721 2624 792; x_wconf 88' lang='lat' dir='ltr'><strong>atque</strong></span> <span class='ocrx_word' id='word_1_32' title='bbox 2661 712 2755 773; x_wconf 86' lang='lat' dir='ltr'><strong>his</strong></span> <span class='ocrx_word' id='word_1_33' title='bbox 2792 712 3019 773; x_wconf 79' lang='lat' dir='ltr'><strong>similia.</strong></span> 
     </span>
     <span class='ocr_line' id='line_1_5' title="bbox 584 817 3018 897; baseline 0 -19"><span class='ocrx_word' id='word_1_34' title='bbox 584 817 652 878; x_wconf 90' lang='lat' dir='ltr'><strong>Bi</strong></span> <span class='ocrx_word' id='word_1_35' title='bbox 704 835 825 878; x_wconf 92' lang='lat' dir='ltr'><strong>non</strong></span> <span class='ocrx_word' id='word_1_36' title='bbox 880 817 1080 877; x_wconf 91' lang='lat' dir='ltr'><strong>inveni</strong></span> <span class='ocrx_word' id='word_1_37' title='bbox 1139 817 1532 885; x_wconf 74' lang='lat' dir='ltr'><strong>terminatam,</strong></span> <span class='ocrx_word' id='word_1_38' title='bbox 1566 818 1681 877; x_wconf 91' lang='lat' dir='ltr'><strong>nisi</strong></span> <span class='ocrx_word' id='word_1_39' title='bbox 1735 819 1798 878; x_wconf 93' lang='lat' dir='ltr'><strong>in</strong></span> <span class='ocrx_word' id='word_1_40' title='bbox 1854 817 2306 897; x_wconf 81' lang='lat' dir='ltr'><strong>pronominibus</strong></span> <span class='ocrx_word' id='word_1_41' title='bbox 2362 818 2542 880; x_wconf 87' lang='lat' dir='ltr'><strong>dativi</strong></span> <span class='ocrx_word' id='word_1_42' title='bbox 2598 837 2773 880; x_wconf 89' lang='lat' dir='ltr'><strong>casus</strong></span> <span class='ocrx_word' id='word_1_43' title='bbox 2834 827 2895 880; x_wconf 94' lang='lat' dir='ltr'><strong>et</strong></span> <span class='ocrx_word' id='word_1_44' title='bbox 2957 821 3018 879; x_wconf 93' lang='lat' dir='ltr'><strong>in</strong></span> 
     </span>
     <span class='ocr_line' id='line_1_6' title="bbox 409 921 3021 1007; baseline 0.001 -23"><span class='ocrx_word' id='word_1_45' title='bbox 409 923 708 1006; x_wconf 87' lang='lat' dir='ltr'><strong>adverbio,</strong></span> <span class='ocrx_word' id='word_1_46' title='bbox 765 941 916 1003; x_wconf 89' lang='lat' dir='ltr'><strong>quae</strong></span> <span class='ocrx_word' id='word_1_47' title='bbox 972 940 1081 1003; x_wconf 92' lang='lat' dir='ltr'><strong>per</strong></span> <span class='ocrx_word' id='word_1_48' title='bbox 1126 921 1165 982; x_wconf 92' lang='lat' dir='ltr'><strong>b</strong></span> <span class='ocrx_word' id='word_1_49' title='bbox 1220 930 1445 984; x_wconf 86' lang='lat' dir='ltr'><strong>mutam</strong></span> <span class='ocrx_word' id='word_1_50' title='bbox 1491 923 1861 985; x_wconf 76' lang='lat' dir='ltr'><strong>omnifariam</strong></span> <span class='ocrx_word' id='word_1_51' title='bbox 1908 924 2275 1007; x_wconf 78' lang='lat' dir='ltr'><strong>scribentur,</strong></span> <span class='ocrx_word' id='word_1_52' title='bbox 2331 934 2399 987; x_wconf 90' lang='lat' dir='ltr'><strong>ut</strong></span> <span class='ocrx_word' id='word_1_53' title='bbox 2457 925 2566 986; x_wconf 90' lang='lat' dir='ltr'><strong>tibi</strong></span> <span class='ocrx_word' id='word_1_54' title='bbox 2612 925 2726 987; x_wconf 91' lang='lat' dir='ltr'><strong>sibi</strong></span> <span class='ocrx_word' id='word_1_55' title='bbox 2771 925 2872 986; x_wconf 90' lang='lat' dir='ltr'><strong>ubi</strong></span> <span class='ocrx_word' id='word_1_56' title='bbox 2919 926 3021 1007; x_wconf 90' lang='lat' dir='ltr'><strong>ibi,</strong></span> 
     </span>
     <span class='ocr_line' id='line_1_7' title="bbox 355 1028 3020 1112; baseline 0.002 -25"><span class='ocrx_word' id='word_1_57' title='bbox 355 1047 381 1087; x_wconf 79' lang='lat'><strong>5</strong></span> <span class='ocrx_word' id='word_1_58' title='bbox 409 1040 469 1093; x_wconf 92' lang='lat' dir='ltr'><strong>et</strong></span> <span class='ocrx_word' id='word_1_59' title='bbox 511 1034 571 1092; x_wconf 92' lang='lat' dir='ltr'><strong>in</strong></span> <span class='ocrx_word' id='word_1_60' title='bbox 617 1030 948 1111; x_wconf 86' lang='lat' dir='ltr'><strong>pluralibus</strong></span> <span class='ocrx_word' id='word_1_61' title='bbox 985 1029 1157 1091; x_wconf 90' lang='lat' dir='ltr'><strong>nobis</strong></span> <span class='ocrx_word' id='word_1_62' title='bbox 1196 1028 1382 1091; x_wconf 89' lang='lat' dir='ltr'><strong>vobis.</strong></span> <span class='ocrx_word' id='word_1_63' title='bbox 1448 1039 1509 1092; x_wconf 92' lang='lat' dir='ltr'><strong>et</strong></span> <span class='ocrx_word' id='word_1_64' title='bbox 1552 1030 1737 1091; x_wconf 87' lang='lat' dir='ltr'><strong>semel</strong></span> <span class='ocrx_word' id='word_1_65' title='bbox 1780 1030 2088 1093; x_wconf 89' lang='lat' dir='ltr'><strong>sciendum</strong></span> <span class='ocrx_word' id='word_1_66' title='bbox 2128 1031 2284 1112; x_wconf 87' lang='lat' dir='ltr'><strong>quod</strong></span> <span class='ocrx_word' id='word_1_67' title='bbox 2334 1050 2743 1112; x_wconf 88' lang='lat' dir='ltr'><strong>quaecumque</strong></span> <span class='ocrx_word' id='word_1_68' title='bbox 2785 1034 3020 1094; x_wconf 89' lang='lat' dir='ltr'><strong>nomina</strong></span> 
     </span>
     <span class='ocr_line' id='line_1_8' title="bbox 410 1136 3021 1218; baseline 0.001 -19"><span class='ocrx_word' id='word_1_69' title='bbox 410 1140 527 1199; x_wconf 85' lang='lat' dir='ltr'><strong>sive</strong></span> <span class='ocrx_word' id='word_1_70' title='bbox 573 1139 924 1218; x_wconf 83' lang='lat' dir='ltr'><strong>pronomina</strong></span> <span class='ocrx_word' id='word_1_71' title='bbox 970 1139 1030 1199; x_wconf 93' lang='lat' dir='ltr'><strong>in</strong></span> <span class='ocrx_word' id='word_1_72' title='bbox 1077 1136 1273 1199; x_wconf 88' lang='lat' dir='ltr'><strong>dativo</strong></span> <span class='ocrx_word' id='word_1_73' title='bbox 1319 1156 1462 1199; x_wconf 89' lang='lat' dir='ltr'><strong>casu</strong></span> <span class='ocrx_word' id='word_1_74' title='bbox 1511 1136 1797 1217; x_wconf 84' lang='lat' dir='ltr'><strong>singulari</strong></span> <span class='ocrx_word' id='word_1_75' title='bbox 1843 1137 1936 1198; x_wconf 84' lang='lat' dir='ltr'><strong>vel</strong></span> <span class='ocrx_word' id='word_1_76' title='bbox 1989 1138 2203 1218; x_wconf 87' lang='lat' dir='ltr'><strong>plurali</strong></span> <span class='ocrx_word' id='word_1_77' title='bbox 2250 1138 2288 1199; x_wconf 92' lang='lat' dir='ltr'><strong>b</strong></span> <span class='ocrx_word' id='word_1_78' title='bbox 2346 1139 2602 1201; x_wconf 77' lang='lat' dir='ltr'><strong>litteram</strong></span> <span class='ocrx_word' id='word_1_79' title='bbox 2660 1138 2914 1201; x_wconf 89' lang='lat' dir='ltr'><strong>babeant</strong></span> <span class='ocrx_word' id='word_1_80' title='bbox 2958 1142 3021 1201; x_wconf 92' lang='lat' dir='ltr'><strong>in</strong></span> 
     </span>
     <span class='ocr_line' id='line_1_9' title="bbox 410 1243 3022 1328; baseline 0.001 -23"><span class='ocrx_word' id='word_1_81' title='bbox 410 1244 521 1306; x_wconf 90' lang='lat' dir='ltr'><strong>alio</strong></span> <span class='ocrx_word' id='word_1_82' title='bbox 567 1263 707 1306; x_wconf 86' lang='lat' dir='ltr'><strong>casu</strong></span> <span class='ocrx_word' id='word_1_83' title='bbox 756 1246 996 1325; x_wconf 89' lang='lat' dir='ltr'><strong>penitus</strong></span> <span class='ocrx_word' id='word_1_84' title='bbox 1043 1243 1249 1306; x_wconf 90' lang='lat' dir='ltr'><strong>eadem</strong></span> <span class='ocrx_word' id='word_1_85' title='bbox 1294 1262 1413 1305; x_wconf 91' lang='lat' dir='ltr'><strong>non</strong></span> <span class='ocrx_word' id='word_1_86' title='bbox 1461 1243 1724 1323; x_wconf 78' lang='lat' dir='ltr'><strong>fulgente</strong></span> <span class='ocrx_word' id='word_1_87' title='bbox 1771 1243 1998 1325; x_wconf 88' lang='lat' dir='ltr'><strong>littera,</strong></span> <span class='ocrx_word' id='word_1_88' title='bbox 2042 1263 2152 1326; x_wconf 90' lang='lat' dir='ltr'><strong>per</strong></span> <span class='ocrx_word' id='word_1_89' title='bbox 2194 1245 2232 1306; x_wconf 92' lang='lat' dir='ltr'><strong>b</strong></span> <span class='ocrx_word' id='word_1_90' title='bbox 2279 1254 2503 1308; x_wconf 89' lang='lat' dir='ltr'><strong>mutam</strong></span> <span class='ocrx_word' id='word_1_91' title='bbox 2551 1245 2908 1328; x_wconf 81' lang='lat' dir='ltr'><strong>scribentur,</strong></span> <span class='ocrx_word' id='word_1_92' title='bbox 2955 1255 3022 1308; x_wconf 96' lang='lat' dir='ltr'><strong>ut</strong></span> 
     </span>
     <span class='ocr_line' id='line_1_10' title="bbox 408 1350 1651 1431; baseline -0.001 -19"><span class='ocrx_word' id='word_1_93' title='bbox 408 1352 681 1414; x_wconf 89' lang='lat' dir='ltr'><strong>omnibus</strong></span> <span class='ocrx_word' id='word_1_94' title='bbox 727 1351 1019 1413; x_wconf 85' lang='lat' dir='ltr'><strong>similibus</strong></span> <span class='ocrx_word' id='word_1_95' title='bbox 1065 1350 1338 1431; x_wconf 92' lang='lat' dir='ltr'><strong>pluribus</strong></span> <span class='ocrx_word' id='word_1_96' title='bbox 1385 1370 1452 1412; x_wconf 89' lang='lat' dir='ltr'><strong>ac</strong></span> <span class='ocrx_word' id='word_1_97' title='bbox 1500 1351 1651 1413; x_wconf 89' lang='lat' dir='ltr'><strong>talia.</strong></span> 
     </span>
     <span class='ocr_line' id='line_1_11' title="bbox 582 1457 3021 1542; baseline 0 -24"><span class='ocrx_word' id='word_1_98' title='bbox 582 1458 665 1518; x_wconf 93' lang='lat' dir='ltr'><strong>Bo</strong></span> <span class='ocrx_word' id='word_1_99' title='bbox 723 1457 941 1539; x_wconf 78' lang='lat' dir='ltr'><strong>syllaba</strong></span> <span class='ocrx_word' id='word_1_100' title='bbox 996 1458 1236 1520; x_wconf 84' lang='lat' dir='ltr'><strong>definita</strong></span> <span class='ocrx_word' id='word_1_101' title='bbox 1290 1476 1400 1538; x_wconf 88' lang='lat' dir='ltr'><strong>per</strong></span> <span class='ocrx_word' id='word_1_102' title='bbox 1445 1457 1484 1518; x_wconf 92' lang='lat' dir='ltr'><strong>b</strong></span> <span class='ocrx_word' id='word_1_103' title='bbox 1539 1466 1763 1519; x_wconf 88' lang='lat' dir='ltr'><strong>mutam</strong></span> <span class='ocrx_word' id='word_1_104' title='bbox 1820 1459 2145 1541; x_wconf 82' lang='lat' dir='ltr'><strong>scribetur,</strong></span> <span class='ocrx_word' id='word_1_105' title='bbox 2202 1468 2268 1521; x_wconf 93' lang='lat' dir='ltr'><strong>ut</strong></span> <span class='ocrx_word' id='word_1_106' title='bbox 2332 1460 2507 1522; x_wconf 90' lang='lat' dir='ltr'><strong>turbo</strong></span> <span class='ocrx_word' id='word_1_107' title='bbox 2555 1460 2714 1521; x_wconf 90' lang='lat' dir='ltr'><strong>bubo</strong></span> <span class='ocrx_word' id='word_1_108' title='bbox 2762 1468 2823 1521; x_wconf 93' lang='lat' dir='ltr'><strong>et</strong></span> <span class='ocrx_word' id='word_1_109' title='bbox 2868 1460 3021 1542; x_wconf 88' lang='lat' dir='ltr'><strong>tabo,</strong></span> 
     </span>
     <span class='ocr_line' id='line_1_12' title="bbox 333 1564 2725 1647; baseline 0.003 -27"><span class='ocrx_word' id='word_1_110' title='bbox 333 1582 382 1622; x_wconf 80' lang='grc' dir='ltr'><strong>ιο</strong></span> <span class='ocrx_word' id='word_1_111' title='bbox 410 1564 545 1627; x_wconf 93' lang='lat' dir='ltr'><strong>licet</strong></span> <span class='ocrx_word' id='word_1_112' title='bbox 589 1584 699 1646; x_wconf 91' lang='lat' dir='ltr'><strong>per</strong></span> <span class='ocrx_word' id='word_1_113' title='bbox 743 1564 1059 1628; x_wconf 85' lang='lat' dir='ltr'><strong>ablativum</strong></span> <span class='ocrx_word' id='word_1_114' title='bbox 1107 1584 1309 1627; x_wconf 89' lang='lat' dir='ltr'><strong>casum</strong></span> <span class='ocrx_word' id='word_1_115' title='bbox 1357 1567 1721 1647; x_wconf 87' lang='lat' dir='ltr'><strong>enuntietur,</strong></span> <span class='ocrx_word' id='word_1_116' title='bbox 1768 1574 2017 1646; x_wconf 85' lang='lat' dir='ltr'><strong>excepto</strong></span> <span class='ocrx_word' id='word_1_117' title='bbox 2063 1584 2289 1646; x_wconf 87' lang='lat' dir='ltr'><strong>pavone</strong></span> <span class='ocrx_word' id='word_1_118' title='bbox 2338 1567 2725 1629; x_wconf 86' lang='lat' dir='ltr'><strong>solummodo.</strong></span> 
     </span>
     <span class='ocr_line' id='line_1_13' title="bbox 585 1671 3020 1754; baseline 0.001 -21"><span class='ocrx_word' id='word_1_119' title='bbox 585 1672 686 1734; x_wconf 92' lang='lat' dir='ltr'><strong>Bal</strong></span> <span class='ocrx_word' id='word_1_120' title='bbox 722 1673 942 1754; x_wconf 78' lang='lat' dir='ltr'><strong>syllaba</strong></span> <span class='ocrx_word' id='word_1_121' title='bbox 978 1675 1292 1735; x_wconf 87' lang='lat' dir='ltr'><strong>terminata</strong></span> <span class='ocrx_word' id='word_1_122' title='bbox 1329 1691 1438 1752; x_wconf 90' lang='lat' dir='ltr'><strong>per</strong></span> <span class='ocrx_word' id='word_1_123' title='bbox 1465 1671 1503 1732; x_wconf 92' lang='lat' dir='ltr'><strong>b</strong></span> <span class='ocrx_word' id='word_1_124' title='bbox 1542 1680 1763 1734; x_wconf 90' lang='lat' dir='ltr'><strong>mutam</strong></span> <span class='ocrx_word' id='word_1_125' title='bbox 1802 1671 2161 1754; x_wconf 88' lang='lat' dir='ltr'><strong>scribentur,</strong></span> <span class='ocrx_word' id='word_1_126' title='bbox 2190 1692 2339 1753; x_wconf 90' lang='lat' dir='ltr'><strong>quae</strong></span> <span class='ocrx_word' id='word_1_127' title='bbox 2371 1677 2430 1734; x_wconf 93' lang='lat' dir='ltr'><strong>in</strong></span> <span class='ocrx_word' id='word_1_128' title='bbox 2471 1674 2738 1735; x_wconf 85' lang='lat' dir='ltr'><strong>barbaris</strong></span> <span class='ocrx_word' id='word_1_129' title='bbox 2770 1676 3020 1736; x_wconf 88' lang='lat' dir='ltr'><strong>nomini-</strong></span> 
     </span>
     <span class='ocr_line' id='line_1_14' title="bbox 411 1778 3020 1861; baseline 0 -21"><span class='ocrx_word' id='word_1_130' title='bbox 411 1778 512 1840; x_wconf 89' lang='lat' dir='ltr'><strong>bas</strong></span> <span class='ocrx_word' id='word_1_131' title='bbox 559 1788 661 1841; x_wconf 88' lang='lat' dir='ltr'><strong>aut</strong></span> <span class='ocrx_word' id='word_1_132' title='bbox 706 1780 902 1843; x_wconf 90' lang='lat' dir='ltr'><strong>latinis</strong></span> <span class='ocrx_word' id='word_1_133' title='bbox 948 1792 1058 1842; x_wconf 86' lang='lat' dir='ltr'><strong>nos</strong></span> <span class='ocrx_word' id='word_1_134' title='bbox 1103 1782 1377 1841; x_wconf 91' lang='lat' dir='ltr'><strong>novimus</strong></span> <span class='ocrx_word' id='word_1_135' title='bbox 1422 1781 1750 1861; x_wconf 90' lang='lat' dir='ltr'><strong>invenisse,</strong></span> <span class='ocrx_word' id='word_1_136' title='bbox 1797 1788 1865 1841; x_wconf 91' lang='lat' dir='ltr'><strong>ut</strong></span> <span class='ocrx_word' id='word_1_137' title='bbox 1900 1778 2190 1841; x_wconf 87' lang='lat' dir='ltr'><strong>Hannibal</strong></span> <span class='ocrx_word' id='word_1_138' title='bbox 2229 1780 2578 1843; x_wconf 85' lang='lat' dir='ltr'><strong>Hasdrubal.</strong></span> <span class='ocrx_word' id='word_1_139' title='bbox 2620 1781 2631 1858; x_wconf 89' lang='grc' dir='ltr'>Ι</span> <span class='ocrx_word' id='word_1_140' title='bbox 2671 1781 2814 1843; x_wconf 88' lang='lat' dir='ltr'><strong>alias</strong></span> <span class='ocrx_word' id='word_1_141' title='bbox 2847 1799 3020 1842; x_wconf 84' lang='lat' dir='ltr'><strong>voca·</strong></span> 
     </span>
     <span class='ocr_line' id='line_1_15' title="bbox 409 1885 2048 1967; baseline 0.001 -21"><span class='ocrx_word' id='word_1_142' title='bbox 409 1886 497 1947; x_wconf 88' lang='lat' dir='ltr'><strong>les</strong></span> <span class='ocrx_word' id='word_1_143' title='bbox 542 1888 699 1948; x_wconf 89' lang='lat' dir='ltr'><strong>inter</strong></span> <span class='ocrx_word' id='word_1_144' title='bbox 744 1885 783 1946; x_wconf 91' lang='lat' dir='ltr'><strong>b</strong></span> <span class='ocrx_word' id='word_1_145' title='bbox 830 1895 892 1948; x_wconf 88' lang='lat' dir='ltr'><strong>et</strong></span> <span class='ocrx_word' id='word_1_146' title='bbox 936 1886 957 1946; x_wconf 95' lang='lat' dir='ltr'><strong>l</strong></span> <span class='ocrx_word' id='word_1_147' title='bbox 1002 1885 1336 1949; x_wconf 81' lang='lat' dir='ltr'><strong>conlocatas</strong></span> <span class='ocrx_word' id='word_1_148' title='bbox 1384 1889 1651 1966; x_wconf 87' lang='lat' dir='ltr'><strong>reperire</strong></span> <span class='ocrx_word' id='word_1_149' title='bbox 1698 1905 1817 1961; x_wconf 85' lang='lat' dir='ltr'><strong>non</strong></span> <span class='ocrx_word' id='word_1_150' title='bbox 1864 1888 2048 1967; x_wconf 89' lang='lat' dir='ltr'><strong>potui.</strong></span> 
     </span>
    </p>
   </div>
   <div class='ocr_carea' id='block_1_3' title="bbox 422 2001 823 2008">
    <p class='ocr_par' dir='ltr' id='par_1_3' title="bbox 422 2001 823 2008">
     <span class='ocr_line' id='line_1_16' title="bbox 422 2001 823 2008; baseline 0 0"><span class='ocrx_word' id='word_1_151' title='bbox 422 2001 823 2008; x_wconf 95' lang='lat' dir='ltr'><strong> </strong></span> 
     </span>
    </p>
   </div>
   <div class='ocr_carea' id='block_1_4' title="bbox 360 2046 3028 2359">
    <p class='ocr_par' dir='ltr' id='par_1_4' title="bbox 360 2046 3028 2359">
     <span class='ocr_line' id='line_1_17' title="bbox 360 2046 3023 2118; baseline 0 -14"><span class='ocrx_word' id='word_1_152' title='bbox 360 2108 369 2117; x_wconf 63' lang='grc'>,</span> <span class='ocrx_word' id='word_1_153' title='bbox 588 2058 614 2104; x_wconf 99' lang='grc'>1</span> <span class='ocrx_word' id='word_1_154' title='bbox 667 2049 940 2104; x_wconf 81' lang='lat' dir='ltr'><strong>scribetur</strong></span> <span class='ocrx_word' id='word_1_155' title='bbox 984 2049 1101 2104; x_wconf 77' lang='lat' dir='ltr'><strong>AG</strong></span> <span class='ocrx_word' id='word_1_156' title='bbox 1143 2048 1453 2104; x_wconf 77' lang='lat' dir='ltr'><strong>scribentur</strong></span> <span class='ocrx_word' id='word_1_157' title='bbox 1486 2049 1542 2102; x_wconf 89' lang='lat' dir='ltr'><em>B</em></span> <span class='ocrx_word' id='word_1_158' title='bbox 1704 2048 1822 2104; x_wconf 85' lang='lat' dir='ltr'><strong>sive</strong></span> <span class='ocrx_word' id='word_1_159' title='bbox 1863 2051 2161 2118; x_wconf 73' lang='lat' dir='ltr'><strong>posteriore</strong></span> <span class='ocrx_word' id='word_1_160' title='bbox 2197 2050 2311 2103; x_wconf 82' lang='lat' dir='ltr'><strong>loco</strong></span> <span class='ocrx_word' id='word_1_161' title='bbox 2347 2065 2446 2104; x_wconf 83' lang='lat' dir='ltr'><strong>om.</strong></span> <span class='ocrx_word' id='word_1_162' title='bbox 2488 2048 2537 2103; x_wconf 81' lang='lat'><em>0</em></span> <span class='ocrx_word' id='word_1_163' title='bbox 2617 2046 2622 2049; x_wconf 71' lang='grc'><strong>’</strong></span> <span class='ocrx_word' id='word_1_164' title='bbox 2691 2056 2723 2104; x_wconf 85' lang='grc'><strong>3</strong></span> <span class='ocrx_word' id='word_1_165' title='bbox 2763 2048 3023 2105; x_wconf 77' lang='lat' dir='ltr'><strong>termina-</strong></span> 
     </span>
     <span class='ocr_line' id='line_1_18' title="bbox 411 2127 3028 2200; baseline -0 -16"><span class='ocrx_word' id='word_1_166' title='bbox 411 2131 527 2184; x_wconf 74' lang='lat' dir='ltr'><strong>tam</strong></span> <span class='ocrx_word' id='word_1_167' title='bbox 565 2143 598 2185; x_wconf 85' lang='grc' dir='ltr'><strong><em>ς</em></strong></span> <span class='ocrx_word' id='word_1_168' title='bbox 632 2128 994 2184; x_wconf 75' lang='lat' dir='ltr'><strong>terminatum</strong></span> <span class='ocrx_word' id='word_1_169' title='bbox 1030 2127 1211 2183; x_wconf 78' lang='lat' dir='ltr'><strong>ABG</strong></span> <span class='ocrx_word' id='word_1_170' title='bbox 1346 2127 1406 2183; x_wconf 89' lang='lat' dir='ltr'><strong>in</strong></span> <span class='ocrx_word' id='word_1_171' title='bbox 1443 2128 1722 2184; x_wconf 77' lang='lat' dir='ltr'><strong>adverbiis</strong></span> <span class='ocrx_word' id='word_1_172' title='bbox 1758 2144 1793 2187; x_wconf 82' lang='grc' dir='ltr'><strong><em>ς</em></strong></span> <span class='ocrx_word' id='word_1_173' title='bbox 1935 2134 1968 2182; x_wconf 79' lang='lat'><strong>5</strong></span> <span class='ocrx_word' id='word_1_174' title='bbox 2019 2129 2076 2182; x_wconf 92' lang='lat' dir='ltr'><strong>in</strong></span> <span class='ocrx_word' id='word_1_175' title='bbox 2112 2129 2534 2198; x_wconf 81' lang='lat' dir='ltr'><strong>pronominibus</strong></span> <span class='ocrx_word' id='word_1_176' title='bbox 2568 2129 2876 2200; x_wconf 74' lang='lat' dir='ltr'><strong>pluralibus</strong></span> <span class='ocrx_word' id='word_1_177' title='bbox 2912 2129 3028 2184; x_wconf 76' lang='lat' dir='ltr'><strong>AO</strong></span> 
     </span>
     <span class='ocr_line' id='line_1_19' title="bbox 481 2206 3021 2279; baseline 0.001 -18"><span class='ocrx_word' id='word_1_178' title='bbox 481 2207 764 2263; x_wconf 83' lang='lat' dir='ltr'><strong>sciendum</strong></span> <span class='ocrx_word' id='word_1_179' title='bbox 802 2227 839 2279; x_wconf 77' lang='lat' dir='ltr'>q</span> <span class='ocrx_word' id='word_1_180' title='bbox 877 2207 1030 2277; x_wconf 87' lang='lat' dir='ltr'><strong>(quia</strong></span> <span class='ocrx_word' id='word_1_181' title='bbox 1060 2208 1133 2278; x_wconf 81' lang='lat'><strong>0)</strong></span> <span class='ocrx_word' id='word_1_182' title='bbox 1169 2207 1560 2277; x_wconf 87' lang='lat' dir='ltr'><strong>quodcumque</strong></span> <span class='ocrx_word' id='word_1_183' title='bbox 1595 2206 1714 2262; x_wconf 75' lang='lat' dir='ltr'><strong>AG</strong></span> <span class='ocrx_word' id='word_1_184' title='bbox 1744 2208 2029 2263; x_wconf 88' lang='lat' dir='ltr'><strong>sciendum</strong></span> <span class='ocrx_word' id='word_1_185' title='bbox 2058 2211 2146 2263; x_wconf 78' lang='lat' dir='ltr'><strong>est</strong></span> <span class='ocrx_word' id='word_1_186' title='bbox 2183 2208 2579 2278; x_wconf 85' lang='lat' dir='ltr'><strong>Quodcumque</strong></span> <span class='ocrx_word' id='word_1_187' title='bbox 2615 2209 2670 2262; x_wconf 87' lang='grc' dir='ltr'><strong><em>Β</em></strong></span> <span class='ocrx_word' id='word_1_188' title='bbox 2779 2215 2813 2265; x_wconf 90' lang='grc'>8</span> <span class='ocrx_word' id='word_1_189' title='bbox 2851 2210 3021 2279; x_wconf 90' lang='lat' dir='ltr'><strong>pluri-</strong></span> 
     </span>
     <span class='ocr_line' id='line_1_20' title="bbox 412 2286 3024 2359; baseline 0.001 -17"><span class='ocrx_word' id='word_1_190' title='bbox 412 2286 512 2342; x_wconf 89' lang='lat' dir='ltr'><strong>bus</strong></span> <span class='ocrx_word' id='word_1_191' title='bbox 546 2287 601 2340; x_wconf 90' lang='lat' dir='ltr'><em>B</em></span> <span class='ocrx_word' id='word_1_192' title='bbox 636 2286 948 2357; x_wconf 75' lang='lat' dir='ltr'><strong>pluralibus</strong></span> <span class='ocrx_word' id='word_1_193' title='bbox 983 2290 1036 2343; x_wconf 78' lang='lat' dir='ltr'><strong><em>A</em></strong></span> <span class='ocrx_word' id='word_1_194' title='bbox 1057 2288 1104 2342; x_wconf 82' lang='lat'><em>0</em></span> <span class='ocrx_word' id='word_1_195' title='bbox 1245 2295 1276 2343; x_wconf 84' lang='grc'><strong>9</strong></span> <span class='ocrx_word' id='word_1_196' title='bbox 1314 2291 1381 2342; x_wconf 77' lang='lat' dir='ltr'><strong>ul:</strong></span> <span class='ocrx_word' id='word_1_197' title='bbox 1414 2287 1583 2342; x_wconf 76' lang='lat' dir='ltr'><strong>turbo</strong></span> <span class='ocrx_word' id='word_1_198' title='bbox 1620 2290 1679 2343; x_wconf 72' lang='lat' dir='ltr'><strong>et</strong></span> <span class='ocrx_word' id='word_1_199' title='bbox 1715 2289 1851 2343; x_wconf 89' lang='lat' dir='ltr'><strong>orbo</strong></span> <span class='ocrx_word' id='word_1_200' title='bbox 1889 2289 2038 2345; x_wconf 92' lang='lat' dir='ltr'><strong>bubo</strong></span> <span class='ocrx_word' id='word_1_201' title='bbox 2076 2290 2135 2344; x_wconf 75' lang='lat' dir='ltr'><strong>et</strong></span> <span class='ocrx_word' id='word_1_202' title='bbox 2170 2290 2278 2344; x_wconf 70' lang='lat' dir='ltr'><strong>abo</strong></span> <span class='ocrx_word' id='word_1_203' title='bbox 2314 2288 2371 2342; x_wconf 79' lang='lat' dir='ltr'><strong><em>A</em></strong></span> <span class='ocrx_word' id='word_1_204' title='bbox 2407 2290 2473 2343; x_wconf 65' lang='lat' dir='ltr'><strong>ula</strong></span> <span class='ocrx_word' id='word_1_205' title='bbox 2506 2290 2674 2344; x_wconf 75' lang='lat' dir='ltr'><strong>turba</strong></span> <span class='ocrx_word' id='word_1_206' title='bbox 2711 2292 2868 2358; x_wconf 82' lang='lat' dir='ltr'><strong>(corr.</strong></span> <span class='ocrx_word' id='word_1_207' title='bbox 2905 2291 3024 2359; x_wconf 89' lang='lat' dir='ltr'><strong>-bo)</strong></span> 
     </span>
    </p>
   </div>
   <div class='ocr_carea' id='block_1_5' title="bbox 414 2366 3130 2429">
    <p class='ocr_par' dir='ltr' id='par_1_5' title="bbox 414 2366 3130 2429">
     <span class='ocr_line' id='line_1_21' title="bbox 414 2366 3130 2429; baseline 0.003 -7"><span class='ocrx_word' id='word_1_208' title='bbox 414 2370 470 2422; x_wconf 80' lang='lat' dir='ltr'><strong>et</strong></span> <span class='ocrx_word' id='word_1_209' title='bbox 505 2368 667 2423; x_wconf 79' lang='lat' dir='ltr'><strong>turbo</strong></span> <span class='ocrx_word' id='word_1_210' title='bbox 704 2367 854 2423; x_wconf 88' lang='lat' dir='ltr'><strong>bubo</strong></span> <span class='ocrx_word' id='word_1_211' title='bbox 893 2370 952 2423; x_wconf 75' lang='lat' dir='ltr'><strong>et</strong></span> <span class='ocrx_word' id='word_1_212' title='bbox 987 2368 1122 2423; x_wconf 76' lang='lat' dir='ltr'><strong>tabo</strong></span> <span class='ocrx_word' id='word_1_213' title='bbox 1159 2366 1214 2422; x_wconf 88' lang='lat' dir='ltr'><em>B</em></span> <span class='ocrx_word' id='word_1_214' title='bbox 1252 2369 1416 2425; x_wconf 78' lang='lat' dir='ltr'><strong>turbo</strong></span> <span class='ocrx_word' id='word_1_215' title='bbox 1445 2368 1552 2424; x_wconf 88' lang='lat' dir='ltr'><strong>abo</strong></span> <span class='ocrx_word' id='word_1_216' title='bbox 1590 2368 1739 2423; x_wconf 87' lang='lat' dir='ltr'><strong>bubo</strong></span> <span class='ocrx_word' id='word_1_217' title='bbox 1767 2368 1877 2423; x_wconf 86' lang='lat' dir='ltr'><strong>abo</strong></span> <span class='ocrx_word' id='word_1_218' title='bbox 1908 2367 1955 2422; x_wconf 80' lang='lat'><em>0</em></span> <span class='ocrx_word' id='word_1_219' title='bbox 1988 2372 2052 2425; x_wconf 78' lang='lat' dir='ltr'><strong>nt</strong></span> <span class='ocrx_word' id='word_1_220' title='bbox 2086 2368 2252 2424; x_wconf 78' lang='lat' dir='ltr'><strong>turbo</strong></span> <span class='ocrx_word' id='word_1_221' title='bbox 2282 2370 2341 2424; x_wconf 74' lang='lat' dir='ltr'><strong>elz</strong></span> <span class='ocrx_word' id='word_1_222' title='bbox 2372 2368 2507 2424; x_wconf 86' lang='lat' dir='ltr'><strong>orbo</strong></span> <span class='ocrx_word' id='word_1_223' title='bbox 2544 2368 2694 2424; x_wconf 89' lang='lat' dir='ltr'><strong>bubo</strong></span> <span class='ocrx_word' id='word_1_224' title='bbox 2732 2370 2789 2424; x_wconf 78' lang='lat' dir='ltr'><strong>et</strong></span> <span class='ocrx_word' id='word_1_225' title='bbox 2826 2370 2960 2426; x_wconf 80' lang='lat' dir='ltr'><strong>tabo</strong></span> <span class='ocrx_word' id='word_1_226' title='bbox 2990 2386 3024 2429; x_wconf 82' lang='grc' dir='ltr'><strong><em>ς</em></strong></span> <span class='ocrx_word' id='word_1_227' title='bbox 3123 2366 3130 2373; x_wconf 68' lang='grc'>’</span> 
     </span>
    </p>
   </div>
   <div class='ocr_carea' id='block_1_6' title="bbox 518 2446 2536 2505">
    <p class='ocr_par' dir='ltr' id='par_1_6' title="bbox 518 2446 2536 2505">
     <span class='ocr_line' id='line_1_22' title="bbox 518 2446 2536 2505; baseline -0 -1"><span class='ocrx_word' id='word_1_228' title='bbox 518 2456 582 2504; x_wconf 78' lang='lat'><strong>12</strong></span> <span class='ocrx_word' id='word_1_229' title='bbox 620 2451 721 2504; x_wconf 64' lang='lat' dir='ltr'><strong>auls</strong></span> <span class='ocrx_word' id='word_1_230' title='bbox 756 2448 948 2504; x_wconf 72' lang='lat' dir='ltr'><strong>latinis</strong></span> <span class='ocrx_word' id='word_1_231' title='bbox 983 2449 1039 2503; x_wconf 91' lang='lat' dir='ltr'><strong><em>B</em></strong></span> <span class='ocrx_word' id='word_1_232' title='bbox 1076 2450 1140 2504; x_wconf 74' lang='lat' dir='ltr'><strong>alz</strong></span> <span class='ocrx_word' id='word_1_233' title='bbox 1173 2449 1366 2505; x_wconf 83' lang='lat' dir='ltr'><strong>latinis</strong></span> <span class='ocrx_word' id='word_1_234' title='bbox 1402 2450 1458 2503; x_wconf 83' lang='lat' dir='ltr'><strong><em>A</em></strong></span> <span class='ocrx_word' id='word_1_235' title='bbox 1495 2448 1722 2504; x_wconf 74' lang='lat' dir='ltr'><strong>alatinis</strong></span> <span class='ocrx_word' id='word_1_236' title='bbox 1763 2449 1812 2502; x_wconf 83' lang='lat'><em>0</em></span> <span class='ocrx_word' id='word_1_237' title='bbox 1843 2449 1993 2503; x_wconf 87' lang='lat' dir='ltr'><strong>haud</strong></span> <span class='ocrx_word' id='word_1_238' title='bbox 2039 2446 2230 2504; x_wconf 79' lang='lat' dir='ltr'><strong>latinis</strong></span> <span class='ocrx_word' id='word_1_239' title='bbox 2266 2448 2536 2504; x_wconf 72' lang='lat' dir='ltr'><strong>Senderus</strong></span> 
     </span>
    </p>
   </div>
   <div class='ocr_carea' id='block_1_7' title="bbox 2545 2615 3022 2624">
    <p class='ocr_par' dir='ltr' id='par_1_7' title="bbox 2545 2615 3022 2624">
     <span class='ocr_line' id='line_1_23' title="bbox 2545 2615 3022 2624; baseline 0.006 -3"><span class='ocrx_word' id='word_1_240' title='bbox 2545 2615 3022 2624; x_wconf 54' lang='grc' dir='ltr'><strong>Ἦ</strong></span> 
     </span>
    </p>
   </div>
   <div class='ocr_carea' id='block_1_8' title="bbox 1312 2674 2118 2773">
    <p class='ocr_par' dir='ltr' id='par_1_8' title="bbox 1312 2674 2118 2773">
     <span class='ocr_line' id='line_1_24' title="bbox 1312 2674 2118 2773; baseline 0 -1"><span class='ocrx_word' id='word_1_241' title='bbox 1312 2716 1682 2773; x_wconf 77' lang='lat' dir='ltr'><strong>MARTYRn</strong></span> <span class='ocrx_word' id='word_1_242' title='bbox 1718 2716 1817 2772; x_wconf 80' lang='lat' dir='ltr'><strong>DE</strong></span> <span class='ocrx_word' id='word_1_243' title='bbox 1855 2674 2030 2772; x_wconf 68' lang='grc' dir='ltr'><strong>ΒἘΤ</strong></span> <span class='ocrx_word' id='word_1_244' title='bbox 2067 2716 2118 2772; x_wconf 89' lang='lat' dir='ltr'><strong>v</strong></span> 
     </span>
    </p>
   </div>
   <div class='ocr_carea' id='block_1_9' title="bbox 274 2883 3028 4569">
    <p class='ocr_par' dir='ltr' id='par_1_9' title="bbox 274 2883 3028 4569">
     <span class='ocr_line' id='line_1_25' title="bbox 417 2883 3022 2970; baseline 0 -25"><span class='ocrx_word' id='word_1_245' title='bbox 417 2887 680 2946; x_wconf 87' lang='lat' dir='ltr'><strong>oriantur</strong></span> <span class='ocrx_word' id='word_1_246' title='bbox 727 2886 992 2970; x_wconf 77' lang='lat' dir='ltr'><strong>nomina,</strong></span> <span class='ocrx_word' id='word_1_247' title='bbox 1046 2886 1170 2945; x_wconf 91' lang='lat' dir='ltr'><strong>sive</strong></span> <span class='ocrx_word' id='word_1_248' title='bbox 1217 2883 1291 2945; x_wconf 92' lang='lat' dir='ltr'><strong>ab</strong></span> <span class='ocrx_word' id='word_1_249' title='bbox 1336 2883 1466 2945; x_wconf 86' lang='lat' dir='ltr'><strong>aliis</strong></span> <span class='ocrx_word' id='word_1_250' title='bbox 1513 2887 1781 2968; x_wconf 89' lang='lat' dir='ltr'><strong>veniant,</strong></span> <span class='ocrx_word' id='word_1_251' title='bbox 1837 2891 1905 2947; x_wconf 90' lang='lat' dir='ltr'><strong>ut</strong></span> <span class='ocrx_word' id='word_1_252' title='bbox 1952 2884 2228 2946; x_wconf 90' lang='lat' dir='ltr'><strong>conclave</strong></span> <span class='ocrx_word' id='word_1_253' title='bbox 2277 2903 2454 2946; x_wconf 89' lang='lat' dir='ltr'><strong>suave</strong></span> <span class='ocrx_word' id='word_1_254' title='bbox 2502 2888 2624 2947; x_wconf 85' lang='lat' dir='ltr'><strong>sive</strong></span> <span class='ocrx_word' id='word_1_255' title='bbox 2680 2886 2894 2966; x_wconf 87' lang='lat' dir='ltr'><strong>quidve</strong></span> <span class='ocrx_word' id='word_1_256' title='bbox 2942 2893 3022 2946; x_wconf 90' lang='lat' dir='ltr'><strong>at-</strong></span> 
     </span>
     <span class='ocr_line' id='line_1_26' title="bbox 420 2991 2194 3072; baseline 0.001 -20"><span class='ocrx_word' id='word_1_257' title='bbox 420 3010 530 3071; x_wconf 91' lang='lat' dir='ltr'><strong>que</strong></span> <span class='ocrx_word' id='word_1_258' title='bbox 574 2992 668 3053; x_wconf 90' lang='lat' dir='ltr'><strong>bis</strong></span> <span class='ocrx_word' id='word_1_259' title='bbox 713 2991 943 3053; x_wconf 89' lang='lat' dir='ltr'><strong>similia.</strong></span> <span class='ocrx_word' id='word_1_260' title='bbox 1017 3010 1085 3052; x_wconf 89' lang='lat' dir='ltr'><strong>ve</strong></span> <span class='ocrx_word' id='word_1_261' title='bbox 1132 2991 1483 3071; x_wconf 90' lang='lat' dir='ltr'><strong>productam</strong></span> <span class='ocrx_word' id='word_1_262' title='bbox 1528 2995 1794 3054; x_wconf 90' lang='lat' dir='ltr'><strong>invenire</strong></span> <span class='ocrx_word' id='word_1_263' title='bbox 1844 3010 1964 3054; x_wconf 91' lang='lat' dir='ltr'><strong>non</strong></span> <span class='ocrx_word' id='word_1_264' title='bbox 2009 2994 2194 3072; x_wconf 92' lang='lat' dir='ltr'><strong>potui.</strong></span> 
     </span>
     <span class='ocr_line' id='line_1_27' title="bbox 587 3097 3025 3179; baseline 0 -20"><span class='ocrx_word' id='word_1_265' title='bbox 587 3098 654 3160; x_wconf 92' lang='lat' dir='ltr'><strong>Bi</strong></span> <span class='ocrx_word' id='word_1_266' title='bbox 720 3118 839 3161; x_wconf 91' lang='lat' dir='ltr'><strong>non</strong></span> <span class='ocrx_word' id='word_1_267' title='bbox 892 3098 1092 3159; x_wconf 90' lang='lat' dir='ltr'><strong>inveni</strong></span> <span class='ocrx_word' id='word_1_268' title='bbox 1157 3099 1527 3159; x_wconf 88' lang='lat' dir='ltr'><strong>terminatam</strong></span> <span class='ocrx_word' id='word_1_269' title='bbox 1582 3101 1697 3160; x_wconf 90' lang='lat' dir='ltr'><strong>nisi</strong></span> <span class='ocrx_word' id='word_1_270' title='bbox 1767 3102 1829 3160; x_wconf 92' lang='lat' dir='ltr'><strong>in</strong></span> <span class='ocrx_word' id='word_1_271' title='bbox 1885 3097 2339 3179; x_wconf 90' lang='lat' dir='ltr'><strong>pronominibus</strong></span> <span class='ocrx_word' id='word_1_272' title='bbox 2394 3098 2572 3159; x_wconf 87' lang='lat' dir='ltr'><strong>dativi</strong></span> <span class='ocrx_word' id='word_1_273' title='bbox 2628 3116 2802 3159; x_wconf 91' lang='lat' dir='ltr'><strong>casus</strong></span> <span class='ocrx_word' id='word_1_274' title='bbox 2858 3106 2917 3159; x_wconf 91' lang='lat' dir='ltr'><strong>et</strong></span> <span class='ocrx_word' id='word_1_275' title='bbox 2963 3101 3025 3159; x_wconf 92' lang='lat' dir='ltr'><strong>in</strong></span> 
     </span>
     <span class='ocr_line' id='line_1_28' title="bbox 416 3191 3027 3288; baseline 0 -24"><span class='ocrx_word' id='word_1_276' title='bbox 416 3205 736 3288; x_wconf 78' lang='lat' dir='ltr'><strong>adverbiis,</strong></span> <span class='ocrx_word' id='word_1_277' title='bbox 783 3224 934 3286; x_wconf 88' lang='lat' dir='ltr'><strong>quae</strong></span> <span class='ocrx_word' id='word_1_278' title='bbox 980 3222 1090 3284; x_wconf 93' lang='lat' dir='ltr'><strong>per</strong></span> <span class='ocrx_word' id='word_1_279' title='bbox 1135 3202 1174 3263; x_wconf 92' lang='lat' dir='ltr'><strong>b</strong></span> <span class='ocrx_word' id='word_1_280' title='bbox 1220 3213 1447 3266; x_wconf 88' lang='lat' dir='ltr'><strong>mutam</strong></span> <span class='ocrx_word' id='word_1_281' title='bbox 1488 3191 1861 3284; x_wconf 78' lang='lat' dir='ltr'><strong>omnifariam</strong></span> <span class='ocrx_word' id='word_1_282' title='bbox 1909 3205 2275 3285; x_wconf 91' lang='lat' dir='ltr'><strong>scribentur,</strong></span> <span class='ocrx_word' id='word_1_283' title='bbox 2329 3213 2398 3266; x_wconf 92' lang='lat' dir='ltr'><strong>ut</strong></span> <span class='ocrx_word' id='word_1_284' title='bbox 2451 3204 2559 3266; x_wconf 90' lang='lat' dir='ltr'><strong>tibi</strong></span> <span class='ocrx_word' id='word_1_285' title='bbox 2615 3203 2726 3265; x_wconf 90' lang='lat' dir='ltr'><strong>sibi</strong></span> <span class='ocrx_word' id='word_1_286' title='bbox 2775 3203 2874 3266; x_wconf 90' lang='lat' dir='ltr'><strong>ubi</strong></span> <span class='ocrx_word' id='word_1_287' title='bbox 2926 3204 3027 3285; x_wconf 89' lang='lat' dir='ltr'><strong>ibi,</strong></span> 
     </span>
     <span class='ocr_line' id='line_1_29' title="bbox 366 3308 3025 3393; baseline -0.002 -19"><span class='ocrx_word' id='word_1_288' title='bbox 366 3325 390 3365; x_wconf 84' lang='lat'>⁵</span> <span class='ocrx_word' id='word_1_289' title='bbox 417 3320 474 3374; x_wconf 88' lang='lat' dir='ltr'><strong>et</strong></span> <span class='ocrx_word' id='word_1_290' title='bbox 518 3316 577 3374; x_wconf 95' lang='lat' dir='ltr'><strong>in</strong></span> <span class='ocrx_word' id='word_1_291' title='bbox 635 3311 962 3393; x_wconf 87' lang='lat' dir='ltr'><strong>pluralibus</strong></span> <span class='ocrx_word' id='word_1_292' title='bbox 1009 3308 1183 3372; x_wconf 87' lang='lat' dir='ltr'><strong>nobis</strong></span> <span class='ocrx_word' id='word_1_293' title='bbox 1227 3309 1411 3372; x_wconf 84' lang='lat' dir='ltr'><strong>vobis.</strong></span> <span class='ocrx_word' id='word_1_294' title='bbox 1500 3321 1560 3374; x_wconf 90' lang='lat' dir='ltr'><strong>et</strong></span> <span class='ocrx_word' id='word_1_295' title='bbox 1614 3311 1797 3373; x_wconf 89' lang='lat' dir='ltr'><strong>semel</strong></span> <span class='ocrx_word' id='word_1_296' title='bbox 1854 3311 2162 3373; x_wconf 89' lang='lat' dir='ltr'><strong>sciendum</strong></span> <span class='ocrx_word' id='word_1_297' title='bbox 2219 3311 2376 3390; x_wconf 89' lang='lat' dir='ltr'><strong>quod</strong></span> <span class='ocrx_word' id='word_1_298' title='bbox 2439 3329 2847 3391; x_wconf 86' lang='lat' dir='ltr'><strong>quaecumque</strong></span> <span class='ocrx_word' id='word_1_299' title='bbox 2904 3313 3025 3371; x_wconf 84' lang='lat' dir='ltr'><strong>sive</strong></span> 
     </span>
     <span class='ocr_line' id='line_1_30' title="bbox 416 3416 3026 3500; baseline -0.001 -19"><span class='ocrx_word' id='word_1_300' title='bbox 416 3422 648 3481; x_wconf 89' lang='lat' dir='ltr'><strong>nomina</strong></span> <span class='ocrx_word' id='word_1_301' title='bbox 704 3421 824 3480; x_wconf 84' lang='lat' dir='ltr'><strong>sive</strong></span> <span class='ocrx_word' id='word_1_302' title='bbox 890 3420 1241 3498; x_wconf 89' lang='lat' dir='ltr'><strong>pronomina</strong></span> <span class='ocrx_word' id='word_1_303' title='bbox 1306 3420 1378 3479; x_wconf 77' lang='lat' dir='ltr'><strong>in‘</strong></span> <span class='ocrx_word' id='word_1_304' title='bbox 1433 3418 1627 3480; x_wconf 84' lang='lat' dir='ltr'><strong>dativo</strong></span> <span class='ocrx_word' id='word_1_305' title='bbox 1693 3439 1833 3481; x_wconf 89' lang='lat' dir='ltr'><strong>casu</strong></span> <span class='ocrx_word' id='word_1_306' title='bbox 1903 3418 2187 3500; x_wconf 83' lang='lat' dir='ltr'><strong>singulari</strong></span> <span class='ocrx_word' id='word_1_307' title='bbox 2243 3418 2334 3478; x_wconf 85' lang='lat' dir='ltr'><strong>vel</strong></span> <span class='ocrx_word' id='word_1_308' title='bbox 2399 3417 2611 3499; x_wconf 90' lang='lat' dir='ltr'><strong>plurali</strong></span> <span class='ocrx_word' id='word_1_309' title='bbox 2666 3416 2705 3477; x_wconf 92' lang='lat' dir='ltr'><strong>b</strong></span> <span class='ocrx_word' id='word_1_310' title='bbox 2770 3417 3026 3479; x_wconf 88' lang='lat' dir='ltr'><strong>litteram</strong></span> 
     </span>
     <span class='ocr_line' id='line_1_31' title="bbox 415 3523 3024 3608; baseline -0 -22"><span class='ocrx_word' id='word_1_311' title='bbox 415 3526 664 3588; x_wconf 89' lang='lat' dir='ltr'><strong>babeant</strong></span> <span class='ocrx_word' id='word_1_312' title='bbox 698 3529 759 3587; x_wconf 91' lang='lat' dir='ltr'><strong>in</strong></span> <span class='ocrx_word' id='word_1_313' title='bbox 798 3526 911 3586; x_wconf 91' lang='lat' dir='ltr'><strong>alio</strong></span> <span class='ocrx_word' id='word_1_314' title='bbox 949 3544 1090 3585; x_wconf 91' lang='lat' dir='ltr'><strong>casu</strong></span> <span class='ocrx_word' id='word_1_315' title='bbox 1128 3526 1367 3605; x_wconf 87' lang='lat' dir='ltr'><strong>penitus</strong></span> <span class='ocrx_word' id='word_1_316' title='bbox 1405 3525 1608 3587; x_wconf 88' lang='lat' dir='ltr'><strong>eadem</strong></span> <span class='ocrx_word' id='word_1_317' title='bbox 1647 3545 1765 3588; x_wconf 91' lang='lat' dir='ltr'><strong>non</strong></span> <span class='ocrx_word' id='word_1_318' title='bbox 1806 3523 2070 3608; x_wconf 90' lang='lat' dir='ltr'><strong>fulgente</strong></span> <span class='ocrx_word' id='word_1_319' title='bbox 2114 3525 2334 3608; x_wconf 87' lang='lat' dir='ltr'><strong>littera,</strong></span> <span class='ocrx_word' id='word_1_320' title='bbox 2379 3544 2488 3607; x_wconf 91' lang='lat' dir='ltr'><strong>per</strong></span> <span class='ocrx_word' id='word_1_321' title='bbox 2524 3524 2563 3585; x_wconf 92' lang='lat' dir='ltr'><strong>b</strong></span> <span class='ocrx_word' id='word_1_322' title='bbox 2610 3533 2833 3586; x_wconf 91' lang='lat' dir='ltr'><strong>mutam</strong></span> <span class='ocrx_word' id='word_1_323' title='bbox 2880 3526 3024 3585; x_wconf 89' lang='lat' dir='ltr'><strong>scri-</strong></span> 
     </span>
     <span class='ocr_line' id='line_1_32' title="bbox 414 3630 2064 3718; baseline 0.001 -25"><span class='ocrx_word' id='word_1_324' title='bbox 414 3632 656 3715; x_wconf 87' lang='lat' dir='ltr'><strong>bentur,</strong></span> <span class='ocrx_word' id='word_1_325' title='bbox 702 3641 769 3694; x_wconf 90' lang='lat' dir='ltr'><strong>ut</strong></span> <span class='ocrx_word' id='word_1_326' title='bbox 814 3630 1091 3718; x_wconf 67' lang='lat' dir='ltr'><strong>omnibus</strong></span> <span class='ocrx_word' id='word_1_327' title='bbox 1138 3630 1431 3692; x_wconf 89' lang='lat' dir='ltr'><strong>similibus</strong></span> <span class='ocrx_word' id='word_1_328' title='bbox 1477 3631 1751 3713; x_wconf 90' lang='lat' dir='ltr'><strong>pluribus</strong></span> <span class='ocrx_word' id='word_1_329' title='bbox 1797 3653 1865 3695; x_wconf 90' lang='lat' dir='ltr'><strong>ac</strong></span> <span class='ocrx_word' id='word_1_330' title='bbox 1913 3633 2064 3695; x_wconf 90' lang='lat' dir='ltr'><strong>talia.</strong></span> 
     </span>
     <span class='ocr_line' id='line_1_33' title="bbox 586 3726 3028 3824; baseline 0 -25"><span class='ocrx_word' id='word_1_331' title='bbox 586 3739 672 3799; x_wconf 90' lang='lat' dir='ltr'><strong>Bo</strong></span> <span class='ocrx_word' id='word_1_332' title='bbox 719 3738 936 3819; x_wconf 73' lang='lat' dir='ltr'><strong>syllaba</strong></span> <span class='ocrx_word' id='word_1_333' title='bbox 990 3738 1229 3799; x_wconf 79' lang='lat' dir='ltr'><strong>definita</strong></span> <span class='ocrx_word' id='word_1_334' title='bbox 1285 3757 1394 3819; x_wconf 92' lang='lat' dir='ltr'><strong>per</strong></span> <span class='ocrx_word' id='word_1_335' title='bbox 1438 3738 1477 3799; x_wconf 92' lang='lat' dir='ltr'><strong>b</strong></span> <span class='ocrx_word' id='word_1_336' title='bbox 1532 3749 1755 3802; x_wconf 90' lang='lat' dir='ltr'><strong>mutam</strong></span> <span class='ocrx_word' id='word_1_337' title='bbox 1809 3740 2138 3824; x_wconf 84' lang='lat' dir='ltr'><strong>scribetur,</strong></span> <span class='ocrx_word' id='word_1_338' title='bbox 2194 3749 2261 3802; x_wconf 90' lang='lat' dir='ltr'><strong>ut</strong></span> <span class='ocrx_word' id='word_1_339' title='bbox 2317 3739 2492 3818; x_wconf 74' lang='lat' dir='ltr'><strong>turbo</strong></span> <span class='ocrx_word' id='word_1_340' title='bbox 2551 3739 2710 3801; x_wconf 91' lang='lat' dir='ltr'><strong>bubo</strong></span> <span class='ocrx_word' id='word_1_341' title='bbox 2755 3748 2817 3801; x_wconf 88' lang='lat' dir='ltr'><strong>et</strong></span> <span class='ocrx_word' id='word_1_342' title='bbox 2874 3726 3028 3820; x_wconf 75' lang='lat' dir='ltr'><strong>tabo,</strong></span> 
     </span>
     <span class='ocr_line' id='line_1_34' title="bbox 274 3829 3025 3929; baseline 0 -24"><span class='ocrx_word' id='word_1_343' title='bbox 274 3829 293 3846; x_wconf 75' lang='lat'>⁸</span> <span class='ocrx_word' id='word_1_344' title='bbox 342 3859 390 3900; x_wconf 85' lang='grc' dir='ltr'><strong>ιο</strong></span> <span class='ocrx_word' id='word_1_345' title='bbox 416 3845 552 3907; x_wconf 92' lang='lat' dir='ltr'><strong>licet</strong></span> <span class='ocrx_word' id='word_1_346' title='bbox 586 3865 695 3926; x_wconf 92' lang='lat' dir='ltr'><strong>per</strong></span> <span class='ocrx_word' id='word_1_347' title='bbox 734 3845 1049 3907; x_wconf 88' lang='lat' dir='ltr'><strong>ablativum</strong></span> <span class='ocrx_word' id='word_1_348' title='bbox 1089 3864 1292 3906; x_wconf 90' lang='lat' dir='ltr'><strong>casum</strong></span> <span class='ocrx_word' id='word_1_349' title='bbox 1331 3849 1692 3929; x_wconf 85' lang='lat' dir='ltr'><strong>enuntiatur,</strong></span> <span class='ocrx_word' id='word_1_350' title='bbox 1729 3843 2100 3909; x_wconf 88' lang='lat' dir='ltr'><strong>solummodo</strong></span> <span class='ocrx_word' id='word_1_351' title='bbox 2139 3856 2386 3928; x_wconf 84' lang='lat' dir='ltr'><strong>excepto</strong></span> <span class='ocrx_word' id='word_1_352' title='bbox 2422 3866 2666 3927; x_wconf 82' lang='lat' dir='ltr'><strong>pavone.</strong></span> <span class='ocrx_word' id='word_1_353' title='bbox 2741 3845 2818 3908; x_wconf 91' lang='lat' dir='ltr'><strong>bu</strong></span> <span class='ocrx_word' id='word_1_354' title='bbox 2858 3846 3025 3926; x_wconf 76' lang='lat' dir='ltr'><strong>sylla-</strong></span> 
     </span>
     <span class='ocr_line' id='line_1_35' title="bbox 414 3950 3026 4033; baseline 0 -22"><span class='ocrx_word' id='word_1_355' title='bbox 414 3950 546 4012; x_wconf 89' lang='lat' dir='ltr'><strong>bam</strong></span> <span class='ocrx_word' id='word_1_356' title='bbox 601 3971 669 4013; x_wconf 92' lang='lat' dir='ltr'><strong>ac</strong></span> <span class='ocrx_word' id='word_1_357' title='bbox 728 3960 922 4013; x_wconf 88' lang='lat' dir='ltr'><strong>mutas</strong></span> <span class='ocrx_word' id='word_1_358' title='bbox 977 3969 1185 4012; x_wconf 89' lang='lat' dir='ltr'><strong>omnes</strong></span> <span class='ocrx_word' id='word_1_359' title='bbox 1251 3958 1427 4031; x_wconf 88' lang='lat' dir='ltr'><strong>atque</strong></span> <span class='ocrx_word' id='word_1_360' title='bbox 1486 3953 1512 4014; x_wconf 99' lang='lat' dir='ltr'><strong>f</strong></span> <span class='ocrx_word' id='word_1_361' title='bbox 1566 3953 1976 4014; x_wconf 89' lang='lat' dir='ltr'><strong>semivocalem</strong></span> <span class='ocrx_word' id='word_1_362' title='bbox 2038 3971 2104 4013; x_wconf 90' lang='lat' dir='ltr'><strong>va</strong></span> <span class='ocrx_word' id='word_1_363' title='bbox 2169 3952 2422 4033; x_wconf 76' lang='lat' dir='ltr'><strong>syllabae</strong></span> <span class='ocrx_word' id='word_1_364' title='bbox 2482 3953 2872 4015; x_wconf 82' lang='lat' dir='ltr'><strong>cohaerentes</strong></span> <span class='ocrx_word' id='word_1_365' title='bbox 2937 3952 3026 4012; x_wconf 85' lang='lat' dir='ltr'><strong>vel</strong></span> 
     </span>
     <span class='ocr_line' id='line_1_36' title="bbox 416 4058 3025 4140; baseline 0.001 -22"><span class='ocrx_word' id='word_1_366' title='bbox 416 4058 919 4121; x_wconf 84' lang='lat' dir='ltr'><strong>intercedentibus</strong></span> <span class='ocrx_word' id='word_1_367' title='bbox 966 4058 1094 4119; x_wconf 86' lang='lat' dir='ltr'><strong>aliis</strong></span> <span class='ocrx_word' id='word_1_368' title='bbox 1140 4058 1440 4120; x_wconf 91' lang='lat' dir='ltr'><strong>vocalibus</strong></span> <span class='ocrx_word' id='word_1_369' title='bbox 1488 4062 1734 4139; x_wconf 88' lang='lat' dir='ltr'><strong>cognovi</strong></span> <span class='ocrx_word' id='word_1_370' title='bbox 1782 4061 2055 4122; x_wconf 82' lang='lat' dir='ltr'><strong>delicere.</strong></span> <span class='ocrx_word' id='word_1_371' title='bbox 2131 4060 2287 4122; x_wconf 90' lang='lat' dir='ltr'><strong>unde</strong></span> <span class='ocrx_word' id='word_1_372' title='bbox 2335 4069 2615 4140; x_wconf 87' lang='lat' dir='ltr'><strong>suscepto</strong></span> <span class='ocrx_word' id='word_1_373' title='bbox 2662 4058 3025 4138; x_wconf 87' lang='lat' dir='ltr'><strong>reliquarum</strong></span> 
     </span>
     <span class='ocr_line' id='line_1_37' title="bbox 416 4164 2793 4248; baseline 0.001 -24"><span class='ocrx_word' id='word_1_374' title='bbox 416 4164 851 4225; x_wconf 87' lang='lat' dir='ltr'><strong>semivocalium</strong></span> <span class='ocrx_word' id='word_1_375' title='bbox 897 4182 1147 4226; x_wconf 90' lang='lat' dir='ltr'><strong>numero</strong></span> <span class='ocrx_word' id='word_1_376' title='bbox 1194 4164 1456 4247; x_wconf 89' lang='lat' dir='ltr'><strong>regulas,</strong></span> <span class='ocrx_word' id='word_1_377' title='bbox 1503 4176 1791 4247; x_wconf 88' lang='lat' dir='ltr'><strong>quantum</strong></span> <span class='ocrx_word' id='word_1_378' title='bbox 1840 4170 1995 4229; x_wconf 88' lang='lat' dir='ltr'><strong>vires</strong></span> <span class='ocrx_word' id='word_1_379' title='bbox 2041 4169 2373 4248; x_wconf 86' lang='lat' dir='ltr'><strong>sufficiunt,</strong></span> <span class='ocrx_word' id='word_1_380' title='bbox 2418 4166 2793 4228; x_wconf 88' lang='lat' dir='ltr'><strong>meditemur.</strong></span> 
     </span>
     <span class='ocr_line' id='line_1_38' title="bbox 587 4269 3022 4357; baseline 0.001 -28"><span class='ocrx_word' id='word_1_381' title='bbox 587 4269 689 4330; x_wconf 90' lang='lat' dir='ltr'><strong>Bal</strong></span> <span class='ocrx_word' id='word_1_382' title='bbox 726 4269 943 4350; x_wconf 79' lang='lat' dir='ltr'><strong>syllaba</strong></span> <span class='ocrx_word' id='word_1_383' title='bbox 979 4272 1292 4333; x_wconf 88' lang='lat' dir='ltr'><strong>terminata</strong></span> <span class='ocrx_word' id='word_1_384' title='bbox 1329 4291 1439 4353; x_wconf 92' lang='lat' dir='ltr'><strong>per</strong></span> <span class='ocrx_word' id='word_1_385' title='bbox 1468 4273 1507 4333; x_wconf 93' lang='lat' dir='ltr'><strong>b</strong></span> <span class='ocrx_word' id='word_1_386' title='bbox 1546 4282 1767 4335; x_wconf 92' lang='lat' dir='ltr'><strong>mutam</strong></span> <span class='ocrx_word' id='word_1_387' title='bbox 1808 4273 2123 4357; x_wconf 87' lang='lat' dir='ltr'><strong>scribetur,</strong></span> <span class='ocrx_word' id='word_1_388' title='bbox 2163 4292 2339 4354; x_wconf 89' lang='lat' dir='ltr'><strong>quam</strong></span> <span class='ocrx_word' id='word_1_389' title='bbox 2378 4275 2439 4334; x_wconf 93' lang='lat' dir='ltr'><strong>in</strong></span> <span class='ocrx_word' id='word_1_390' title='bbox 2476 4270 2745 4333; x_wconf 89' lang='lat' dir='ltr'><strong>barbaris</strong></span> <span class='ocrx_word' id='word_1_391' title='bbox 2774 4274 3022 4333; x_wconf 89' lang='lat' dir='ltr'><strong>nomini-</strong></span> 
     </span>
     <span class='ocr_line' id='line_1_39' title="bbox 345 4375 3026 4456; baseline 0.002 -24"><span class='ocrx_word' id='word_1_392' title='bbox 345 4390 391 4431; x_wconf 69' lang='grc' dir='ltr'><strong>ιε</strong></span> <span class='ocrx_word' id='word_1_393' title='bbox 418 4375 526 4438; x_wconf 90' lang='lat' dir='ltr'><strong>bus</strong></span> <span class='ocrx_word' id='word_1_394' title='bbox 574 4376 703 4454; x_wconf 90' lang='lat' dir='ltr'><strong>[aut</strong></span> <span class='ocrx_word' id='word_1_395' title='bbox 739 4376 963 4456; x_wconf 88' lang='lat' dir='ltr'><strong>latinis]</strong></span> <span class='ocrx_word' id='word_1_396' title='bbox 1012 4379 1282 4439; x_wconf 89' lang='lat' dir='ltr'><strong>novimus</strong></span> <span class='ocrx_word' id='word_1_397' title='bbox 1319 4381 1647 4456; x_wconf 88' lang='lat' dir='ltr'><strong>invenisse,</strong></span> <span class='ocrx_word' id='word_1_398' title='bbox 1695 4389 1762 4442; x_wconf 92' lang='lat' dir='ltr'><strong>ut</strong></span> <span class='ocrx_word' id='word_1_399' title='bbox 1796 4379 2088 4442; x_wconf 88' lang='lat' dir='ltr'><strong>Hannibal</strong></span> <span class='ocrx_word' id='word_1_400' title='bbox 2125 4379 2460 4442; x_wconf 89' lang='lat' dir='ltr'><strong>Hasdrubal</strong></span> <span class='ocrx_word' id='word_1_401' title='bbox 2496 4376 2809 4439; x_wconf 81' lang='lat' dir='ltr'><strong>Adherbal.</strong></span> <span class='ocrx_word' id='word_1_402' title='bbox 2884 4377 3026 4439; x_wconf 91' lang='lat' dir='ltr'><strong>alias</strong></span> 
     </span>
     <span class='ocr_line' id='line_1_40' title="bbox 420 4481 2198 4569; baseline 0.003 -27"><span class='ocrx_word' id='word_1_403' title='bbox 420 4481 646 4544; x_wconf 87' lang='lat' dir='ltr'><strong>vocales</strong></span> <span class='ocrx_word' id='word_1_404' title='bbox 693 4485 848 4545; x_wconf 88' lang='lat' dir='ltr'><strong>inter</strong></span> <span class='ocrx_word' id='word_1_405' title='bbox 893 4483 932 4544; x_wconf 92' lang='lat' dir='ltr'><strong>b</strong></span> <span class='ocrx_word' id='word_1_406' title='bbox 980 4493 1042 4546; x_wconf 93' lang='lat' dir='ltr'><strong>et</strong></span> <span class='ocrx_word' id='word_1_407' title='bbox 1084 4484 1105 4545; x_wconf 93' lang='lat' dir='ltr'><strong>l</strong></span> <span class='ocrx_word' id='word_1_408' title='bbox 1151 4485 1487 4548; x_wconf 88' lang='lat' dir='ltr'><strong>conlocatas</strong></span> <span class='ocrx_word' id='word_1_409' title='bbox 1530 4489 1798 4566; x_wconf 83' lang='lat' dir='ltr'><strong>reperire</strong></span> <span class='ocrx_word' id='word_1_410' title='bbox 1847 4506 1966 4552; x_wconf 92' lang='lat' dir='ltr'><strong>non</strong></span> <span class='ocrx_word' id='word_1_411' title='bbox 2013 4490 2198 4569; x_wconf 89' lang='lat' dir='ltr'><strong>potui.</strong></span> 
     </span>
    </p>
   </div>
   <div class='ocr_carea' id='block_1_10' title="bbox 418 4591 791 4605">
    <p class='ocr_par' dir='ltr' id='par_1_10' title="bbox 418 4591 791 4605">
     <span class='ocr_line' id='line_1_41' title="bbox 418 4591 791 4605; baseline 0 923"><span class='ocrx_word' id='word_1_412' title='bbox 418 4591 791 4605; x_wconf 95' lang='lat' dir='ltr'><strong> </strong></span> 
     </span>
    </p>
   </div>
   <div class='ocr_carea' id='block_1_11' title="bbox 420 4645 3035 4956">
    <p class='ocr_par' dir='ltr' id='par_1_11' title="bbox 420 4645 3035 4956">
     <span class='ocr_line' id='line_1_42' title="bbox 595 4645 3026 4720; baseline 0.002 -21"><span class='ocrx_word' id='word_1_413' title='bbox 595 4652 621 4699; x_wconf 93' lang='lat'><strong>1</strong></span> <span class='ocrx_word' id='word_1_414' title='bbox 662 4645 780 4701; x_wconf 86' lang='lat' dir='ltr'><strong>sive</strong></span> <span class='ocrx_word' id='word_1_415' title='bbox 816 4662 918 4701; x_wconf 90' lang='lat' dir='ltr'><strong>om.</strong></span> <span class='ocrx_word' id='word_1_416' title='bbox 954 4646 1034 4712; x_wconf 91' lang='lat' dir='ltr'><strong>N,</strong></span> <span class='ocrx_word' id='word_1_417' title='bbox 1070 4647 1198 4702; x_wconf 81' lang='lat' dir='ltr'><strong>add.</strong></span> <span class='ocrx_word' id='word_1_418' title='bbox 1237 4647 1292 4701; x_wconf 91' lang='lat' dir='ltr'><em>P</em></span> <span class='ocrx_word' id='word_1_419' title='bbox 1409 4653 1442 4702; x_wconf 79' lang='lat'>2</span> <span class='ocrx_word' id='word_1_420' title='bbox 1478 4646 1719 4702; x_wconf 85' lang='lat' dir='ltr'><strong>inveniri</strong></span> <span class='ocrx_word' id='word_1_421' title='bbox 1753 4664 1867 4704; x_wconf 88' lang='lat' dir='ltr'><strong>non</strong></span> <span class='ocrx_word' id='word_1_422' title='bbox 1901 4648 2063 4720; x_wconf 72' lang='lat' dir='ltr'><strong>potui</strong></span> <span class='ocrx_word' id='word_1_423' title='bbox 2097 4649 2164 4702; x_wconf 91' lang='lat' dir='ltr'><strong><em>N</em></strong></span> <span class='ocrx_word' id='word_1_424' title='bbox 2280 4654 2315 4702; x_wconf 85' lang='lat'>4</span> <span class='ocrx_word' id='word_1_425' title='bbox 2351 4647 2617 4703; x_wconf 85' lang='lat' dir='ltr'><strong>adverbio</strong></span> <span class='ocrx_word' id='word_1_426' title='bbox 2653 4648 2782 4704; x_wconf 90' lang='lat' dir='ltr'><strong>NP</strong></span> <span class='ocrx_word' id='word_1_427' title='bbox 2893 4649 3026 4705; x_wconf 86' lang='lat' dir='ltr'><strong>scri·</strong></span> 
     </span>
     <span class='ocr_line' id='line_1_43' title="bbox 420 4726 3035 4800; baseline 0.002 -19"><span class='ocrx_word' id='word_1_428' title='bbox 420 4726 618 4783; x_wconf 76' lang='lat' dir='ltr'><strong>bantur</strong></span> <span class='ocrx_word' id='word_1_429' title='bbox 656 4728 713 4782; x_wconf 90' lang='lat' dir='ltr'><strong><em>P</em></strong></span> <span class='ocrx_word' id='word_1_430' title='bbox 746 4728 1062 4784; x_wconf 81' lang='lat' dir='ltr'><strong>scribuntur</strong></span> <span class='ocrx_word' id='word_1_431' title='bbox 1097 4727 1165 4781; x_wconf 91' lang='lat' dir='ltr'><em>N</em></span> <span class='ocrx_word' id='word_1_432' title='bbox 1302 4734 1332 4784; x_wconf 80' lang='lat'><strong>7</strong></span> <span class='ocrx_word' id='word_1_433' title='bbox 1368 4744 1470 4798; x_wconf 87' lang='lat' dir='ltr'><strong>per</strong></span> <span class='ocrx_word' id='word_1_434' title='bbox 1506 4727 1543 4783; x_wconf 92' lang='lat' dir='ltr'><strong>b</strong></span> <span class='ocrx_word' id='word_1_435' title='bbox 1579 4729 1794 4784; x_wconf 79' lang='lat' dir='ltr'><strong>mutam</strong></span> <span class='ocrx_word' id='word_1_436' title='bbox 1833 4729 1890 4784; x_wconf 91' lang='lat' dir='ltr'><em>P</em></span> <span class='ocrx_word' id='word_1_437' title='bbox 1917 4747 2017 4800; x_wconf 87' lang='lat' dir='ltr'><strong>per</strong></span> <span class='ocrx_word' id='word_1_438' title='bbox 2051 4731 2089 4786; x_wconf 94' lang='lat' dir='ltr'><strong>b</strong></span> <span class='ocrx_word' id='word_1_439' title='bbox 2125 4729 2376 4784; x_wconf 75' lang='lat' dir='ltr'><strong>litteram</strong></span> <span class='ocrx_word' id='word_1_440' title='bbox 2413 4728 2480 4782; x_wconf 90' lang='lat' dir='ltr'><em>N</em></span> <span class='ocrx_word' id='word_1_441' title='bbox 2620 4735 2653 4784; x_wconf 86' lang='lat'>8</span> <span class='ocrx_word' id='word_1_442' title='bbox 2689 4728 2941 4799; x_wconf 87' lang='lat' dir='ltr'><strong>pluribus</strong></span> <span class='ocrx_word' id='word_1_443' title='bbox 2978 4730 3035 4785; x_wconf 91' lang='lat' dir='ltr'><em>P</em></span> 
     </span>
     <span class='ocr_line' id='line_1_44' title="bbox 422 4805 3024 4884; baseline 0.002 -24"><span class='ocrx_word' id='word_1_444' title='bbox 422 4805 757 4876; x_wconf 87' lang='lat' dir='ltr'><strong>pluvialibus</strong></span> <span class='ocrx_word' id='word_1_445' title='bbox 792 4808 859 4862; x_wconf 89' lang='lat' dir='ltr'><strong><em>N</em></strong></span> <span class='ocrx_word' id='word_1_446' title='bbox 995 4812 1029 4861; x_wconf 82' lang='lat'>9</span> <span class='ocrx_word' id='word_1_447' title='bbox 1073 4806 1236 4862; x_wconf 76' lang='lat' dir='ltr'><strong>finita</strong></span> <span class='ocrx_word' id='word_1_448' title='bbox 1271 4807 1328 4862; x_wconf 90' lang='lat' dir='ltr'><em>P</em></span> <span class='ocrx_word' id='word_1_449' title='bbox 1461 4810 1527 4863; x_wconf 81' lang='lat' dir='ltr'><strong>ut</strong></span> <span class='ocrx_word' id='word_1_450' title='bbox 1572 4808 1736 4864; x_wconf 81' lang='lat' dir='ltr'><strong>turbo</strong></span> <span class='ocrx_word' id='word_1_451' title='bbox 1768 4811 1829 4864; x_wconf 75' lang='lat' dir='ltr'><strong>et</strong></span> <span class='ocrx_word' id='word_1_452' title='bbox 1863 4810 2027 4866; x_wconf 75' lang='lat' dir='ltr'><strong>torbo</strong></span> <span class='ocrx_word' id='word_1_453' title='bbox 2064 4810 2213 4866; x_wconf 88' lang='lat' dir='ltr'><strong>bubo</strong></span> <span class='ocrx_word' id='word_1_454' title='bbox 2251 4811 2312 4866; x_wconf 75' lang='lat' dir='ltr'><strong>et</strong></span> <span class='ocrx_word' id='word_1_455' title='bbox 2353 4810 2489 4866; x_wconf 68' lang='lat' dir='ltr'><strong>tabo</strong></span> <span class='ocrx_word' id='word_1_456' title='bbox 2530 4809 2587 4864; x_wconf 92' lang='lat' dir='ltr'><em>P</em></span> <span class='ocrx_word' id='word_1_457' title='bbox 2724 4815 2792 4864; x_wconf 81' lang='lat'><strong>14</strong></span> <span class='ocrx_word' id='word_1_458' title='bbox 2827 4810 3024 4884; x_wconf 86' lang='lat' dir='ltr'><strong>quam]</strong></span> 
     </span>
     <span class='ocr_line' id='line_1_45' title="bbox 424 4886 1351 4956; baseline 0.004 -15"><span class='ocrx_word' id='word_1_459' title='bbox 424 4886 552 4956; x_wconf 85' lang='lat' dir='ltr'><strong>quia</strong></span> <span class='ocrx_word' id='word_1_460' title='bbox 584 4888 647 4942; x_wconf 94' lang='lat' dir='ltr'><strong><em>N</em></strong></span> <span class='ocrx_word' id='word_1_461' title='bbox 655 4888 713 4943; x_wconf 87' lang='lat' dir='ltr'><em>P</em></span> <span class='ocrx_word' id='word_1_462' title='bbox 854 4895 921 4943; x_wconf 80' lang='lat'><strong>14</strong></span> <span class='ocrx_word' id='word_1_463' title='bbox 956 4888 1186 4946; x_wconf 74' lang='lat' dir='ltr'><strong>aderbal</strong></span> <span class='ocrx_word' id='word_1_464' title='bbox 1219 4889 1351 4945; x_wconf 86' lang='lat' dir='ltr'><strong>NP</strong></span> 
     </span>
    </p>
   </div>
  </div>
 </body>
</html>
