3613 5528
637 422 768 489 260
1454 425 1697 481 BEDAE
1735 425 1832 481 DE
1872 425 2068 482 ARTE
2104 424 2434 482 METRICA

636 537 678 574 p.
706 526 812 565 2382
840 526 889 565 P.

636 612 901 689 quamvis
948 610 1093 672 haec
1130 613 1192 672 in
1230 630 1337 672 sua
1382 610 1580 691 lingua
1617 630 1734 672 non
1783 620 1905 673 tota
1950 614 2211 693 poetico,
2260 612 2361 673 sed
2408 613 2623 692 partim
2663 610 2981 691 rhetorico,
3025 611 3241 690 partim

636 719 713 777 sit
760 719 1008 779 metrico
1056 717 1147 779 vel
1192 717 1525 798 rhythmico
1574 722 1793 801 scripta
1842 738 2134 782 sermone.

810 823 969 887 Haec
1016 824 1150 900 tibi,
1197 825 1536 888 dulcissime
1584 827 1666 888 fili
1711 837 1773 889 et
1817 828 2107 889 conlevita
2145 828 2461 911 Gutberte‚
2507 828 2823 908 diligenter
2860 846 2931 888 ex
2971 828 3239 906 antiquo-

632 949 767 993 rum
815 932 1118 1012 opusculis
1166 935 1525 1013 scriptorum
1572 953 1895 1014 excerpere
1952 937 2153 1010 curavi
2210 944 2270 996 et
2315 954 2466 1014 quae
2514 937 2765 1016 sparsim
2811 944 3047 1015 reperta
3109 937 3238 1015 ipse

631 1038 860 1100 diutino
921 1039 1122 1102 labore
1182 1040 1534 1121 collegeram
1597 1040 1703 1101 tibi
1764 1040 2007 1102 collecta
2070 1040 2286 1122 obtuli,
2345 1049 2443 1122 ut,
2504 1060 2683 1121 quem
2743 1041 2813 1102 ad
2873 1041 3116 1102 modum
3175 1042 3238 1100 in
3294 1053 3321 1093 ⁶

632 1146 845 1207 divinis
899 1147 1115 1209 litteris
1162 1150 1517 1227 statutisque
1565 1147 1984 1209 ecclesiasticis
2034 1147 2305 1209 imbuere
2353 1147 2582 1230 studui,
2635 1150 2717 1209 ita
2764 1158 2824 1210 ct
2884 1151 2945 1209 in
2994 1150 3241 1209 metrica

630 1263 785 1334 arte,
841 1273 991 1334 quae
1052 1255 1264 1317 divinis
1320 1273 1437 1316 non
1495 1263 1587 1315 est
1641 1257 1941 1334 incognita
1996 1253 2196 1337 libris,
2250 1263 2310 1316 te
2372 1255 2624 1316 solerter
2679 1257 3057 1316 instruerem.
3141 1257 3236 1316 cui

635 1363 815 1422 etiam
862 1361 936 1422 de
983 1363 1190 1442 figuris
1236 1361 1326 1423 vel
1374 1362 1563 1422 modis
1610 1362 2005 1442 locutionum,
2050 1381 2201 1441 quae
2245 1382 2277 1422 a
2315 1361 2556 1423 Graecis
2603 1363 2900 1424 schemata
2945 1362 3036 1423 vel
3084 1364 3239 1441 tropi

633 1467 934 1550 dicuntur,
973 1487 1220 1550 parvum
1248 1468 1522 1529 subicere
1560 1467 1825 1529 libellum
1853 1487 1972 1528 non
2010 1471 2406 1548 incongruum
2446 1469 2611 1550 duxi,
2655 1478 2935 1548 tuamque
2972 1468 3236 1529 dilectio-

633 1594 769 1636 nem
807 1575 1052 1637 sedulus
1089 1594 1268 1636 exoro
1309 1584 1376 1638 ut
1420 1574 1661 1636 lectioni
1698 1592 1941 1655 operam
1979 1575 2283 1655 impendas
2320 1576 2554 1637 illarum
2594 1577 2843 1636 maxime
2882 1574 3233 1657 litterarum,
3266 1592 3317 1630 10

629 1685 691 1744 in
739 1682 955 1763 quibus
1001 1701 1112 1744 nos
1159 1685 1335 1744 vitam
1381 1680 1601 1743 habere
1648 1680 1948 1743 credimus
1994 1684 2433 1763 sempiternam.

633 1805 715 1812 ξ-

811 1862 838 1909 1
877 1855 1100 1924 poetico
1137 1854 1189 1908 L
1224 1853 1447 1924 poetica.
1483 1849 1607 1907 FP
1751 1859 1783 1906 3
1823 1853 2128 1923 gudbercto
2166 1851 2230 1907 F
2259 1854 2552 1924 gutbercte
2589 1853 2644 1907 L
2678 1853 3016 1924 gudberthte
3055 1852 3112 1907 P

628 1941 663 1990 4
701 1937 963 2005 repperta
989 1934 1110 1988 FL
1145 1936 1302 1989 recta
1328 1934 1384 1987 P
1411 1932 1619 2001 scripta
1644 1947 1679 1990 ς
1803 1931 1926 2002 ipse
1952 1950 2055 1988 om.
2085 1933 2165 1999 L,
2202 1935 2331 1990 add.
2371 1934 2499 1988 FP
2626 1940 2658 1989 5
2696 1934 2914 1989 diutino
2945 1933 3007 1987 F
3037 1934 3236 1988 diurno

627 2015 797 2073 3131>
923 2021 985 2069 11
1027 2012 1368 2068 EXPLICIT
1407 2012 1505 2067 DE
1543 2010 1739 2067 ARTE
1779 2013 2106 2069 METRICA
2141 2013 2363 2068 LIBER
2400 2018 2681 2084 (super-scr.
2709 2014 2928 2083 UNUS)
2965 2013 3236 2068 INCIPIT

624 2092 844 2147 LIBER
881 2093 1265 2149 SECUNDUS
1302 2094 1399 2148 DE
1440 2091 1953 2149 SCHEMATIBUS
1990 2094 2086 2149 ET
2126 2092 2384 2149 TROPIS
2421 2094 2484 2148 F
2516 2092 2858 2149 EXPLICIT
2895 2092 2991 2147 DE
3034 2093 3230 2147 ARTE

623 2173 952 2228 METRICA
980 2174 1199 2228 LIBER
1226 2173 1423 2228 UNUS
1463 2172 1734 2228 INCIPIT
1774 2173 1869 2227 DE
1901 2173 2412 2228 SCHEMATIBUS
2441 2174 2537 2228 ΕΤ
2567 2174 2825 2230 TROPIS
2854 2174 3074 2228 LIBER
3100 2175 3153 2228 ΙΙ
3179 2175 3233 2227 L
