3613 5528
1357 435 1455 490 DE
1493 436 1690 490 ARTE
1728 436 2059 491 METRICA
2882 435 3014 499 255

399 549 446 584 p.
476 536 582 576 2377
610 535 658 575 P.

400 619 696 701 Sponden,
753 618 1012 701 dactylo,
1067 618 1299 681 duobus
1357 619 1680 702 trochaeiS,
1744 623 1844 683 cui
1898 629 2088 682 metro
2153 627 2290 700 post
2356 602 2478 681 tres
2526 637 2735 684 voesus
2781 619 3018 681 additur

403 731 591 789 semis
643 726 866 788 heroici
924 744 1152 788 versus
1233 727 1347 787 hoc
1402 735 1594 788 metro
1641 736 1884 789 sanctus
1937 729 2183 788 antistes
2228 726 2513 788 Paulinus
2574 735 2805 788 sextum
2863 726 3022 787 beati

404 834 625 895 Felicis
669 835 1029 895 confessoris
1075 833 1294 896 librum
1341 837 1708 917 composuit,
1754 836 1928 897 cuius
1974 836 2333 914 principium
2383 843 2475 895 est

825 943 1055 1002 iamne
1104 941 1257 1002 abis
1304 948 1375 1002 et
1420 960 1549 1002 nos
1594 959 1997 1021 properans
2043 941 2431 1022 relinquiS,

343 1067 372 1105 5
650 1108 676 1131 ,
829 1065 1007 1127 quos
1056 1058 1290 1110 tamen
1338 1049 1486 1110 sola
1533 1051 1833 1129 regione
1880 1048 2190 1129 linquiS,

827 1173 1116 1235 semper
1163 1154 1418 1216 adnixa
1467 1157 1622 1216 sine
1670 1155 1820 1217 fine
1869 1165 2104 1217 tecum

1021 1269 1261 1323 mente
1311 1261 1623 1324 futurus

397 1378 461 1430 et
512 1368 683 1448 paulo
727 1377 863 1449 post
909 1368 1052 1429 dicit
1876 1430 1880 1434 ⁴

826 1477 1019 1536 sicut
1063 1475 1389 1555 Aegypto
1435 1485 1793 1556 pereunte
1843 1476 2206 1556 quondam

315 1604 368 1642 10
827 1584 1063 1643 noctis
1111 1591 1182 1644 et
1227 1582 1489 1644 densae
1538 1582 1870 1646 tenebris
1916 1591 2200 1665 operta,
2254 1583 2265 1592 '
2319 1595 2327 1603 ·

825 1706 960 1768 qua
1006 1689 1120 1751 dei
1166 1691 1320 1749 vivi
1366 1708 1571 1751 sacra
1616 1709 1798 1771 gens
1847 1689 2126 1772 agebat,

1018 1796 1310 1857 luxerat
1355 1797 1550 1880 orbi,

826 1922 1006 1982 quae
1054 1902 1257 1965 modo
1303 1905 1376 1963 in
1424 1910 1579 1964 toto
1626 1907 1919 1985 species
1964 1902 2325 1985 probatur

827 2009 1029 2091 orbe,
1076 2027 1233 2071 cum
1280 2017 1583 2070 sanctae
1630 2013 1743 2090 pia
1790 2029 1955 2092 pars
2003 2011 2182 2072 fidei

320 2139 374 2177 15
831 2116 1108 2197 fulgeat
1154 2115 1485 2198 Christe,
1532 2117 1866 2198 reliquos
1914 2115 2243 2190 tenebris

1025 2223 1288 2286 obruat
1335 2243 1576 2306 error3

827 2334 933 2392 sic
980 2349 1130 2391 meo
1179 2349 1318 2410 qua
1364 2350 1440 2392 se
1490 2332 1680 2393 feret
1724 2339 1931 2394 actus
1979 2351 2102 2393 ora

832 2448 1092 2500 cuncta
1139 2439 1428 2499 nicetae
1473 2439 1806 2501 dominus
1853 2439 2236 2520 secundet,

832 2545 1061 2605 donec
1109 2551 1424 2624 optatam
1469 2548 1771 2626 patriam
1819 2546 2125 2608 vehatur

321 2672 375 2711 20
1025 2651 1265 2712 laetus
1312 2650 1391 2712 ad
1439 2651 1705 2713 urbem.

829 2771 947 2838 DE
994 2771 1297 2840 METRO
1345 2771 1941 2838 TETRAMETRO
1989 2769 2590 2838 GATALECTICO

607 2881 858 2972 Meti-um
923 2883 1276 2965 dactylicum
1346 2892 1759 2947 tetrametrum
1826 2884 2236 2947 catalecticum
2303 2894 2534 2946 constat
2599 2904 2673 2946 ex
2737 2885 3022 2966 spondeo,

408 2987 667 3070 dactylo,
720 2991 1030 3075 catalecto,
1085 2993 1343 3074 dactylo,
1399 2992 1679 3072 spondeo.
1756 3010 1877 3072 qno
1923 3009 2070 3053 usus
2117 3000 2209 3053 est
2263 2999 2505 3053 sanctus
2551 2989 2899 3052 Ambrosius
2961 2993 3020 3051 in

410 3097 748 3175 precatione
796 3098 1052 3181 pluviae,
1099 3101 1272 3161 cuius
1319 3099 1629 3161 exordium
1675 3099 1788 3160 hoc
1837 3108 1949 3181 est,

329 3222 380 3263 25
836 3206 1173 3286 squalent
1203 3213 1382 3267 ⁴arva
1427 3207 1566 3268 soli
1612 3208 1914 3289 pulvere
1963 3206 2211 3287 multo,

835 3312 1057 3393 pallet
1104 3315 1347 3374 siccus
1392 3331 1589 3396 ager,
1637 3322 1834 3375 terra
1881 3314 2206 3393 fatescit,

836 3419 1084 3481 nullus
1128 3422 1322 3480 roris
1367 3419 1623 3502 honoS,
1670 3418 1866 3481 nulla
1912 3427 2281 3500 venustas,

838 3528 1114 3606 quando
1163 3526 1358 3588 nulla
1402 3529 1591 3588 viret
1636 3529 1868 3607 gratia
1915 3527 2207 3608 florum,

837 3633 1058 3694 tellus
1105 3633 1278 3695 dura
1325 3635 1487 3695 sitit
1534 3636 1777 3695 nescia
1824 3636 2044 3717 roris,

332 3758 385 3798 so
834 3740 996 3802 fons
1041 3743 1175 3801 iam
1223 3742 1461 3801 nescit
1506 3757 1751 3822 aquas,
1797 3740 2096 3802 flumina
2142 3759 2420 3802 cursus,

413 3847 584 3907 cuius
630 3845 762 3907 finis
806 3846 934 3929 hic,

836 3956 971 4015 iam
1018 3948 1260 4015 caelos
1308 3970 1597 4014 reseres
1644 3971 1953 4033 arvaque
2000 3954 2198 4015 laxes

837 4061 1150 4124 fecundo
1197 4059 1525 4141 placidus
1571 4058 1798 4120 imbre
1847 4078 2196 4140 rogamus,

593 4197 620 4244 1
662 4190 885 4259 dactylo
926 4191 984 4245 et
1020 4188 1239 4244 duobus
1280 4188 1334 4241 L
1460 4189 1593 4257 post.
1623 4188 1741 4242 tres
1777 4204 2033 4243 reuersus
2070 4188 2178 4244 hoo
2220 4188 2400 4243 metro
2438 4194 2546 4242 §effi
2586 4189 2822 4243 antistes
2862 4187 2924 4241 F

424 4270 649 4326 additur
681 4269 848 4325 semis
882 4266 1094 4325 heroici
1130 4284 1321 4323 uersus
1361 4266 1466 4325 sP
1499 4282 1660 4321 coma
1696 4269 1854 4335 (corr.
1892 4284 2114 4323 comma.
2149 4269 2191 4338 l)
2235 4266 2521 4323 heroicum
2561 4268 2917 4339 subiungitur
2954 4270 3025 4327 L.

415 4349 537 4405 finis
574 4351 676 4419 (vel
710 4351 884 4419 tome)
928 4348 1142 4405 heroici
1167 4365 1357 4405 versus
1388 4349 1655 4404 Mallium
1673 4365 1737 4418 p.
1767 4353 1894 4415 591,
1921 4353 1997 4405 12
2025 4350 2307 4420 scripsisse
2333 4349 2550 4404 conieci.
2588 4349 2681 4403 sed
2716 4350 2833 4403 eius
2858 4350 3027 4419 scrip-

417 4435 595 4486 turam
632 4435 949 4500 corruptam
985 4429 1181 4484 habuit
1216 4427 1377 4484 Beda
1530 4435 1562 4483 2
1601 4427 1839 4484 antestis
1878 4427 1934 4482 P
2077 4431 2268 4486 sextus
2305 4429 2367 4485 F
2522 4435 2557 4484 4
2594 4430 2653 4484 et
2686 4429 2916 4484 deletum
2951 4434 3028 4484 est

417 4512 479 4567 in
513 4512 566 4566 L
724 4519 757 4566 6
796 4510 1001 4565 adnixa.
1029 4509 1150 4563 LP
1179 4508 1404 4565 admixa.
1442 4506 1503 4563 F
1534 4508 1733 4564 adnisa
1770 4522 1804 4566 ς
1959 4511 2150 4564 tecum
2187 4508 2240 4562 L
2278 4512 2337 4565 et
2371 4511 2435 4565 tu
2473 4508 2599 4563 FP
2736 4513 2769 4563 9
2807 4509 3026 4579 prenite

419 4607 551 4647 corr.
587 4591 856 4662 pereunte
895 4588 959 4643 F
1117 4595 1183 4643 10
1237 4589 1476 4647 demsae
1516 4588 1579 4643 F
1738 4595 1802 4643 11
1853 4588 2061 4660 agebat
2097 4588 2222 4644 FP
2257 4590 2504 4645 habebat
2547 4594 2598 4643 et
2642 4590 2706 4643 in
2739 4604 2913 4659 mary.
2950 4590 3025 4646 al.

419 4671 621 4741 agebat
655 4670 710 4724 L
871 4674 941 4723 14
978 4668 1100 4724 orbi
1138 4668 1193 4721 P
1342 4676 1407 4724 17
1442 4670 1587 4726 hora.
1623 4668 1677 4722 L
1825 4674 1890 4724 18
1929 4670 2131 4724 cuncta
2166 4668 2385 4725 nicetae
2425 4668 2482 4722 P
2515 4670 2717 4724 cuncta
2752 4669 2937 4725 nicei-e
2974 4669 3028 4723 L

420 4753 585 4807 cunta
617 4749 838 4806 nicetae
869 4744 939 4803 ‘F
980 4749 1183 4804 cuncta.
1229 4749 1346 4804 tete
1394 4765 1426 4808 ς
1610 4754 1676 4803 19
1724 4751 1980 4819 optatam
2025 4747 2270 4819 patriam
2308 4747 2427 4802 LP
2456 4750 2651 4818 optato
2687 4748 2929 4818 patriam
2970 4749 3034 4804 F

420 4832 611 4901 optato
646 4829 834 4901 patria
869 4844 904 4887 ς
1012 4833 1080 4883 22
1120 4844 1188 4883 ex
1225 4828 1471 4897 spondeo
1500 4831 1559 4885 et
1595 4828 1820 4898 dactylo
1858 4829 1915 4883 P
2016 4836 2085 4885 24
2122 4828 2181 4884 in
2219 4828 2544 4901 peccatione
2578 4828 2642 4883 F
2742 4835 2811 4884 27
2847 4830 3026 4886 honos

418 4912 845 4983 superscriptum
881 4914 959 4967 est
993 4910 1058 4964 in
1093 4907 1155 4961 F
1292 4910 1544 4964 uetustae
1581 4908 1640 4962 P
1773 4914 1842 4963 33
1879 4910 2147 4979 fecunda,
2184 4912 2277 4966 sed
2312 4926 2348 4966 a.
2381 4926 2490 4965 ras.
2534 4910 2593 4964 P
