3613 5528
1386 423 1968 479 ORTHOGRAPHIA
2505 473 2514 484 .
2858 425 2938 488 31
2951 429 2979 488 l

372 535 415 572 p.
441 524 563 565 2³4⁷.
589 525 643 564 48
667 524 718 564 P.

364 611 731 688 praepositio
767 606 1068 669 interdum
1106 607 1276 687 plena
1314 616 1433 689 est,
1479 617 1546 669 ut
1580 608 1886 669 transtulit
1924 617 2181 668 transeo.
2203 613 2595 691 transactum3
2641 611 2703 669 in
2742 609 2984 689 quibus-

374 706 507 768 dam
542 725 582 768 n
620 714 682 767 et
719 725 748 767 s
785 708 1032 786 amittit,
1079 714 1147 766 ut
1194 705 1452 766 traducit
1495 708 1709 767 traicit.
1783 703 2008 766 Tabula
2046 714 2107 766 et
2151 705 2346 767 fabula
2392 725 2501 786 per
2538 706 2576 767 b
2622 708 2984 770 scribuntur.

356 803 590 866 Testor
648 803 869 884 aliquid
940 803 1297 884 confirmans
1357 806 1679 885 sententia,
1749 812 2056 864 contestor
2086 822 2251 865 acum
2313 803 2565 884 quadam
2633 809 2983 888 auctoritate

370 902 688 983 affirmanS,
733 910 1035 983 protestor
1081 901 1393 962 manifeste
1441 901 1696 962 cavenda
1744 903 2129 982 denuntians,
2177 900 2446 980 obtestor
2482 901 2744 981 aliquem·
2784 906 3000 966 iurare-

317 1018 344 1057 5
372 999 760 1083 compellem,
805 1007 1057 1062 attestor
1101 999 1356 1079 aliquem
1403 1000 1473 1060 ad
1525 1001 1929 1061 testimonium
1979 1018 2237 1081 vocam,
2275 1002 2376 1080 qni
2440 1002 2518 1062 sit
2562 999 2844 1081 dignitate
2895 1002 2985 1063 vel

373 1101 724 1159 auctoritate
787 1099 1085 1178 eminenS,
1155 1098 1421 1160 detestor
1481 1096 1703 1177 aliquid
1765 1097 2164 1161 execrandum
2223 1116 2531 1177 respuens.
2633 1097 2987 1179 Triumphat

372 1195 601 1257 hostem
650 1199 753 1276 qui
799 1203 1069 1277 superat,
1123 1196 1450 1277 triumphat
1495 1214 1604 1256 nos
1663 1195 1838 1278 deus,
1895 1215 2033 1257 cum
2079 1195 2398 1276 superandi
2453 1195 2657 1258 hostes
2702 1198 2985 1259 auxilium

364 1294 595 1366 tribuit.
704 1294 1088 1373 Transmigro
1145 1294 1392 1354 verbum
1448 1293 1743 1373 duplicem
1800 1294 2288 1373 significationem
2343 1293 2537 1355 habet.
2628 1299 2986 1378 transmigro

370 1395 555 1474 enim,
601 1411 738 1455 cum
777 1392 851 1454 de
889 1392 1019 1453 loco
1057 1391 1126 1453 ad
1176 1391 1373 1453 locum
1410 1393 1525 1453 iter
1562 1392 1739 1452 facio:
1786 1392 1931 1451 item
1978 1393 2334 1471 transmigro
2371 1390 2593 1452 dicitur
2638 1411 2775 1454 cum
2823 1394 2981 1455 addi-

292 1504 343 1545 10
370 1498 633 1552 tamento
672 1491 989 1552 accusativi
1037 1507 1239 1570 casus,
1286 1489 1344 1550 id
1391 1497 1484 1550 est
1529 1506 1666 1549 cum
1712 1488 1970 1567 aliquem
2017 1489 2090 1550 de
2138 1489 2268 1551 loco
2306 1489 2378 1549 ad
2425 1489 2621 1574 locum
2669 1493 2983 1574 transfere,

370 1596 437 1649 ut
496 1583 1197 1650 ‘Nabuchodonosor
1264 1590 1812 1667 transmigravit
1874 1585 2177 1649 ludaeos
2243 1587 2324 1648 ab
2388 1579 2844 1650 Hierusalem
2910 1592 2980 1651 in

367 1681 878 1766 Babyloniam'.
952 1689 1383 1766 transmigrans
1439 1687 1820 1766 participium
1875 1704 2064 1765 aeque
2120 1686 2436 1767 dupliciter
2483 1694 2544 1747 et
2599 1686 2672 1746 de
2731 1686 2859 1748 loco
2909 1686 2978 1748 ad

369 1784 563 1845 locum
613 1786 908 1845 transiens
956 1783 1168 1863 aliquis
1215 1793 1277 1845 et
1321 1785 1502 1845 alium
1541 1784 1613 1844 de
1661 1784 1791 1845 loco
1831 1782 1905 1844 ad
1951 1784 2147 1845 locum
2197 1785 2562 1845 transferens
2599 1783 2981 1865 intellegitur.

369 1880 539 1942 Tunc
586 1884 873 1962 temporis
918 1882 1263 1944 adverbium
1303 1891 1421 1965 est,
1470 1891 1595 1943 tum
1634 1881 1876 1942 ordinis,
1956 1881 2148 1961 Terga
2194 1882 2501 1943 hominum
2549 1891 2690 1943 sunt
2736 1890 2985 1965 tantum,
3056 1947 3060 1951 ,

293 1994 342 2034 1⁵
370 1978 748 2058 singulariter
805 1986 1066 2062 tergum3
1124 1988 1329 2060 tergus
1384 1979 1865 2061 quadrupedum,
1918 1979 2227 2059 pluraliter
2285 1980 2427 2040 facit
2473 1986 2737 2060 tergora,
2782 1978 2841 2040 id
2891 1989 2983 2043 est

369 2079 546 2138 coria.
633 2077 767 2138 ideo
822 2080 883 2137 in
938 2077 1208 2158 exemplo
1264 2076 1423 2157 quod
1478 2079 1898 2155 grammaticus
1953 2079 2152 2156 posuit
2206 2078 2415 2137 vitiosa
2469 2079 2817 2156 compositio
2873 2085 2982 2158 est,

269 2165 279 2174 ’
370 2167 590 2256 (Vera.
636 2177 787 2235 Aen.
849 2175 1043 2235 VIIII
1087 2169 1252 2260 609)
1300 2169 1539 2235 ‘versa
1584 2176 1966 2238 iuvencum
2010 2174 2237 2253 Terga
2286 2174 2672 2252 fatigamus
2727 2171 2982 2257 hasta',

370 2275 505 2351 qnia
535 2271 696 2351 quod
724 2269 1030 2336 hominum
1058 2275 1174 2336 fuit
1203 2272 1553 2334 animalibus
1581 2274 1893 2355 imposuit,
1933 2281 1994 2334 et
2023 2281 2115 2333 est
2142 2271 2620 2352 cacosyntheton.
2682 2273 2981 2354 Tinguere

368 2368 685 2431 dicendum
742 2379 860 2452 est,
916 2390 1036 2434 non
1090 2375 1338 2452 tingere.
1440 2370 1771 2431 Temeritas
1826 2373 1955 2431 sine
2012 2370 2260 2432 consilio
2271 2418 2289 2451 ,
2359 2369 2598 2431 audacia
2654 2379 2791 2450 post
2843 2390 2981 2433 con-

289 2481 341 2521 20
368 2466 584 2528 silium.
696 2467 1113 2548 Temperantia
1173 2471 1533 2550 animorum,
1603 2471 1954 2548 temperatio
2015 2487 2246 2550 rerum,
2304 2470 2625 2548 temperies
2686 2488 2981 2531 aurarum.

367 2565 597 2646 Turbo,
635 2567 687 2627 si
724 2568 803 2628 sit
838 2570 1174 2649 proprium,
1220 2567 1520 2630 Turbonis
1559 2568 1726 2648 facit,
1772 2566 2304 2648 si.appellativum,
2343 2565 2616 2627 turbinis.
2691 2585 2826 2627 nam
2861 2570 2982 2628 sive

367 2670 606 2744 ventuS,
628 2656 637 2746 Ι
663 2665 786 2725 sive
825 2684 942 2744 quo
980 2664 1194 2727 ludunt
1230 2668 1431 2747 pueri,
1467 2665 1565 2726 hic
1604 2664 1780 2727 turbo
1822 2666 2069 2729 dicitur:
2105 2664 2398 2745 Vergilius
2437 2656 2616 2747 (Aen.
2660 2665 2785 2725 VII
2819 2659 2985 2749 378)

368 2754 597 2823 ‘torto
654 2760 785 2824 sub
844 2762 1149 2825 verbere
1206 2759 1470 2827 turbo'.
1560 2763 1914 2845 Teloneum,
1962 2783 2081 2826 non
2129 2763 2498 2846 theloneum,
2553 2760 2611 2823 id
2660 2771 2752 2824 est
2805 2782 2914 2843 per
2960 2774 2984 2825 t

374 2861 729 2943 simplicem,
774 2879 896 2927 non
942 2863 1301 2941 aspiratione
1345 2862 1555 2925 addita.
1631 2872 1723 2924 est
1768 2871 1967 2924 autem
2014 2862 2174 2925 telon
2221 2862 2401 2923 latine
2449 2860 2711 2941 vectigal.
2785 2860 2982 2922 Traho

291 2970 342 3011 25
368 2959 516 3019 veho
573 2962 632 3020 in
688 2962 1012 3040 praeterito
1069 2962 1489 3040 aspirationem
1534 2963 1596 3022 in
1643 2980 1681 3021 x
1728 2960 2110 3042 convertunt,
2163 2970 2233 3022 ut
2278 2961 2429 3021 traxi
2475 2961 2621 3019 vexi.
2690 2959 2799 3019 alia
2845 2978 2980 3039 pro-

368 3058 556 3118 iciunt
593 3048 1043 3138 aspirationem:
1079 3057 1333 3119 dicimus
1371 3061 1530 3120 enim
1567 3058 1873 3139 prehendo
1909 3067 1970 3119 et
2004 3057 2252 3138 prendo,
2288 3057 2607 3118 vehemens
2636 3065 2697 3118 et
2725 3074 2980 3139 vemenS,

368 3154 514 3215 nihil
559 3155 644 3216 nil
690 3165 751 3217 et
796 3155 989 3237 nihili,
1036 3156 1279 3219 hercule
1327 3165 1388 3217 et
1433 3156 1661 3239 hercle,
1708 3156 1867 3236 quod
1916 3165 2006 3217 est
2053 3155 2398 3217 adverbium
2444 3153 2694 3215 iurandi:

545 3252 757 3337 Vinea,
812 3257 865 3316 si
912 3253 1185 3317 arborem
1234 3256 1552 3338 significat,
1606 3258 1668 3316 in
1724 3257 1914 3335 prima
1961 3253 2178 3335 syllaba
2234 3256 2254 3315 i
2310 3252 2487 3314 debet
2531 3252 2756 3313 habere
2806 3260 2866 3315 et
2920 3255 2980 3314 in

367 3350 626 3414 secunda
683 3370 745 3433 e;
809 3354 862 3413 si
924 3352 995 3413 ad
1060 3352 1488 3432 indulgentiam
1557 3355 1845 3435 pertinet,
1913 3355 2103 3433 prima
2158 3350 2381 3432 syllaba
2434 3371 2466 3412 e
2522 3360 2582 3412 et
2647 3351 2908 3412 secunda
2963 3352 2984 3411 i

289 3460 343 3500 ³⁰
368 3448 605 3523 habeat,
663 3458 732 3511 ut
791 3457 885 3511 est
945 3452 1129 3511 venia.
1234 3450 1456 3531 Vrgere
1520 3453 1805 3514 debemus
1867 3451 2096 3532 dicere,
2154 3470 2273 3512 non
2334 3468 2622 3530 urguere:
2685 3449 2979 3530 Vergilius

368 3540 545 3632 (Aen.
582 3548 671 3608 VI
692 3540 853 3632 561)
883 3543 1269 3628 ‘urgentur
1305 3546 1610 3632 poenis',
1645 3553 1787 3612 item
1830 3542 2049 3633 (Vera.
2079 3550 2226 3610 Aen.
2271 3549 2469 3609 VIIII
2495 3541 2658 3632 773)
2690 3543 2982 3627 ‘urgere

368 3632 507 3705 tela
554 3641 818 3708 manu'.
891 3644 1136 3728 VaccaS,
1184 3649 1234 3707 si
1271 3648 1539 3709 animalia
1580 3649 1940 3729 significant,
1985 3666 2094 3728 per
2131 3667 2193 3728 νς
2240 3648 2292 3707 si
2337 3647 2514 3707 flores
2563 3646 2740 3727 lauri,
2786 3645 2844 3706 id
2890 3653 2982 3707 est

367 3741 604 3825 haccaS,
632 3762 758 3825 ‚per
802 3743 841 3805 b
888 3743 1201 3806 scribatur.
1293 3743 1469 3806 Vallis
1516 3753 1578 3807 et
1620 3744 1837 3806 vallum
1883 3763 1992 3825 per
2038 3763 2072 3802 v
2119 3737 2500 3805 scribendum
2548 3753 2664 3819 est,
2719 3743 2981 3805 ballistra

369 3849 429 3901 et
473 3840 704 3903 ballena
749 3860 859 3921 per
903 3840 960 3902 b.
1050 3840 1251 3923 Valva,
1308 3844 1465 3922 quod
1515 3851 1607 3905 est
1665 3844 1913 3924 ostium,
1969 3860 2077 3923 per
2122 3862 2184 3925 v;
2237 3842 2435 3924 balba,
2492 3841 2707 3902 mobile
2763 3860 2980 3903 nomen

292 3948 342 3988 3⁵
367 3937 576 4001 balbus
613 3938 783 4000 balba
821 3938 1087 4014 balbum,
1126 3940 1286 4019 quod
1324 3951 1416 4003 est
1453 3940 1812 4020 tardiloqua,
1849 3959 1958 4021 per
1985 3938 2024 4000 b
2064 3938 2363 4021 scribitur.
2420 3937 2598 4000 Valde
2638 3939 2978 4000 adverbium

368 4055 400 4096 a
443 4037 633 4098 valido
680 4039 919 4099 nomine
967 4039 1238 4120 venienS,
1293 4036 1452 4100 unde
1506 4037 1672 4099 valde
1727 4046 2011 4119 corrupte
2057 4036 2300 4119 dicitur,
2349 4055 2459 4117 per
2504 4057 2539 4095 v
2599 4036 2979 4099 scribendum
3047 4080 3051 4084 Α

543 4257 579 4305 4
621 4250 925 4308 manifesta.
959 4252 1037 4307 M
1172 4260 1205 4308 6
1252 4253 1502 4308 detestor
1537 4253 1783 4322 aliquem
1821 4269 1860 4322 Ρ
1969 4258 1999 4308 ’1
2039 4251 2339 4323 superandi
2374 4253 2564 4308 hostes
2600 4252 2646 4307 S
2680 4252 2980 4323 superandi

381 4328 553 4385 hostis
590 4330 666 4384 M
695 4332 993 4402 superandi
1027 4333 1252 4389 hostem
1279 4351 1324 4403 Ρ
1471 4338 1539 4388 15
1575 4333 1870 4402 pluraliter
1897 4332 1975 4387 M
2002 4332 2279 4403 pluralem
2316 4331 2383 4401 S,
2422 4348 2523 4387 om.
2551 4350 2598 4402 Ρ
2735 4338 2801 4388 17
2850 4332 2978 4387 Ver·

373 4410 493 4477 yssii
538 4427 750 4467 versum
793 4428 900 4482 pro
935 4414 1174 4483 eaeemplo
1211 4413 1575 4484 cacosyntheti
1610 4420 1918 4483 posuerunt
1958 4412 2247 4470 Charisius
2289 4430 2349 4481 Ρ.
2389 4416 2531 4479 271,
2568 4416 2646 4469 24
2692 4412 2981 4468 Diomedes

371 4505 427 4556 Ρ.
461 4493 594 4559 451,
630 4497 704 4547 19
744 4491 1008 4549 Sacerdos
1034 4510 1098 4562 Ρ.
1135 4496 1261 4560 454,
1299 4498 1375 4548 18
1415 4492 1709 4562 Pompeius
1736 4512 1797 4564 Ρ.
1839 4499 1971 4561 295,
2008 4498 2044 4549 4
2204 4498 2270 4547 18
2305 4491 2523 4561 tingere
2561 4491 2855 4547 dicendum
2896 4495 2982 4547 est

377 4585 482 4624 non
514 4570 771 4640 tinguere
798 4589 845 4642 Ρ
951 4579 1016 4627 21
1057 4589 1188 4628 nam
1217 4571 1337 4627 siue
1365 4573 1499 4642 ΡΜ
1525 4590 1655 4628 nam
1694 4574 1842 4629 sicut
1877 4574 1922 4629 S
1949 4612 1960 4623 .
2028 4580 2097 4628 24
2133 4574 2222 4628 est
2257 4575 2448 4627 autem
2483 4588 2682 4642 graece
2717 4572 2873 4626 telon
2911 4571 2987 4625 Μ

476 4655 543 4704 27
580 4651 807 4707 hercule
844 4653 904 4707 et
937 4652 1126 4707 hercle
1158 4650 1286 4720 ΡΜ
1316 4654 1375 4705 et
1408 4651 1605 4707 horule
1643 4654 1702 4707 et
1738 4654 1885 4709 ercle
1923 4653 1970 4709 S
2092 4660 2161 4708 28
2198 4652 2424 4707 niueam
2461 4651 2507 4707 S
2634 4657 2704 4705 30
2741 4669 2977 4721 urguere
3056 4648 3061 4653 ’

381 4729 529 4798 (corr.
557 4733 778 4802 urgere)
807 4731 1071 4787 debemus
1098 4731 1281 4787 dicere
1309 4747 1423 4807 non
1448 4748 1646 4801 urgere
1675 4734 2158 4803 uerg.‚urgueni:nr
2186 4736 2345 4803 (corr.
2365 4732 2654 4802 urgentur)
2683 4732 2879 4801 poenis
2908 4734 2983 4786 M

479 4816 541 4864 31
587 4811 726 4865 item
768 4841 833 4851 —-
880 4827 1051 4866 manu
1096 4826 1196 4867 om.
1234 4828 1306 4881 Ρ,
1352 4810 1479 4866 aad.
1527 4811 1657 4885 SM
1790 4830 1991 4884 urgere
2035 4811 2082 4867 S
2124 4830 2362 4883 urguere
2409 4812 2485 4879 M
2620 4818 2688 4866 33
2737 4812 2975 4884 vallum]

382 4886 604 4944 uallium
638 4889 685 4945 S
810 4891 1040 4947 ballista
1067 4908 1112 4960 Ρ
