3613 5528
615 421 746 490 390
1732 422 2081 483 DOSITHEI

613 526 917 598 amun
1693 544 1697 548 ·

611 609 871 694 Tiberis,
945 612 1365 693 communiter,
1436 619 1503 672 ut
1575 614 1780 674 civitas
1843 613 2081 675 flumen.
2192 631 2408 674 nomen
2481 613 2725 699 dicitur,
2797 613 2954 694 quod
3031 633 3207 676 unam

610 736 905 799 quamque
962 736 1090 779 rem
1146 727 1336 800 notat,
1396 720 1566 798 quasi
1620 728 1899 782 notamen
1954 719 2181 782 sublata
2235 720 2425 783 media
2473 721 2689 803 syllaba
2736 741 2844 803 per
2889 741 3207 805 syncopen,

608 824 701 886 vel
748 845 780 887 a
825 843 1033 906 graeca
1082 829 1309 907 origine
1368 816 1547 907 παρὰ
1590 818 1665 890 τὸ
1714 818 1946 909 ὄνομα.
2038 837 2176 890 nota
2232 839 2427 891 tamen
2482 832 2719 891 nomina
2775 849 2924 910 quae
2981 834 3205 912 specia-

609 931 745 994 liter
799 936 1159 1015 proprieque
1206 933 1513 1016 dicuntur,
1588 937 1730 997 item
1794 953 1945 1014 quae
2011 938 2184 997 unica
2249 944 2310 998 et
2371 936 2493 998 sola
2559 945 2729 1019 sunt,
2792 936 3067 1020 deorum,
3139 947 3208 999 ut

608 1039 900 1124 Iuppiter,
963 1041 1295 1124 hominum,
1358 1050 1427 1103 ut
1491 1041 1805 1125 Romulus,
1872 1041 2138 1124 urbium,
2205 1054 2274 1105 ut
2336 1043 2548 1128 Roma,
2610 1046 3073 1128 provinciarum,
3136 1054 3205 1107 ut
3258 1056 3285 1097 ⁶

607 1147 828 1232 Africa,
874 1149 1228 1232 insularum,
1274 1158 1343 1211 ut
1379 1149 1605 1232 Sicilia,
1650 1152 1970 1232 montium,
2006 1157 2075 1211 ut
2101 1152 2447 1231 Apenninus
2473 1151 2838 1234 Pyrenaeae,
2872 1151 3201 1234 fluminum,
3343 1131 3348 1140 ⁹

606 1263 676 1315 ut
719 1255 1011 1318 Pactolus,
1102 1258 1481 1337 propriorum
1527 1258 1836 1318 nominum
1883 1256 1990 1318 alia
2037 1266 2175 1318 sunt
2222 1260 2631 1342 praenomina,
2677 1278 2826 1340 quae
2867 1257 3204 1320 nominibus

605 1361 922 1440 gentiliciis
966 1372 1442 1444 praeponuntur,
1488 1372 1555 1424 ut
1600 1363 1833 1425 Marcus
1879 1362 2151 1446 Publius3
2199 1364 2307 1426 alia
2347 1367 2357 1442 l
2398 1369 2635 1447 propria
2681 1367 3003 1447 gentilicia,
3052 1385 3202 1446 quae

606 1487 639 1530 a
685 1470 901 1532 familia
947 1478 1007 1531 et
1052 1479 1227 1550 gente
1267 1469 1662 1562 descendunt,
1710 1479 1778 1531 ut
1813 1469 2061 1532 Porcius
2100 1469 2436 1554 Cornelius3
2483 1472 2592 1535 alia
2630 1476 3003 1556 cognomina,
3051 1492 3201 1553 (1333

607 1576 946 1638 nominibus
999 1577 1318 1657 gentiliciis
1375 1576 1844 1660 subiunguntur,
1899 1586 1968 1639 ut
2013 1577 2156 1639 Cato
2204 1578 2431 1660 Scipio:
2487 1581 2836 1643 ordinantur
2891 1583 3052 1643 enim
3096 1582 3202 1664 sic,
3231 1592 3285 1632 10

612 1683 846 1746 Marcus
890 1684 1141 1746 Porcius
1188 1684 1357 1768 Cato,
1403 1684 1650 1747 Publius
1697 1684 2008 1747 Cornelius
2056 1686 2285 1768 Scipio:
2331 1686 2441 1749 alia
2487 1691 2822 1768 agnomina,
2869 1706 3019 1769 quae
3066 1707 3201 1766 cog-

606 1791 945 1854 nominibus
1003 1811 1074 1853 ex
1129 1791 1320 1872 aliqua
1375 1794 1604 1854 ratione
1657 1801 1759 1855 aut
1805 1794 2024 1854 virtute
2071 1793 2394 1876 adduntur,
2452 1803 2519 1857 ut
2573 1797 2884 1858 Africanus
2930 1794 3200 1857 Creticus

603 1908 664 1960 et
699 1899 794 1961 his
840 1899 1067 1962 similia.

780 2006 1139 2087 Appellativa
1195 2008 1432 2067 nomina
1486 2013 1627 2068 sunt
1680 2024 1830 2086 quae
1896 2006 2251 2086 generaliter
2319 2012 2833 2090 communiterque
2898 2009 3197 2071 dicuntur.

602 2114 747 2176 haec
792 2116 854 2176 in
903 2114 1049 2176 duas
1086 2116 1316 2194 species
1353 2113 1712 2177 dividuntur.
1787 2114 1897 2176 alia
1934 2116 2092 2176 enim
2130 2116 2463 2194 significant
2497 2134 2596 2177 res
2633 2116 2999 2199 corporales,
3045 2135 3195 2197 quae
3225 2127 3277 2167 1⁵

557 2295 565 2302 ⁸
603 2221 790 2283 videri
834 2223 1114 2303 tangique
1168 2230 1447 2303 possunt,
1512 2229 1573 2283 et
1618 2240 1650 2282 a
1698 2219 2047 2301 quibusdam
2103 2221 2384 2284 vocabula
2443 2223 2838 2306 appellantur,
2900 2232 2968 2286 ut
3019 2224 3196 2285 homo

779 2395 959 2452 Codex
995 2395 1387 2466 Sanqallemie.
1488 2398 1520 2447 5
1558 2394 1622 2447 ut
1656 2396 1784 2448 ante
1819 2392 2090 2449 Romulus
2131 2411 2228 2450 om.
2402 2402 2435 2449 6
2471 2397 2538 2450 ut
2573 2400 2701 2451 ante
2735 2395 3058 2465 Apenninus
3092 2411 3193 2451 om.

678 2482 710 2531 8
748 2479 812 2531 ut·
846 2480 973 2531 ante
1005 2474 1224 2530 Marcus
1260 2490 1361 2531 om.
1506 2479 1575 2529 10
1610 2475 1675 2529 ut
1710 2478 1837 2529 ante
1873 2473 2013 2529 Cato
2047 2490 2150 2530 om.
2296 2480 2359 2529 11
2399 2474 2719 2546 agnomina]
2757 2475 3089 2547 cognomina.

774 2642 806 2691 3
844 2636 1072 2691 nomina.
1126 2636 1225 2690 aut
1276 2634 1503 2705 propria
1558 2636 1690 2690 sunt
1742 2636 1842 2689 aut.
1895 2633 2265 2704 appellativa:
2320 2636 2550 2706 propria
2603 2639 2730 2692 sunt
2775 2635 3003 2692 nomina
3049 2653 3195 2707 quae

597 2717 919 2789 specialiter
954 2722 1047 2773 etc.
1085 2732 1197 2773 exc.
1236 2715 1449 2773 ortaria.
1482 2733 1540 2787 p.
1580 2720 1783 2785 533,11‚

598 2912 689 2995 ῶς
731 2914 808 2984 τό
943 2966 962 3001 ,
1004 2918 1279 3002 κοινῶς,
1327 2910 1416 2994 ῶς
1458 2913 1535 2983 τό
1671 2967 1688 2983 .
1733 2913 1949 3003 ὄνομα
1995 2917 2281 3002 λέγεται,
2328 2912 2430 2984 ὅτι
2477 2918 2552 2983 ἓν
2598 2917 2877 2985 ἕκαστον
2921 2919 3192 3004 πρᾶγμα

596 3029 935 3111 σημαίνει,
998 3019 1093 3101 ῶς
1150 3025 1688 3109 παρασημείωσις
1749 3020 2173 3112 ἀνῃρημένης
2234 3025 2355 3109 τῆς
2418 3023 2622 3113 μέσης
2684 3027 3019 3110 συλλαβῆς
3077 3022 3190 3091 διὰ

597 3127 971 3217 συγκοπήν,
1016 3124 1058 3215 ἢ
1104 3124 1233 3197 άπὸ
1279 3130 1396 3215 τῆς
1443 3129 1789 3214 ἑλληνικῆς
1834 3126 2038 3217 ἀρχῆς
2073 3155 2107 3193 *
2143 3126 2222 3198 τὰ
2271 3126 2568 3217 ὀνόματα
2612 3126 2775 3217 ἅπερ
2816 3133 3044 3210 ίδικῶς
3078 3131 3189 3197 καὶ

592 3241 838 3324 κυρίως
881 3237 1171 3323 λέγεται,
1218 3232 1464 3323 ὁμοίως
1509 3232 1673 3323 ἅπερ
1721 3241 2054 3324 μονογενῆ
2099 3238 2212 3305 καὶ
2255 3234 2433 3324 μόνα
2479 3238 2688 3323 ἐστίν,
2733 3239 2870 3306 τῶν
2915 3239 3102 3305 θεῶν

594 3339 1001 3432 ἀνθρώπων,
1048 3340 1138 3424 ὥς
1180 3342 1256 3411 τό
1391 3393 1411 3428 ,
1456 3344 1718 3411 πόλεων
1897 3347 2232 3432 ἐπαρχιῶν
2407 3343 2636 3431 νήσων
2816 3341 3051 3431 ὀρέων,
3098 3341 3190 3425 ῶς
3241 3360 3270 3400 ⁵

591 3448 668 3519 τό
845 3453 1163 3538 ποταμῶν
1298 3503 1313 3517 .
1358 3451 1493 3518 τῶν
1538 3455 1792 3537 κυρίων
1841 3448 2192 3540 ὀνομάτων
2238 3446 2281 3518 ἃ
2338 3452 2462 3538 μέν
2505 3454 2678 3520 εἰσιν
2724 3455 3187 3539 χρηματισμοί,

594 3554 790 3626 ἅτινα
834 3561 971 3625 τῶν
1018 3555 1372 3644 ὀνομάτων
1416 3559 1552 3625 τῶν
1599 3560 1893 3626 ἐθνικῶν
1950 3556 2417 3646 προτάσσεται,
2476 3555 2566 3638 ῶς
2698 3609 2716 3626 .
2768 3554 2935 3625 ἄλλα
2987 3557 3188 3645 κύρια

593 3664 862 3749 εἶθ-νικά,
914 3661 1111 3732 ἅτινα
1164 3661 1293 3732 ἀπὸ
1349 3668 1470 3733 τοῦ
1526 3666 1766 3751 γένους
1823 3672 1833 3748 Ι
1890 3665 2002 3733 καὶ
2055 3669 2178 3734 τοῦ
2224 3671 2473 3744 ἔθνους
2525 3663 2822 3733 κάτεισιν
2957 3716 2975 3733 .
3022 3661 3064 3732 ἃ
3111 3663 3187 3733 δὲ

592 3770 988 3859 συνώνυμα,
1045 3766 1087 3838 ἃ
1130 3784 1270 3850 τοῖς
1316 3768 1645 3859 ὀνόμασιν
1689 3785 1830 3852 τοῖς
1889 3773 2186 3851 ἐθνικοῖς
2238 3768 2709 3856 ὑποτάσσεται,
2775 3768 2863 3851 ῶς
2906 3770 2984 3839 τό
3163 3822 3185 3858 ,

591 3876 1027 3947 συντάσσεται
1072 3876 1199 3966 γὰρ
1248 3875 1459 3959 οὕτως
1593 3932 1606 3946 .
1653 3873 1695 3945 ἃ
1756 3877 1831 3946 δὲ
1885 3876 2286 3968 παρῶνυμα,
2340 3873 2382 3945 ἃ
2439 3892 2579 3958 τοῖς
2632 3878 3058 3966 σννωνύμοις
3112 3883 3184 3947 ἔκ
3213 3894 3266 3933 1⁰

588 4011 771 4066 τινος
814 3988 1141 4073 λογισμοῦ
1182 3980 1224 4072 ἢ
1271 3981 1508 4073 ἀρετῆς
1551 3984 2038 4073 προσβάλλεται
2168 4039 2186 4073 ,
2231 3986 2344 4053 καὶ
2387 3983 2467 4054 τὰ
2511 3984 2774 4067 τούτοις
2820 3982 3038 4073 ὅμοια.

766 4089 1238 4181 Προσηγορικᾶ
1295 4090 1592 4181 ὀνόματά
1648 4096 1821 4160 εἰσιν
1877 4088 2073 4161 ἅτινα
2126 4095 2405 4179 γενικῶς
2454 4093 2565 4161 καὶ
2619 4095 2864 4173 κοινῶς
2908 4094 3184 4179 λέγεται.

587 4204 793 4270 ταῦτα
836 4204 933 4281 εἰς
978 4198 1104 4268 δύο
1149 4204 1298 4287 εἴδη
1346 4203 1715 4286 διαιρεῖται.
1805 4194 1849 4266 ἃ
1894 4198 2015 4286 μὲν
2061 4197 2188 4286 γὰρ
2227 4198 2449 4267 αὐτῶν
2488 4204 2796 4288 σημαίνει
2830 4198 3183 4288 πράγματα

587 4305 963 4397 ἐνσώματα,
1010 4305 1202 4377 ἅτινα
1244 4308 1355 4376 καὶ
1402 4312 1575 4377 ἰδεῖν
1618 4308 1728 4375 καὶ
1776 4296 1874 4374 ῶν
1908 4304 2214 4388 ἅψασθαι
2252 4305 2568 4394 δυνατόν,
2610 4308 2724 4376 καὶ
2759 4306 2937 4395 παρά
2973 4335 3181 4377 τινων

586 4414 954 4503 ἐπικλήσεις
988 4408 1622 4504 προσαγορεύονται,
1660 4410 1751 4494 ῶς
1783 4410 1860 4481 τὸ
1899 4412 2261 4502 ἅνθρωπος
2298 4415 2587 4504 δένδρον
2622 4413 2947 4504 βόσκημα,
2984 4412 3181 4484 ἅτινα
3211 4429 3263 4469 1⁵

764 4601 791 4649 1
825 4611 1214 4650 οτιενεκαστον
1240 4612 1471 4664 πραγμα
1498 4593 1582 4649 bis
1606 4592 1872 4662 scriptum
2015 4600 2046 4649 2
2085 4612 2481 4673 αηρηγμηνης
2623 4600 2656 4649 3
2691 4587 2728 4664 ἦ
2765 4610 2867 4651 om.
3010 4588 3180 4665 άρχες

584 4676 777 4745 (corr.·
796 4678 884 4747 ης)
919 4695 1076 4745 παρα
1112 4695 1175 4730 το
1213 4694 1408 4746 ονομα.
1479 4675 1617 4729 noba
1659 4674 1867 4728 tamen.
1946 4676 2047 4729 TO
2059 4674 2387 4730 YNOTAT.
2462 4672 2722 4729 Nomina.
2803 4694 2874 4729 τα
2927 4692 3180 4745 ονοματα

656 4760 692 4808 4
728 4762 912 4824 απερόἱ
952 4775 1227 4827 μονογενη
1372 4761 1404 4810 6
1443 4770 1765 4825 αμενεισειν
1907 4761 1941 4810 8
1977 4775 2074 4809 και
2112 4774 2211 4809 του
2250 4757 2531 4817 εθνικωυς
2568 4754 2911 4810 descendunt
2945 4773 3180 4810 κατυσιν

657 4840 690 4888 9
726 4854 764 4888 α
800 4854 930 4899 τους
967 4852 1236 4907 ονομασιν
1272 4855 1388 4898 τοις
1425 4838 1693 4899 afflatuve
1847 4840 1913 4889 10
1949 4854 2081 4898 τους
2116 4851 2466 4906 συνονυμους
2628 4841 2694 4889 14
2729 4855 2827 4890 και
2864 4839 3179 4905 ωαψασθαι

659 4920 726 4968 15
763 4919 1045 4984 επικλησις
1077 4933 1553 4987 προσαγορευεται
