3613 5528
605 403 734 469 160
1683 401 2145 460 CASSIODORII

599 516 643 553 p.
672 506 791 545 2291.
820 505 873 545 92
899 505 948 543 P.

601 607 736 650 cum
783 595 835 664 ψ
881 587 1076 650 littera
1133 606 1341 668 graeca
1389 589 1549 651 nullo
1604 588 1779 650 modo
1827 588 2141 650 transferri
2187 590 2462 668 potuerit*
2504 590 2564 650 ln
2612 607 2787 650 usum
2836 599 3104 651 nostrum
3154 598 3214 651 et

600 698 688 777 yis
736 698 865 757 eius
910 714 1021 776 per
1064 715 1104 777 p
1152 703 1212 756 et
1258 715 1287 757 s
1333 695 1560 757 litteras
1598 694 1920 777 scribatur,
1968 697 2370 756 necessarium
2409 704 2501 756 est
2546 704 2639 778 ut,
2688 696 2791 758 ubi
2836 704 2887 772 ψ
2933 715 3212 777 graecum

599 810 795 875 sonat,
843 801 997 882 apud
1045 821 1155 863 nos
1203 803 1359 883 quod
1407 804 1578 864 vitari
1623 821 1740 864 non
1787 809 1988 882 potest
2040 820 2150 882 per
2203 801 2308 863 has
2372 802 2600 863 litteras
2648 800 2970 886 scribatur,
3014 803 3075 864 id
3121 812 3214 865 est

595 927 705 989 per
749 927 788 989 p
835 917 897 969 et
944 928 998 990 s,
1045 909 1184 970 licet
1229 912 1290 970 in
1340 908 1595 989 obliquis
1642 908 1879 970 casibus
1925 907 1963 969 b
2010 907 2293 991 habeant,
2348 917 2416 971 ut
2462 909 2696 989 caeleps
2741 909 3010 991 caelibiS‚
3066 928 3212 991 urps

596 1014 792 1096 urbis,
840 1017 982 1077 item
1028 1017 1088 1077 in
1137 1015 1265 1077 aliis
1312 1018 1500 1096 ipsam
1548 1017 1872 1096 retineant,
1920 1023 1988 1077 ut
2033 1032 2252 1095 auceps
2298 1018 2562 1096 aucupis,
2635 1016 2795 1077 unde
2850 1024 3095 1097 apparet
3149 1019 3210 1078 in
3266 1033 3294 1075 s

595 1121 689 1183 his
746 1120 981 1184 casibus
1038 1130 1271 1185 mutare
1327 1141 1437 1184 nos
1493 1121 1709 1184 debere
1756 1142 1795 1203 p
1841 1124 1903 1183 in
1950 1121 2018 1204 b,
2073 1123 2134 1182 in
2181 1121 2398 1201 quibus
2442 1121 2490 1204 †
2535 1141 2599 1184 se
2652 1141 2771 1183 non
2818 1121 3024 1184 ambae
3070 1141 3209 1184 con·

596 1236 884 1291 secuntur
938 1232 1290 1309 interposita
1346 1230 1547 1292 vocali.
1631 1230 1782 1292 hanc
1831 1233 2009 1291 etiam
2055 1229 2320 1310 regulam
2367 1233 2642 1310 sequitur
2698 1232 2756 1291 in
2805 1251 2886 1316 φ,
2915 1250 3093 1325 ,quae
3150 1239 3210 1292 et

594 1337 720 1416 ipsa
767 1355 875 1416 per
921 1355 959 1416 p
998 1345 1058 1398 et
1093 1335 1133 1396 h
1180 1344 1438 1418 constat,
1476 1345 1551 1398 ut
1589 1335 1808 1416 Cinyps
1847 1335 2152 1418 CinyphiS,
2202 1336 2358 1416 quod
2407 1339 2469 1397 in
2508 1339 2866 1398 nominativo
2906 1356 3045 1399 casu
3092 1356 3202 1419 per

596 1461 634 1522 p
683 1451 743 1503 et
789 1462 848 1524 s,
895 1445 956 1504 in
1004 1443 1133 1505 aliis
1179 1443 1414 1505 casibus
1459 1462 1568 1524 per
1614 1463 1652 1524 p
1700 1451 1759 1504 et
1804 1441 1842 1502 h
1893 1442 2195 1504 scribitur.

772 1549 1099 1629 Quicquam
1146 1530 1207 1611 in
1255 1551 1448 1612 medio
1495 1568 1604 1630 per
1649 1569 1710 1631 c,
1756 1567 1876 1610 non
1921 1568 2031 1630 per
2078 1548 2115 1609 d
2163 1549 2345 1610 scribi
2403 1548 2596 1611 debet.
2669 1550 2732 1609 in
2778 1551 3207 1629 compositione
3239 1570 3290 1609 ιο

593 1658 769 1749 enim*
788 1655 1141 1737 plerumque
1178 1657 1215 1718 d
1244 1659 1305 1717 in
1335 1676 1368 1718 c
1397 1664 1815 1739 commutatur,
1844 1663 1911 1717 ut
1946 1659 2008 1717 in
2051 1653 2608 1737 praepositionibus,
2637 1655 2853 1716 accedo
2882 1656 3207 1742 accumulo.

769 1762 1090 1825 Formosus
1136 1765 1263 1824 sine
1314 1783 1353 1825 n
1401 1762 1659 1825 secunda
1716 1761 1937 1843 syllaba
1989 1750 2370 1824 scribendum
2416 1771 2534 1845 est,
2590 1770 2656 1824 ut
2713 1781 3001 1825 arenosus
3047 1765 3208 1826 fron·

597 1869 780 1931 dosus
819 1890 1078 1950 aquosus
1115 1870 1427 1933 herbosus,
1482 1872 1791 1952 participia
1829 1888 1970 1931 vero
2007 1869 2227 1931 habent
2263 1887 2323 1951 n,
2361 1877 2428 1931 ut
2464 1877 2674 1931 tonsus
2712 1878 2927 1931 tunsus
2966 1888 3208 1933 mensus

591 1995 830 2056 pensus,
904 1980 1285 2057 antiquorum
1343 1976 1502 2039 nulla
1549 1976 1924 2038 obs'ervantia
1984 1977 2124 2057 fuit,
2178 1994 2314 2036 cum
2363 1995 2401 2037 n
2456 1993 2532 2037 an
2579 1978 2707 2036 sine
2755 1993 2794 2036 n
2842 1975 3205 2038 scriberent:

590 2081 681 2143 illi
729 2085 886 2144 enim
932 2092 1101 2146 tosus
1148 2094 1320 2147 tusus
1364 2102 1578 2165 prasus
1622 2083 1976 2163 plerumque
2024 2081 2380 2143 scribebant.
3236 2102 3288 2143 15

765 2187 824 2251 Υ
869 2209 1147 2270 graecum
1195 2210 1305 2253 nos
1368 2193 1428 2252 in
1474 2188 1827 2270 quibusdam
1868 2182 1878 2272 Ι
1927 2190 1987 2249 in
2037 2208 2075 2250 u
2122 2190 2550 2270 convertimus,
2604 2198 2672 2251 ut
2719 2189 2927 2270 Cymas
2974 2189 3206 2271 Cumas,

594 2299 890 2384 cyminum
948 2302 1279 2380 cuminum;
1333 2300 1395 2359 in
1451 2296 1803 2377 quibusdam
1862 2314 1982 2357 non
2038 2297 2465 2380 convertimuS,
2521 2306 2588 2359 ut
2645 2297 2813 2377 Syria
2876 2297 3204 2377 Syracusae

598 2402 927 2483 symbolum
974 2405 1348 2486 sycophanta.

767 2512 1038 2585 Forficcs
1085 2511 1358 2589 forpices
1412 2513 1669 2592 forcipes
1727 2510 2059 2572 secuudum
2107 2509 2517 2590 etymologiam
2564 2509 2852 2577 debemus
2898 2512 3097 2573 dicere
3144 2522 3206 2575 et

591 2615 884 2680 scribere:
934 2616 1056 2697 [ut]
1105 2622 1156 2679 si
1194 2637 1226 2679 a
1262 2619 1359 2679 filo
1406 2618 1698 2698 dicamuS,
1744 2618 1772 2678 s
1819 2617 2107 2678 debemus
2151 2636 2402 2699 ponere,
2450 2624 2517 2679 ut
2563 2618 2825 2701 forfices,
2872 2636 3023 2698 quae
3063 2626 3203 2680 sunt
3231 2636 3284 2675 so

766 2831 834 2880 10
873 2825 1181 2897 Quicquam
1210 2843 1320 2882 cxc.
1348 2827 1622 2883 Riscian.
1650 2830 1802 2883 2319
1914 2830 1982 2882 16
2008 2825 2062 2879 Y
2089 2840 2350 2895 graecum
2380 2823 2603 2880 Cernat.
2634 2830 2760 2894 153,
2789 2831 2855 2880 11
2967 2831 3034 2881 19
3063 2826 3199 2882 For-

588 2905 717 2962 fices
756 2905 972 2965 Charis.
1010 2911 1100 2974 94,
1137 2912 1211 2963 21
1261 2906 1372 2962 Vel.
1411 2907 1586 2977 Lony.
1624 2910 1712 2975 71,
1749 2911 1826 2962 12
3099 2946 3104 2950 -

768 3102 796 3150 1
843 3098 904 3150 Ψ
934 3096 1129 3152 littera
1168 3093 1253 3152 Ος
1288 3112 1327 3164 y
1363 3089 1557 3149 littera
1593 3094 1647 3147 A
1683 3091 1705 3147 i
1741 3092 1935 3148 littera
1969 3093 2026 3147 Β
2150 3092 2436 3162 potuerint
2474 3111 2612 3149 corr.
2652 3094 2752 3149 -rit
2789 3093 2837 3149 0
2957 3101 2989 3149 2
3028 3110 3129 3164 per
3162 3111 3202 3164 p

585 3176 644 3229 et
680 3193 705 3229 s
742 3175 937 3231 littera
972 3175 1319 3231 scribebatur
1354 3175 1411 3229 Β
1570 3171 1668 3227 ubi
1711 3175 1772 3227 Ψ
1802 3190 2067 3244 graecum
2105 3177 2269 3230 sonat
2307 3175 2355 3231 0
2361 3190 2395 3234 ς
2431 3177 2528 3232 ubi
2564 3175 2586 3231 i
2623 3178 2910 3246 (super-scr.
2947 3178 3006 3245 y)
3041 3191 3202 3245 grae-

584 3271 709 3309 cum
758 3258 922 3310 sonat,
965 3256 1021 3309 Β
1066 3256 1164 3311 ubi
1207 3274 1245 3324 y
1294 3271 1556 3325 graecum
1604 3254 1764 3307 sonet
1810 3253 1866 3306 A
2009 3259 2040 3307 3
2092 3255 2243 3322 quod
2278 3255 2448 3311 uitari
2484 3270 2518 3314 ς
2555 3256 2705 3326 quod
2741 3256 2920 3311 uitare
2957 3255 3075 3310 AO
3104 3255 3203 3326 qui

584 3336 743 3404 (corr.
794 3336 948 3405 quia)
995 3335 1167 3390 uitari
1213 3335 1269 3388 B
1412 3350 1513 3403 per
1551 3332 1743 3401 priore
1788 3333 1902 3386 loco
1947 3348 2047 3389 om.
2095 3334 2176 3403 A,
2211 3337 2516 3405 posteriore
2561 3336 2675 3389 loco
2721 3352 2822 3392 om.
2857 3336 2915 3391 Β
3058 3343 3092 3391 4
3139 3340 3204 3394 ut

584 3414 771 3469 celebs
810 3415 863 3468 A
1007 3413 1167 3484 urps]
1205 3413 1337 3468 urbs
1374 3412 1430 3464 B
1576 3415 1608 3464 5
1653 3411 1903 3466 retinent
1935 3411 1990 3465 A
2135 3419 2167 3468 6
2205 3416 2423 3470 mut-are
2466 3431 2566 3470 nos
2603 3415 2807 3470 debere
2854 3432 2892 3485 p
2932 3418 2989 3470 et.
3028 3417 3060 3471 b
3098 3417 3202 3475 Βς

582 3509 684 3548 nos
713 3497 931 3548 mutare
960 3492 1163 3549 debere
1203 3510 1305 3562 per
1329 3510 1367 3562 p
1397 3494 1456 3546 et
1482 3491 1519 3545 b
1554 3489 1671 3544 AO
1809 3507 1866 3545 se
1893 3508 2006 3546 non
2032 3493 2232 3551 ambae
2269 3495 2436 3554 ΑΒς
2474 3511 2571 3550 sen
2609 3495 2808 3549 ambae
2848 3494 2897 3549 0
2927 3513 2986 3551 se
3028 3497 3200 3552 etiam

583 3572 783 3627 ambae
824 3573 1036 3628 Carrio.
1092 3589 1151 3627 se
1186 3589 1298 3628 non
1335 3570 1532 3625 ambae
1570 3570 1623 3624 si
1663 3572 1887 3639 scripsit
1918 3576 2335 3641 grammaticus,
2380 3576 2479 3630 hoc
2521 3573 2721 3641 voluit,
2758 3573 2823 3627 in
2858 3574 2932 3628 iis
2968 3576 3201 3646 casibus,

581 3652 645 3705 in
671 3653 872 3722 quibus
899 3671 937 3723 p
967 3658 1015 3708 et
1045 3669 1070 3705 s
1098 3652 1425 3722 interposita
1451 3649 1630 3704 vocali
1655 3665 1769 3704 non
1803 3658 2018 3719 cocant,
2055 3672 2092 3724 p
2119 3654 2184 3708 in
2210 3655 2248 3710 b
2282 3655 2491 3709 mutari
2527 3653 2726 3707 debere.
2782 3654 2985 3707 rectius
3022 3659 3201 3712 tamen

582 3739 700 3788 erat
743 3732 802 3786 in
849 3733 1051 3802 quibus
1101 3752 1126 3788 s
1176 3732 1410 3789 eandem
1456 3747 1569 3785 non
1616 3731 1870 3800 sequitur
1915 3734 2017 3800 (vel
2053 3752 2079 3788 s
2124 3751 2235 3790 non
2285 3733 2477 3790 statim
2516 3731 2788 3800 sequitur)
2825 3732 2983 3787 nulla
3029 3733 3200 3790 int-er·

580 3812 767 3881 posita
812 3812 1000 3868 vocali
1180 3820 1210 3868 7
1260 3810 1513 3880 sequitur
1556 3810 1617 3865 in
1663 3812 1722 3899 (p
1760 3813 1887 3867 add.
1929 3813 1996 3884 Ο)
2034 3817 2082 3868 Φ
2118 3815 2237 3871 AG'
2268 3814 2519 3885 sequitur
2552 3811 2611 3866 in
2647 3810 2669 3865 i
2704 3810 2760 3863 B
2796 3813 3048 3882 sequitur
3085 3819 3143 3871 et
3178 3817 3199 3871 i

581 3915 632 3966 ct
667 3912 731 3965 in
765 3927 938 3980 mar-9.
978 3914 1025 3964 Φ
1065 3912 1223 3978 Par„
1261 3908 1509 3979 sequitur
1547 3909 1604 3962 et
1641 3909 1690 3961 Φ
1728 3924 1787 3977 ς,
1826 3911 2111 3980 sequimur
2145 3912 2206 3969 in
2241 3932 2285 3982 φ
2326 3909 2539 3965 Carrio,
2597 3908 2849 3977 sequitur
2884 3910 2944 3966 in
2973 3933 3017 3982 φ
3052 3916 3198 3970 vide-

580 3994 674 4044 tur
728 3991 1077 4047 tribuendum
1132 4009 1239 4047 esse
1282 3988 1647 4059 neylcyentiae
1702 3991 2050 4057 yrammatici
2093 3996 2277 4049 minus
2323 3994 2576 4046 accurate
2623 3987 2905 4054 referentis
2952 3997 3198 4064 regulam

594 4068 890 4138 Varronis,
928 4090 964 4127 a
999 4089 1103 4142 quo
1135 4075 1197 4125 Ψ
1220 4078 1270 4127 et
1298 4091 1342 4140 φ
1380 4072 1590 4124 litterae
1626 4070 1952 4137 compositae
1978 4079 2136 4127 erant
2171 4076 2236 4129 in
2262 4072 2525 4140 emccrptis
2555 4068 2789 4125 Cornuti
2815 4088 2877 4140 p.
2906 4078 3034 4142 153,
3063 4080 3099 4130 6

582 4154 616 4203 8
655 4168 863 4220 cynyps
898 4151 1171 4223 cynyphis
1205 4152 1262 4206 B
1316 4150 1510 4220 cynips
1549 4147 1782 4219 cynipys
1820 4149 1937 4204 AG
2082 4155 2256 4226 quod]
2295 4169 2438 4222 quae
2474 4148 2656 4205 ABG
2793 4158 2825 4207 9
2861 4170 2963 4224 per
2996 4162 3126 4211 ante
3159 4175 3197 4227 p

580 4236 809 4300 utroque
844 4232 957 4287 loco
995 4249 1093 4288 om.
1136 4231 1184 4286 G
1288 4237 1355 4286 10
1392 4230 1699 4298 Quicquam
1738 4233 1797 4284 et
1833 4230 2102 4301 quicquid
2138 4232 2199 4288 in
2234 4231 2422 4287 medio
2458 4247 2557 4301 per
2590 4247 2636 4299 c,
2672 4247 2786 4286 non
2821 4250 2921 4303 per
2955 4235 2994 4289 d
3029 4236 3198 4292 scribi

583 4311 790 4368 debent
825 4314 891 4368 dc
926 4314 1163 4383 orthoqr.
1186 4329 1243 4383 p.
1273 4315 1425 4368 ,2343
1554 4316 1616 4372 11
1658 4313 1759 4365 aut
1794 4328 1932 4367 corr.
1962 4313 2028 4367 ut
2062 4312 2119 4366 Β
2247 4318 2313 4367 12
2354 4311 2647 4366 scribenda
2674 4313 2762 4366 est
2790 4311 2838 4366 0
2960 4322 3025 4370 13
3062 4333 3197 4373 uero

581 4409 691 4461 que
729 4392 939 4447 habent.
976 4393 1030 4446 A
1175 4395 1240 4447 ut.
1276 4410 1475 4449 consus
1510 4392 1705 4446 tonsus
1740 4393 1808 4460 ut
1844 4408 2065 4447 mensus
2100 4409 2306 4463 pensus
2346 4390 2413 4460 C,
2459 4394 2524 4445 ut
2568 4394 2763 4447 tonsus
2799 4395 2995 4448 tunsus
3031 4412 3196 4465 pran-

581 4489 674 4525 sus
710 4487 915 4541 pensus
952 4473 1018 4527 dc
1054 4474 1288 4543 orthoyr.
1319 4490 1381 4542 p.
1420 4477 1573 4527 2335
1755 4478 1824 4525 14
1861 4473 2088 4541 pensus]
2126 4489 2362 4543 pransus
2402 4471 2596 4527 Carrio
2633 4479 2684 4528 ct
2716 4489 2905 4544 margo
2942 4475 3197 4530 editionis

584 4553 882 4608 Pari-sinae
1006 4552 1266 4622 quamuis
1303 4551 1659 4621 antiquorum
1699 4550 1897 4606 Carrio
2028 4560 2092 4607 15
2130 4552 2350 4623 prasus]
2388 4553 2619 4619 fortasse
2654 4569 2818 4621 pesus
2940 4560 3003 4608 17
3043 4554 3196 4624 syria

580 4631 832 4700 cyriacus
881 4633 1195 4702 symbolum
1234 4630 1350 4685 AG
1390 4631 1567 4700 syrias
1615 4629 1871 4700 cyriacus
1916 4630 2215 4687 simbolum
2252 4631 2333 4699 Β,
2384 4631 2542 4700 Syria
2579 4631 2836 4700 Syriacus
2882 4634 3195 4703 symbolum

583 4711 796 4766 Carrio.
854 4712 1160 4781 Syracusae
1195 4712 1515 4766 restitui‘ex
1550 4711 1815 4779 excerptis
1854 4710 2088 4765 Cornuti
2215 4716 2281 4767 18
2321 4712 2633 4782 cycopanta
2671 4712 2719 4765 0
2856 4720 2919 4768 19
2955 4714 3196 4768 Forfices

470 4819 477 4824 -
579 4790 819 4861 forpices
847 4808 946 4845 om.
976 4790 1163 4847 ABG.
1212 4791 1451 4847 Forfices
1489 4791 1796 4846 secundum
1832 4791 2234 4862 etymologiam
2273 4808 2307 4851 ς
2442 4799 2512 4847 20
2549 4791 2600 4848 si
2635 4809 2671 4847 a.
2706 4792 2799 4847 filo
2836 4791 2865 4846 f
2894 4792 3110 4849 forfices
3150 4791 3199 4847 G

652 4871 952 4925 debeamus
989 4886 1022 4927 ς
