3613 5528
639 379 770 440 446
1619 375 1970 431 ARVSIANI
2008 374 2247 429 MESSII

642 563 958 623 Frontonis
996 562 1248 640 quodam
1286 560 1467 642 libro,
1515 563 1616 640 qui
1654 564 1922 623 continet
1959 560 2223 642 exempla
2262 562 2678 624 elocutionum.
2772 564 2960 634 Quem
2999 561 3240 642 quidem

640 669 886 751 librum,
934 687 1068 729 cum
1114 669 1195 729 Io.
1244 668 1585 730 Zamoscius
1632 677 1864 750 noster,
1911 669 2254 731 adolescens
2301 669 2794 752 litteratissimus,
2848 689 2919 731 ex
2967 669 3127 731 ltalia
3177 658 3238 730 in

640 776 942 837 Poloniam
990 776 1059 837 ad
1109 794 1202 836 me
1252 778 1539 857 misisset,
1596 779 1877 856 quoniam
1924 785 2093 838 antea
2141 796 2380 857 quoque
2426 795 2498 837 ex
2547 795 2616 838 eo
2666 776 2942 856 Sigonius
2989 775 3237 856 quadra·

639 885 798 963 ginta
859 884 983 943 sere
1050 881 1157 941 alia
1224 883 1550 959 fragmenta
1614 881 1923 962 elicuerat,
1986 885 2167 963 inque
2233 901 2400 944 suam
2464 885 2856 964 posteriorem
2920 883 3238 945 editionem

641 989 1049 1070 transtulerat3
1096 989 1232 1050 dedi
1278 996 1339 1050 et
1383 991 1511 1068 ipse
1558 1008 1826 1072 operam,
1876 997 1941 1062 ut
1988 990 2124 1051 inde
2172 991 2346 1052 etiam
2394 998 2454 1052 et
2491 990 2629 1052 huic
2670 1000 2905 1053 nostrae
2943 1011 3239 1053 commen-

641 1096 862 1158 dationi
909 1098 1170 1156 accessio
1218 1095 1498 1156 nonnulla
1546 1100 1810 1176 quaesita
1857 1117 1988 1159 esse
2037 1092 2398 1159 videretur':
2445 1100 2521 1159 cs.
2569 1098 2737 1159 Aius
2784 1118 2840 1179 p.
2888 1096 3036 1161 226.

820 1202 1086 1282 Denique
1136 1221 1206 1263 ex
1252 1202 1366 1263 hoc
1414 1221 1631 1283 genere
1680 1204 1955 1265 codicum
2002 1206 2113 1265 suit
2158 1207 2210 1265 is
2256 1223 2375 1284 quo
2422 1173 3125 1268 Ludovicus⁶Carrio
3183 1208 3244 1268 in

643 1311 900 1372 editione
950 1309 1211 1371 Sallustii
1258 1310 1670 1390 Antverpiensi
1717 1330 1765 1371 a.
1823 1307 1989 1372 1579
2038 1330 2184 1373 usus
2230 1322 2348 1395 est,
2395 1331 2749 1392 quamquam
2797 1316 2848 1375 is
2894 1332 3013 1374 non
3059 1313 3244 1375 Fron-

646 1429 869 1498 tonem,
936 1417 1040 1479 sed
1087 1419 1442 1478 Arusianum
1491 1417 1777 1499 Nessum,
1842 1438 2019 1500 quem
2086 1419 2257 1500 dicit,
2320 1429 2622 1482 auctorem
2678 1420 2815 1481 libri
2872 1420 3185 1501 appellavit
3230 1468 3244 1482 .

644 1526 754 1585 hoc
803 1527 1038 1586 nomine
1089 1526 1246 1585 enim
1294 1526 1529 1605 saepius
1576 1543 1711 1586 eum
1759 1530 2241 1589 commemoravit
2286 1530 2459 1608 eique
2505 1531 2736 1608 primus
2782 1547 2848 1588 ea
2886 1546 3037 1608 quae
3075 1536 3248 1588 antea

648 1634 946 1694 Frontone
1003 1642 1245 1693 auctore
1301 1641 1538 1713 recepta
1596 1643 1766 1694 erant
1810 1634 2157 1716 vindicavit,
2214 1637 2275 1695 in
2325 1634 2459 1696 Sall.
2508 1636 2711 1715 fragm.
2758 1635 2895 1697 hist.
2940 1634 2967 1695 1
3012 1632 3054 1696 9
3101 1654 3157 1715 p.
3206 1631 3246 1696 6

648 1741 737 1802 ed.
794 1739 933 1801 Hav.
996 1747 1238 1801 armata
1300 1749 1554 1801 montem
1617 1759 1865 1801 sacrum
1929 1749 2110 1818 atque
2166 1744 2524 1804 Aventinum
2589 1746 2832 1817 insedit,
2896 1737 3249 1803 ‘Arusianus

648 1848 819 1908 Mess
876 1846 1071 1908 libello
1136 1846 1209 1907 de
1275 1845 1678 1909 elocutionum
1733 1848 2045 1930 exemplis,
2110 1868 2285 1929 quem
2351 1850 2590 1929 quidam
2644 1852 2844 1930 inepte
2909 1851 3133 1929 pariter
3189 1859 3250 1910 et

650 1957 974 2016 inscienter
1012 1953 1143 2015 Cor.
1183 1954 1471 2015 Frontoni
1509 1953 1805 2037 tribuunt,
1853 1955 1997 2016 haec
2038 1956 2386 2018 Sallustiana
2434 1952 2635 2018 citat':
2683 1959 2760 2018 cs.
2795 1958 2967 2017 AruS.
3004 1975 3059 2036 p.
3100 1952 3248 2017 236.

647 2065 845 2141 ipsum
891 2061 1156 2123 codicem
1204 2061 1598 2123 Elnonensem
1646 2064 1831 2124 fuisse
1878 2063 2022 2125 dicit
2066 2066 2126 2125 in
2176 2066 2378 2144 fragm.
2416 2064 2546 2126 hist.
2591 2063 2614 2124 1
2653 2061 2740 2126 85
2776 2082 2831 2143 p.
2870 2062 2958 2125 35
2995 2062 3085 2123 ed.
3110 2062 3248 2124 Hav.

649 2177 1112 2230 maturaverunt
1174 2173 1511 2230 exereitum
1575 2171 2034 2248 Dyrrhachium
2106 2190 2352 2248 waere,
2426 2166 2775 2233 ‘Arusianus
2848 2170 3055 2232 eodem
3130 2189 3248 2250 quo

651 2279 956 2356 superiora
994 2275 1174 2338 libro:
1228 2279 1386 2352 (1090
1423 2285 1483 2339 te
1519 2281 1772 2340 domum.
1848 2280 2304 2357 Dyrrhachium
2343 2287 2541 2340 autem
2569 2282 2746 2358 posui
2772 2297 2881 2358 pro
2912 2280 3251 2359 brachium,

650 2385 808 2464 quod
854 2386 934 2445 ita
982 2387 1040 2444 in
1089 2383 1239 2444 libro
1285 2382 1609 2446 Elnonensi
1656 2381 1876 2448 esset':
1923 2386 1996 2447 cl'.
2044 2387 2213 2447 Arus.
2260 2405 2316 2466 p.
2362 2383 2511 2448 218.

828 2492 1036 2553 Omnia
1102 2500 1301 2553 autem
1365 2509 1515 2571 quae
1581 2510 1652 2551 ex
1717 2491 1811 2552 his
1875 2491 2042 2552 libris
2107 2492 2244 2553 olim
2310 2490 2382 2551 ab
2457 2490 2787 2554 editoribus
2854 2491 3117 2553 Sallustii
3191 2501 3252 2552 et

652 2599 956 2660 Ciceronis
1002 2596 1227 2678 prolata
1275 2607 1414 2659 sunt
1460 2616 1595 2658 cum
1643 2598 1778 2659 Maii
1825 2598 2129 2660 codicibus
2174 2597 2346 2678 plane
2386 2602 2771 2661 consentiunt
2798 2647 2811 2661 .
2842 2618 2910 2660 ac
2938 2617 3012 2659 ne
3043 2597 3251 2659 Carrio

652 2706 894 2787 quidem
939 2708 1000 2768 in
1046 2705 1370 2768 Elnonensi
1417 2707 1690 2768 Arusiani
1744 2706 1977 2788 codice,
2042 2724 2220 2786 quem
2282 2706 2453 2790 dicit,
2517 2706 2689 2788 plura
2754 2706 3008 2789 legebat,
3073 2723 3249 2785 quam

653 2834 802 2895 quae
849 2817 909 2874 in
958 2815 1254 2894 excerptis
1301 2813 1644 2896 Frontonis,
1700 2814 1917 2894 quibus
1965 2814 2180 2894 reliqui
2236 2816 2328 2876 usi
2385 2824 2579 2896 erant,
2634 2816 2858 2898 scripta
2914 2823 3081 2895 sunt,
3146 2813 3249 2874 sed

654 2920 919 3002 exempla
958 2919 1220 2982 Sallustii
1267 2923 1326 2981 in
1372 2921 1486 2982 illis
1533 2940 1707 3001 saepe
1755 2921 2062 2984 decurtata
2100 2921 2308 2982 eodem
2347 2921 2520 2982 modo
2560 2924 2880 3001 repetivit.
2908 2925 3252 2983 coniectura

652 3033 948 3091 inventam
994 3030 1307 3091 lectionem
1356 3048 1388 3089 e
1436 3029 1639 3091 codice
1686 3048 1795 3090 sno
1843 3028 2089 3109 protulit
2132 3031 2194 3089 in
2251 3030 2455 3108 fragm.
2504 3029 2637 3089 hist.
2686 3030 2712 3090 1
2762 3026 2847 3090 24
2901 3029 3056 3109 apud
3103 3030 3250 3090 Aru·

653 3140 882 3198 sianum
929 3156 984 3216 p.
1032 3133 1189 3217 233,
1229 3155 1467 3213 qtzarus
1515 3141 1699 3212 illius,
1747 3138 1871 3197 Sal.
1918 3138 2051 3197 hist.
2101 3139 2139 3197 I
2179 3144 2238 3197 et
2282 3140 2523 3198 numeri
2565 3155 2778 3199 eorum
2824 3138 3097 3198 Metellus
3135 3155 3255 3214 per

652 3251 888 3307 litteras
929 3263 1194 3324 qnarus,
1239 3242 1342 3303 ubi
1388 3263 1495 3324 pro
1544 3254 1602 3306 ec
1647 3248 1911 3320 numeri,
1970 3244 2125 3323 qnod
2184 3246 2242 3304 in
2290 3243 2458 3306 libris
2504 3262 2678 3305 manu
2732 3246 2972 3324 scriptis
3018 3244 3254 3325 legitur,

655 3356 892 3415 itineris
939 3354 1176 3431 scripsit
1213 3351 1321 3411 hac
1359 3350 1552 3412 addita
1590 3351 1965 3413 adnotatione
2005 3370 2057 3431 p.
2097 3348 2184 3412 40
2222 3351 2312 3412 ed.
2351 3349 2510 3432 Hav.,
2557 3346 2660 3412 ‘ita
2700 3353 2763 3413 iu
2800 3369 2933 3411 meo
2964 3352 3252 3413 Arusiano

654 3469 762 3543 est,
791 3458 945 3538 quod
978 3458 1049 3517 ab
1088 3457 1216 3518 aliis
1257 3457 1369 3538 legi
1406 3457 1601 3520 video:
1648 3466 1708 3519 et
1740 3461 2010 3519 muneris
2045 3475 2254 3519 eorum
2282 3505 2296 3519 .
2337 3457 2501 3518 male.
2575 3457 2809 3521 Messus
2837 3459 2898 3518 in
2927 3457 3255 3520 locutione:

648 3586 887 3643 ynarus
934 3560 1125 3627 illius’
1173 3611 1187 3625 .
1236 3574 1502 3626 ceterum
1567 3573 1702 3645 post
1757 3564 2101 3625 Carrionem
2169 3583 2283 3625 non
2340 3566 2575 3625 invenio
2630 3583 2662 3624 a
2722 3583 3023 3647 quoquam
3077 3564 3252 3626 Elno-

655 3693 897 3735 nensem
945 3674 1220 3734 Arusiani
1267 3673 1532 3733 codicem
1580 3680 2104 3733 commemoratum
2151 3690 2312 3753 esse,
2358 3690 2552 3751 neque
2599 3673 2762 3733 inter
2807 3672 3042 3733 codices
3076 3671 3254 3732 Elno-

652 3800 866 3842 nenses
914 3785 1016 3861 qui
1062 3799 1222 3841 nunc
1268 3788 1593 3859 supersunt
1638 3782 1766 3840 eius
1814 3782 2097 3839 memoria
2145 3787 2318 3840 extat.

828 3886 1015 3949 Nimis
1061 3887 1234 3967 longa
1281 3885 1680 3966 disputatione
1727 3904 1879 3967 opus
1925 3887 2037 3947 fuit
2082 3886 2152 3946 ad
2211 3888 2471 3946 rationes
2528 3904 2741 3947 eorum
2800 3887 3098 3969 codicum,
3153 3890 3257 3967 qui

650 3996 842 4056 adhuc
906 3997 968 4055 in
1031 3994 1184 4055 libro
1249 3995 1524 4055 Arusiani
1590 3996 1859 4075 usurpati
1925 4001 2091 4073 sunt,
2157 3992 2556 4076 explicandas,
2620 4013 2983 4075 quamquam
3047 4014 3253 4057 eorum

652 4107 917 4164 omnium
983 4101 1202 4163 nnllam
1265 4100 1577 4162 utilitatem
1642 4119 1773 4161 esse
1842 4119 1912 4160 ex
1978 4100 2069 4160 his
2132 4102 2279 4179 ipsis
2344 4118 2493 4178 quae
2559 4100 2678 4161 dixi
2750 4112 2994 4184 apparet
3051 4151 3064 4164 .
3121 4120 3255 4163 nam

652 4213 995 4290 incorrupta
1042 4212 1262 4271 veteris
1308 4211 1637 4289 scripturae
1685 4207 1833 4268 tides
1879 4227 1951 4268 ex
1999 4207 2122 4268 solo
2159 4207 2459 4268 Parrhasii
2496 4207 2730 4289 codice,
2784 4227 2958 4289 quem
2995 4210 3257 4289 priorem

651 4318 799 4396 dixi,
845 4317 1252 4397 cognoscitur3
1308 4314 1532 4395 reliqua
1580 4314 1941 4396 apographa,
1998 4314 2358 4394 ubicumque
2416 4314 2488 4375 ab
2543 4313 2641 4374 illo
2697 4314 3092 4398 dissentiunt,
3156 4325 3259 4376 aut

652 4443 857 4485 errore
907 4422 1294 4485 scribentium
1344 4423 1655 4504 depravata
1702 4430 1802 4483 aut
1850 4424 2210 4482 coniecturis
2268 4421 2547 4483 Italorum
2607 4430 2665 4482 et
2713 4420 3097 4503 Batavorum,
3154 4425 3258 4501 qui

653 4530 903 4592 multum
950 4549 1163 4611 operae
1212 4530 1349 4591 olim
1400 4533 1457 4591 in
1505 4531 1617 4591 hoc
1665 4529 1816 4590 libro
1875 4529 2338 4611 collocaverunt,
2394 4536 2615 4590 mutata
2670 4542 2821 4593 sunt
2864 4577 2877 4590 .
2927 4530 3128 4608 itaque
3184 4529 3255 4588 ad

652 4641 997 4699 memoriam
1033 4637 1342 4698 Bobiensis
1390 4638 1610 4699 codicis
1656 4636 2085 4697 restituendam
2122 4637 2279 4698 hunc
2319 4655 2503 4699 unum
2541 4637 2760 4697 ducem
2802 4646 3043 4699 secutus
3080 4655 3213 4698 sum
3243 4684 3257 4697 .

651 4746 996 4823 compendia
1053 4747 1230 4805 etiam
1287 4746 1638 4827 scripturae,
1708 4742 1927 4823 quibus
1989 4745 2223 4804 nomina
2290 4746 2647 4824 scriptorum
2716 4755 2786 4807 et
2847 4743 3162 4824 librorum,
3224 4762 3257 4803 e

652 4850 870 4932 quibus
935 4852 1198 4931 exempla
1273 4851 1674 4912 elocutionum
1744 4853 1929 4931 petita
2002 4860 2168 4932 sunt,
2242 4853 2565 4931 significata
2630 4863 2838 4933 erant,
2909 4869 2979 4911 ex
3054 4849 3257 4911 codice
