3613 5528
1818 1445 1873 1486 ’ὦ

601 1662 687 1723 Ex
732 1662 923 1723 Bedae
982 1662 1149 1723 libris
1206 1663 1356 1726 duos
1415 1666 1642 1745 recepi,
1700 1663 1950 1725 alterum
2008 1663 2080 1725 de
2137 1673 2263 1725 arte
2320 1667 2594 1747 metrica,
2650 1664 2903 1726 alterum
2960 1665 3033 1727 de

427 1769 858 1851 orthographia.
913 1772 1156 1832 tertium
1186 1774 1344 1832 enim
1374 1772 1445 1833 de
1478 1770 1880 1833 schematibus
1910 1780 1971 1833 et
2007 1753 2214 1853 trbpis,
2243 1791 2420 1851 quem
2457 1770 2656 1833 libello
2685 1772 2758 1833 de
2789 1774 3034 1833 metrica

428 1885 551 1937 arte
588 1875 745 1937 Beda
791 1877 1165 1958 adiunxerat,
1211 1886 1526 1958 postquam
1565 1896 1755 1959 nuper
1794 1877 2061 1939 Halmius
2100 1896 2237 1939 cum
2275 1876 2617 1939 rhetoribus
2655 1877 2866 1953 edidit,
2914 1896 3030 1938 non

427 1984 625 2062 putavi
659 1982 855 2044 denuo
892 1986 1293 2063 grammaticis
1331 1984 1665 2045 addendum
1703 2004 1853 2046 esse.
1928 1984 2116 2045 liber
2162 1984 2246 2045 de
2284 1986 2583 2045 metrica
2631 1992 2785 2044 arte
2834 1992 3031 2044 autem

426 2090 562 2151 inde
598 2107 632 2149 a
668 2107 825 2150 nono
863 2089 1100 2151 saeculo
1142 2093 1202 2152 in
1240 2091 1443 2156 mulus
1482 2090 1788 2152 codicibus
1836 2093 2094 2171 scriptus
2141 2099 2258 2172 est,
2304 2109 2560 2169 quorum
2605 2091 2847 2171 plurimi
2893 2107 3031 2151 eum

426 2214 543 2257 una
587 2215 723 2259 cum
766 2196 920 2258 libro
968 2197 1040 2258 de
1089 2196 1490 2259 schematibus
1535 2205 1595 2257 et
1639 2198 1860 2278 tropis,
1902 2215 2024 2258 non
2074 2196 2218 2259 nulli
2267 2199 2444 2259 etiam
2489 2215 2598 2278 per
2637 2217 2701 2257 se
2739 2199 3029 2277 scriptum

428 2302 717 2364 exhibent.
791 2321 864 2364 ex
920 2302 1012 2364 his
1059 2302 1363 2365 codicibus
1425 2305 1487 2364 in
1533 2321 1683 2363 nova
1728 2302 1988 2364 editione
2035 2312 2159 2364 tres
2206 2302 2350 2364 mihi
2394 2305 2584 2383 parati
2631 2309 2826 2384 erant,
2881 2321 3033 2381 quos

429 2426 561 2469 cum
597 2408 862 2471 Putschii
901 2410 1158 2472 editione
1197 2409 1579 2492 contuleram,
1616 2408 1987 2471 Monacensis
2018 2406 2217 2498 6399,
2255 2409 2560 2473 Leidensis
2597 2407 2742 2490 122,
2780 2409 3030 2489 Sanger-

427 2518 722 2577 manensis
774 2514 961 2579 1180.

599 2621 797 2685 Codex
835 2624 1293 2687 Monacensis
1331 2621 1525 2706 6399,
1561 2624 1703 2685 olim
1740 2624 2139 2704 Frisingensis
2182 2621 2307 2687 199
2346 2643 2496 2687 saec.
2527 2624 2607 2685 IX
2645 2626 2796 2687 duos
2836 2623 3030 2686 Bedae

424 2728 606 2791 libros
660 2729 734 2792 de
790 2739 916 2793 arte
974 2734 1219 2794 metrica
1266 2738 1328 2793 et
1382 2731 1455 2792 de
1503 2729 1904 2793 schematibus
1952 2733 2243 2814 continet,
2303 2730 2521 2812 quibus
2567 2731 2686 2794 duo
2734 2749 3030 2794 commen-

426 2839 559 2897 tarii
607 2837 861 2899 Audacis
907 2838 979 2899 de
1028 2838 1371 2901 accentibus
1418 2837 1670 2900 subiecti
1718 2845 1886 2920 sunt,
1933 2840 1969 2899 f.
2023 2835 2256 2899 1-30
2312 2839 2404 2899 De
2448 2842 2657 2900 littera
2706 2871 2781 2882 —
2844 2840 3040 2899 XXV

425 2947 586 3019 quod
627 2948 753 3006 tria
798 2948 919 3006 sint
959 2964 1195 3021 qenera
1233 2949 1545 3024 poematis.
1621 2948 1959 3022 expliciunt
1994 2947 2276 3021 capitula
2322 2947 2539 3022 incipit
2582 2947 2739 3006 liber
2785 2948 2861 3006 de
2896 2953 3034 3007 arte

420 3054 827 3125 qrammatica
895 3053 987 3112 De
1030 3054 1238 3114 littera
1283 3085 1369 3094 —
1415 3055 1858 3129 sempiternam.
1947 3053 2199 3127 explicit
2260 3053 2336 3110 de
2381 3058 2519 3112 arte
2562 3054 2823 3111 metrica
2876 3053 3034 3111 liber

425 3158 608 3227 (unus
652 3160 981 3237 superscr.)
1028 3161 1245 3236 incipit
1287 3161 1443 3220 liber
1489 3160 1792 3219 secundus
1840 3159 1916 3218 de
1959 3158 2322 3217 scematibus
2368 3164 2427 3216 et
2472 3159 2662 3232 tropis
2708 3157 2873 3216 Solet
2916 3159 3028 3216 ali-

424 3267 651 3336 quoties
699 3298 782 3305 —
829 3269 1046 3325 uxoris
1099 3267 1253 3346 loth,
1309 3266 1346 3326 f.
1394 3260 1658 3325 30--32
1714 3264 1806 3324 De
1852 3263 2207 3326 accentibus
2253 3263 2555 3323 Accentus
2606 3264 2759 3336 quid
2810 3269 2898 3322 est
2946 3295 3029 3305 —

426 3373 537 3429 etsi
578 3372 860 3447 adposita
896 3388 1017 3431 non
1057 3374 1190 3430 erit.
1265 3372 1718 3447 Reeapitulatio
1766 3373 1843 3430 de
1889 3371 2242 3431 accentibus
2278 3370 2582 3429 Accentus
2627 3371 2779 3443 quid
2821 3377 2909 3428 est
2951 3401 3025 3410 —

424 3476 796 3551 syllabarum
842 3481 907 3536 in
945 3494 1130 3537 unum
1167 3479 1566 3537 redactarum
1603 3480 1986 3553 repperitur:
2030 3474 2247 3536 Audac.
2278 3493 2404 3535 exc.
2431 3494 2488 3554 p.
2518 3471 2578 3555 9,
2612 3471 2793 3535 10-
2818 3471 2917 3553 10,
2945 3470 3032 3534 20
3094 3450 3111 3466 ’

425 3588 485 3640 et
538 3599 592 3659 p.
639 3578 745 3663 37,
795 3579 1062 3662 1—40,
1116 3580 1213 3643 16.
1300 3581 1508 3642 eodem
1568 3581 1771 3642 codice
1830 3583 1891 3642 in
1946 3580 2099 3641 libro
2155 3579 2229 3641 de
2286 3578 2686 3641 schematibus
2739 3598 2887 3641 usus
2942 3589 3034 3640 est

426 3684 685 3748 Halmius
732 3687 884 3748 rhet.
930 3686 1027 3748 lat.
1073 3706 1129 3766 p.
1178 3684 1324 3749 607.

600 3792 798 3853 Codex
835 3792 1221 3854 Leidensis
1269 3791 1405 3853 bibl.
1444 3791 1604 3872 publ.
1649 3789 1774 3853 122
1814 3812 1859 3852 S.
1897 3791 1951 3851 X
1996 3800 2133 3871 post
2167 3791 2378 3852 Donati
2417 3791 2787 3872 aliorumque
2833 3811 3023 3872 gram·

427 3900 773 3960 maticorum
819 3899 1031 3980 libroS,
1087 3917 1238 3980 quos
1284 3899 1534 3960 indicavi
1598 3917 1842 3978 gramm.
1887 3898 1983 3959 lat.
2031 3918 2082 3959 v.
2129 3897 2202 3958 lv
2248 3917 2303 3977 p.
2351 3895 2564 3979 XXXl,
2610 3898 2803 3960 Bedae
2849 3898 3033 3960 libros

426 4003 496 4064 de
526 4007 771 4067 metrica
808 4015 963 4087 arte,
1007 4007 1080 4068 de
1121 4006 1550 4087 schematibuS,
1596 4006 1667 4067 de
1706 4004 2125 4085 orthographia
2164 4006 2456 4085 continet,
2503 4006 2539 4065 f.
2579 4002 2665 4067 62
2695 4024 2822 4086 sqq.
2870 4008 2911 4067 I
2942 4008 3035 4069 De

424 4114 627 4172 littera
673 4146 758 4175 .—-
807 4113 1004 4172 XXV
1041 4117 1206 4189 quod
1258 4118 1383 4174 tria
1429 4122 1568 4174 sunt
1608 4131 1845 4188 yenera
1896 4118 2219 4188 poematos.
2306 4114 2474 4174 {leda
2522 4114 2807 4188 qutberto
2853 4116 3036 4173 leuite

424 4219 674 4277 salutem
721 4219 814 4279 De
856 4222 1063 4281 littera
1116 4253 1190 4262 —
1240 4222 1686 4296 sempiternam.
1752 4222 2004 4295 explicit
2062 4221 2139 4278 de
2183 4227 2321 4281 arte
2364 4222 2622 4279 metrica
2675 4221 2832 4279 liber
2876 4237 3035 4279 unus

428 4325 638 4401 incipit
682 4328 759 4387 de
802 4329 1211 4388 schematibus
1255 4334 1314 4387 et
1359 4328 1549 4402 tropis
1594 4328 1750 4387 liber
1809 4326 1885 4385 II
1923 4326 2089 4386 Solet
2133 4329 2452 4400 aliquoties
2502 4358 2578 4368 —-
2632 4328 2848 4386 uxoris
2892 4326 3030 4385 loth.

436 4430 784 4506 Ortoqrafia
841 4434 1043 4494 [ledae
1081 4436 1433 4512 presbyteri
1476 4436 1529 4494 Α
1574 4436 1781 4494 littera
1829 4466 1913 4475 —
1960 4450 2158 4494 sermo
2199 4435 2499 4510 peruenit.

601 4535 799 4598 Codex
846 4537 1502 4619 sangermanensis
1555 4536 1725 4601 1180
1771 4558 1817 4599 s,
1865 4538 1943 4599 IX
2001 4538 2218 4600 librum
2264 4538 2336 4598 de
2384 4539 2630 4598 metrica
2676 4546 2802 4597 arte
2857 4535 3034 4597 habet

428 4644 534 4723 ita,
591 4644 628 4705 r.
677 4641 854 4707 65-
876 4643 959 4707 73
1016 4650 1080 4708 tn
1127 4651 1367 4708 nomine
1413 4650 1731 4709 indiuidua
1777 4649 2071 4708 trinitatis
2119 4647 2210 4706 De
2254 4649 2347 4708 ut..
2390 4677 2466 4686 -
2527 4647 2692 4720 quoa
2743 4628 2884 4704 trta‘
2912 4646 3035 4704 sent

424 4766 656 4822 yenera
703 4760 1026 4828 poematos.
1110 4754 1205 4814 De
1257 4756 1451 4814 literis
1525 4756 1643 4828 Qui
1696 4756 1973 4814 notitiam
2029 4772 2114 4794 —-·
2167 4755 2609 4828 sempiternam.
2683 4751 3034 4830 interposito

430 4852 756 4932 fragmento
801 4855 873 4917 de
919 4856 1348 4939 schematibus,
1392 4860 1556 4921 Solet
1601 4861 1920 4935 aliquoties
1962 4891 2037 4901 —
2081 4875 2264 4934 quam
2309 4858 2615 4920 terribilia
2657 4863 2801 4918 sunt
2844 4875 3034 4935 opera
