3613 5528
601 423 731 486 486
1582 421 1935 476 ARVSIANI
1974 420 2215 476 MESSII

599 535 643 573 p.
672 526 750 564 241
779 523 832 565 L.

776 607 905 668 Irae
954 607 1097 669 mihi
1135 615 1228 668 est
1263 605 1435 686 illud,
1484 607 1638 667 sicut
1673 605 1865 667 dolori
1904 605 2047 667 mihi
2087 615 2204 682 est,
2252 605 2423 684 Verg.
2462 605 2604 666 Aen.
2648 604 2700 664 X
2737 604 2929 679 (716)
2975 607 3211 666 iustae

601 714 864 796 quibus
911 724 1020 776 est
1065 714 1462 775 Mezentius
1507 715 1658 774 irae
1707 761 1722 776 .

779 822 1100 904 Impatiens
1146 821 1305 883 illius
1353 824 1472 894 rei,
1520 819 1691 900 Verg.
1739 821 1882 882 Aen.
1930 820 2010 880 XI
2058 819 2249 893 (639)
2297 819 2623 882 vulneris
2667 821 3051 900 impatiens
3098 866 3112 880 .

778 930 1030 1011 Impedit
1074 929 1206 991 illos
1252 928 1347 990 illa
1395 945 1524 1008 res,
1570 926 1739 1007 Verg.
1787 931 1930 992 Aen.
1978 927 2030 987 X
2076 928 2272 1001 (306)

963 1038 1314 1116 fragmina
1361 1053 1719 1096 remorum
1767 1053 1945 1114 quos
1991 1044 2061 1098 et
2108 1035 2480 1097 fluitantia
2531 1044 2848 1097 transtra
3241 1049 3270 1088 ⁶

963 1144 1370 1226 impediunt
1415 1190 1428 1203 .

600 1253 846 1334 impedit
898 1251 1031 1314 illos
1086 1252 1184 1313 illa
1239 1269 1338 1312 res
1391 1249 1464 1310 ab
1520 1248 1618 1310 illa
1673 1268 1768 1330 re,
1825 1249 1939 1311 Sal.
1986 1250 2109 1330 lug.
2158 1251 2367 1326 (303)
2422 1253 2745 1331 potentia
2793 1250 3043 1311 Scauri
3092 1268 3212 1310 eos

600 1381 631 1422 a
679 1380 845 1423 vero
892 1360 1221 1440 bonoque
1268 1356 1708 1437 impediebat
1752 1405 1765 1418 .

781 1468 963 1529 [nrito
1029 1466 1355 1544 hominem,
1421 1463 1591 1542 Verg.
1647 1464 1791 1528 Aen.
1849 1464 1901 1525 X
1956 1466 2151 1540 (644)
2218 1468 2622 1545 inritatque
2690 1468 2915 1527 virum
2974 1464 3141 1527 telis
3197 1513 3211 1526 .

599 1577 777 1638 inrito
824 1573 1073 1655 bellum,
1121 1571 1235 1633 Sal.
1284 1571 1420 1634 hist.
1467 1570 1492 1631 1
1540 1574 1836 1634 maximo
1886 1573 2146 1652 gaudio
2192 1572 2456 1635 bellum
2504 1575 2810 1635 inritare
2858 1620 2871 1633 .
3242 1587 3300 1626 ιο

781 1681 847 1743 In
894 1681 1051 1742 illam
1100 1699 1228 1742 rem
1273 1698 1382 1760 pro
1430 1681 1491 1740 in
1536 1678 1697 1741 illius
1745 1682 1836 1741 rei
1883 1681 2160 1763 sormam,
2206 1680 2374 1760 Verg.
2422 1680 2564 1741 Aen.
2614 1679 2685 1740 Vl
2733 1680 2877 1754 (42)

935 1791 1257 1850 excisum
1303 1786 1665 1849 Euboicae
1711 1786 1902 1849 latus
1948 1790 2201 1867 ingens
2248 1789 2451 1869 rupis
2496 1791 2563 1849 in
2613 1797 2893 1850 antrum

602 1906 664 1958 et
709 1915 907 1976 georg.
957 1895 1009 1956 ΙΙ
1052 1896 1241 1969 (448)
1290 1894 1570 1975 ityreos
1616 1897 1763 1955 taxi
1810 1903 2251 1975 torquentur
2296 1898 2367 1957 in
2413 1914 2644 1957 arcuS.

779 2003 1047 2065 Insolens
1102 2005 1164 2062 in
1221 2000 1319 2062 illa
1376 2020 1469 2082 re,
1533 2000 1651 2063 Cic.
1707 2021 1818 2082 pro
1865 2002 2080 2065 Roscio
2128 2006 2212 2080 (p.
2260 2004 2440 2065 Bosa.
2489 2005 2689 2064 Amer.
2735 2003 2910 2078 6223)
2967 2005 3087 2082 qui
3143 2005 3213 2064 in
3326 2013 3337 2024 ·

602 2131 729 2174 sua
777 2131 850 2173 re
899 2111 1168 2172 fuisset
1214 2110 1762 2190 egentissimus,
1808 2118 1994 2192 erat,
2040 2119 2117 2171 ut
2162 2111 2279 2194 fit,
2324 2109 2651 2171 insolens
2698 2111 2768 2170 in
2815 2110 3044 2171 aliena
3092 2157 3106 2170 .
3247 2123 3299 2162 15

780 2219 1056 2281 Insuetus
1112 2217 1272 2278 illius
1329 2217 1446 2297 rei,-
1502 2215 1615 2277 Sal.
1662 2215 1835 2277 histo.
1885 2216 1909 2276 I
1956 2215 2328 2279 libertatis
2381 2219 2656 2279 insueti
2706 2265 2720 2280 .
2766 2219 2998 2279 insueta
3058 2217 3215 2296 facit,

602 2325 771 2406 Verg.
820 2329 963 2386 Aen.
1012 2324 1139 2385 vm
1186 2319 1377 2407 (248)
1435 2331 1646 2403 atque
1701 2326 1989 2385 insueta
2045 2324 2423 2387 rudentem
2470 2371 2484 2385 .
2531 2325 2788 2387 insuevit
2840 2323 2953 2383 hoc
3001 2323 3216 2396 facere,

604 2433 721 2495 Sal.
769 2431 934 2495 Catil.
983 2432 1182 2507 (11,6)
1228 2433 1550 2492 insuevit
1594 2433 1971 2494 exercitus
2017 2449 2277 2514 amare,
2322 2438 2575 2512 potare
2624 2480 2637 2493 .

782 2539 1060 2601 Insolitus
1116 2538 1294 2600 huius
1350 2539 1464 2620 rei,
1522 2538 1635 2599 Sal.
1691 2537 1828 2600 hist.
1874 2538 1928 2599 11
1984 2557 2211 2618 genus
2266 2540 2483 2600 armis
2538 2539 2738 2600 ferox
2796 2549 2865 2598 et
2922 2540 3215 2600 servitii

602 2646 1018 2728 insolitum,
1061 2646 1217 2707 idem
1265 2646 1388 2725 lug.
1436 2644 1637 2719 (39‚1)
1682 2662 1848 2724 pars
1895 2643 2190 2706 insolita
2239 2663 2481 2706 rerum
2530 2629 2956 2706 bellicarum
3005 2693 3019 2707 .
3244 2659 3301 2699 2⁰

789 2755 857 2817 In
904 2753 1070 2817 illum
1116 2772 1390 2834 severm,
1445 2751 1563 2813 Cic.
1611 2753 1673 2812 in
1721 2750 1887 2813 Catil.
1936 2750 2043 2812 1111
2090 2751 2293 2827 (0312)
2349 2754 2418 2814 in
2481 2772 2602 2815 eos
2658 2755 2783 2834 qui
2836 2752 3007 2815 haec
3054 2773 3214 2835 per·

606 2866 830 2925 ficere
896 2861 1285 2923 voluerunt
1348 2878 1450 2921 me
1518 2877 1846 2921 severum
1904 2859 2549 2940 vehementemque
2604 2861 2995 2945 praebebo,
3059 2861 3214 2923 idem

602 2971 812 3051 Philip.
861 2969 912 3029 11
961 2968 1213 3043 (23,56)
1269 2970 1331 3028 si
1386 2986 1712 3049 severuS‚
1768 2984 1895 3028 cur
1951 2984 2087 3028 non
2141 2969 2213 3029 in
2270 2965 2557 3030 omnes?
2620 2971 2681 3030 in
2728 2969 2828 3030 illo
2876 2952 3217 3031 misericors

603 3089 722 3159 est,
770 3077 884 3138 Sal.
933 3074 1097 3137 Catil.
1145 3075 1389 3151 (52,12)
1436 3076 1584 3136 sint
1629 3074 2148 3135 misericordes
2194 3076 2263 3135 in
2312 3075 2599 3137 furibus
2645 3079 2940 3159 aerarii,
2989 3076 3106 3139 Cic.
3153 3079 3214 3137 in

604 3184 771 3248 Catil.
819 3183 927 3243 1111
967 3182 1181 3263 (6,12),
1217 3185 1322 3244 sic
1370 3202 1497 3244 nos
1544 3186 1612 3244 in
1661 3182 1771 3242 his
1818 3177 2266 3264 hominihus,
2312 3186 2434 3263 qui
2475 3202 2628 3266 nos,
2674 3187 2795 3264 qui
2842 3187 3299 3265 coniuges‚2⁵

604 3295 727 3373 qui
801 3291 1077 3352 liberos
1150 3300 1442 3352 nostros
1524 3287 1895 3352 trucidare
1969 3287 2382 3365 voluerunt,
2466 3293 2528 3351 si
2603 3291 3217 3353 vehementissimi

604 3399 991 3479 fuerimu5‚
1037 3396 1559 3457 misericordes
1605 3394 2047 3477 habebimur.

786 3503 847 3564 [n
897 3522 1023 3564 rem
1070 3513 1162 3565 est
1207 3523 1317 3584 pro
1363 3501 1509 3565 utile
1557 3511 1674 3585 est,
1721 3501 1835 3562 Sal.
1884 3502 2052 3563 Catil.
2098 3503 2303 3578 (20,1)
2361 3505 2426 3564 in
2486 3523 2632 3565 rem
2681 3506 2836 3566 sore
2884 3506 3216 3581 credenS,

556 3606 570 3621 ⁸
604 3613 740 3673 Ter.
787 3611 934 3677 And.
981 3613 1125 3685 (ΙΙΙ
1162 3613 1338 3687 3,14)
1387 3614 1445 3673 si
1491 3614 1563 3671 in
1610 3629 1753 3671 rem
1803 3618 1915 3670 est
1961 3658 1974 3670 .

783 3719 851 3779 In
898 3704 1160 3801 tempuS‚
1213 3718 1272 3781 id
1329 3727 1423 3779 est
1474 3737 1763 3799 processu
1825 3721 2135 3801 tempori3‚
2197 3719 2311 3781 Sal.
2358 3720 2494 3782 hist.
2542 3720 2622 3781 ΙΙΙ
2671 3723 2914 3800 itaque
2970 3729 3217 3782 cetera
3245 3734 3303 3774 ⁸0

607 3846 687 3889 ex
732 3826 1035 3888 licentia
1092 3835 1213 3887 aut
1265 3826 1429 3916 odio
1485 3834 1605 3887 aut
1658 3827 1967 3886 avaritia
2024 3827 2095 3887 in
2144 3835 2423 3907 tempus
2469 3846 2712 3890 arsere
2759 3875 2773 3889 .
2822 3829 2883 3889 in
2930 3838 3219 3910 tempore,

784 4054 966 4108 Codex
1006 4052 1301 4107 Parrhasii
1372 4059 1404 4105 3
1443 4052 1523 4106 rei
1560 4069 1660 4108 om.
1806 4058 1841 4106 4
1879 4053 1992 4124 res]
2029 4070 2090 4107 re
2237 4060 2266 4108 7
2305 4053 2458 4125 illos]
2495 4053 2647 4109 illius
2796 4060 2858 4109 13
2898 4042 3111 4124 Ιιῇἱτεοε

605 4133 664 4188 in
712 4150 872 4188 arcus
918 4133 976 4187 in
1023 4132 1124 4188 illa
1169 4150 1228 4187 re
1275 4132 1389 4188 Cic.
1438 4149 1539 4202 pro
1577 4132 1780 4187 Roscio
1821 4131 1966 4197 Quin
2002 4150 2104 4187 sua
2138 4150 2198 4188 re
2382 4141 2447 4188 16
2495 4133 2775 4205 Insuetus]
2825 4134 3074 4189 Insolens

603 4214 856 4269 libertati
981 4217 1046 4267 18
1085 4213 1196 4269 Sal.
1233 4212 1292 4267 in
1330 4212 1495 4269 Catil.
1631 4218 1696 4267 21
1729 4212 1862 4284 ΙΠΙ]
1894 4214 1970 4267 111
2098 4220 2167 4269 28
2196 4215 2255 4269 in
2281 4214 2515 4270 secundo
2542 4216 2657 4270 loco
2682 4216 3114 4284 superscriptum
3141 4219 3221 4268 est

612 4353 746 4360 —-—

786 4434 851 4483 10
891 4427 1003 4484 Sal.
1052 4427 1181 4484 hist.
1231 4428 1282 4499 Ι]
1329 4426 1479 4482 Non.
1513 4444 1570 4497 p.
1611 4430 1680 4482 31
1830 4433 1896 4481 14
1934 4428 2184 4484 Insolens
2220 4427 2279 4483 in
2314 4428 2418 4484 issa.
2451 4444 2512 4483 re
2547 4433 2597 4483 et
2632 4428 2825 4483 deinde
2859 4433 2932 4483 16
2970 4427 3220 4482 Insolens

605 4507 756 4563 illius
793 4506 876 4562 rei
913 4507 1024 4563 Sal.
1064 4506 1256 4563 histor.
1289 4509 1313 4561 I
1341 4524 1375 4561 ιιι
1403 4505 1656 4561 libertati
1690 4504 1899 4561 insueti
1934 4509 2161 4565 coniecit
2197 4509 2521 4566 Bondamus
2554 4508 2807 4563 indicata
2842 4509 3073 4575 lacuna,
3108 4525 3220 4577 qua

592 4590 906 4658 exemplum
934 4587 1195 4643 Sallustii
1220 4605 1343 4643 cum
1378 4604 1524 4642 nova
1550 4588 1848 4642 elocutione
1874 4587 2125 4644 insuetus
2154 4590 2285 4645 huic
2311 4590 2393 4646 rei
2420 4590 2704 4645 acidi-sset
2850 4594 2915 4642 16
2943 4587 3222 4642 libertatis

604 4668 809 4723 insueti
848 4685 915 4723 ex
958 4668 1009 4722 G
1046 4669 1217 4725 edidit
1255 4668 1677 4723 Lindemannus
1824 4672 1889 4721 18
1926 4668 2172 4725 insuevit
2207 4671 2480 4725 exercitus
2519 4668 2714 4738 populi
2752 4669 2992 4724 Romani
3031 4687 3220 4725 amare

607 4752 802 4818 potare
839 4749 1142 4804 Sallustius
1287 4754 1353 4803 19
1393 4748 1506 4804 Sal.
1536 4749 1664 4803 hist.
1696 4746 1773 4817 II]
1812 4746 1961 4802 idem
1998 4750 2128 4806 hist.
2169 4752 2191 4804 1
2232 4750 2307 4803 M
2332 4790 2344 4804 .
2372 4751 2436 4803 in
2463 4750 2649 4818 primo
2684 4749 3042 4804 historiarum
3078 4750 3221 4805 libro

606 4829 736 4883 olim
781 4830 1038 4885 Sallustii
1081 4831 1311 4885 editores
1354 4831 1723 4899 fraymentum
1759 4834 2064 4896 posueram
2233 4835 2303 4884 22
2350 4829 2592 4900 praebeo
2640 4828 2826 4883 Cicero
2997 4834 3066 4883 30
3105 4829 3221 4885 Sal.

606 4907 733 4962 hist.
772 4908 876 4979 111]
914 4910 976 4962 in
1012 4910 1260 4964 oratione
1298 4910 1491 4964 Mam-i
1526 4910 1570 4979 ἕ
1603 4914 1681 4966 12
