<?xml version="1.0" encoding="UTF-8"?>
<!DOCTYPE html PUBLIC "-//W3C//DTD XHTML 1.0 Transitional//EN"
    "http://www.w3.org/TR/xhtml1/DTD/xhtml1-transitional.dtd">
<html xmlns="http://www.w3.org/1999/xhtml" xml:lang="en" lang="en">
 <head>
  <title>
</title>
<meta http-equiv="Content-Type" content="text/html;charset=utf-8" />
  <meta name='ocr-system' content='tesseract 3.04.00' />
  <meta name='ocr-capabilities' content='ocr_page ocr_carea ocr_par ocr_line ocrx_word'/>
</head>
<body>
  <div class='ocr_page' id='page_1' title='image "./grammaticilatin09keilgoog_0541.png"; bbox 0 0 3613 5528; ppageno 0'>
   <div class='ocr_carea' id='block_1_1' title="bbox 375 394 2975 547">
    <p class='ocr_par' dir='ltr' id='par_1_1' title="bbox 375 394 2975 547">
     <span class='ocr_line' id='line_1_1' title="bbox 1332 394 2975 461; baseline 0.002 -11"><span class='ocrx_word' id='word_1_1' title='bbox 1332 395 1429 450; x_wconf 88' lang='lat' dir='ltr'><strong>DE</strong></span> <span class='ocrx_word' id='word_1_2' title='bbox 1487 394 1998 452; x_wconf 83' lang='lat' dir='ltr'><strong>DIFFERENTIIS</strong></span> <span class='ocrx_word' id='word_1_3' title='bbox 2848 396 2975 461; x_wconf 81' lang='lat'><strong>531</strong></span> 
     </span>
     <span class='ocr_line' id='line_1_2' title="bbox 375 477 1390 547; baseline -0.001 -9"><span class='ocrx_word' id='word_1_4' title='bbox 375 508 421 547; x_wconf 77' lang='lat' dir='ltr'><strong>p.</strong></span> <span class='ocrx_word' id='word_1_5' title='bbox 448 497 719 539; x_wconf 67' lang='lat' dir='ltr'><strong>snos-2204</strong></span> <span class='ocrx_word' id='word_1_6' title='bbox 743 498 794 537; x_wconf 84' lang='lat' dir='ltr'><strong>P.</strong></span> <span class='ocrx_word' id='word_1_7' title='bbox 1367 477 1390 508; x_wconf 70' lang='lat'><em>⁶</em></span> 
     </span>
    </p>
   </div>
   <div class='ocr_carea' id='block_1_2' title="bbox 295 579 3029 3239">
    <p class='ocr_par' dir='ltr' id='par_1_2' title="bbox 377 579 2982 751">
     <span class='ocr_line' id='line_1_3' title="bbox 377 579 2982 665; baseline 0 -22"><span class='ocrx_word' id='word_1_8' title='bbox 377 589 440 643; x_wconf 92' lang='lat' dir='ltr'><strong>et</strong></span> <span class='ocrx_word' id='word_1_9' title='bbox 474 583 707 662; x_wconf 79' lang='lat' dir='ltr'><strong>litigant</strong></span> <span class='ocrx_word' id='word_1_10' title='bbox 741 583 1041 663; x_wconf 81' lang='lat' dir='ltr'><strong>homineS,</strong></span> <span class='ocrx_word' id='word_1_11' title='bbox 1078 599 1177 643; x_wconf 91' lang='lat' dir='ltr'><strong>res</strong></span> <span class='ocrx_word' id='word_1_12' title='bbox 1213 584 1275 642; x_wconf 92' lang='lat' dir='ltr'><strong>in</strong></span> <span class='ocrx_word' id='word_1_13' title='bbox 1313 579 1779 644; x_wconf 84' lang='lat' dir='ltr'><strong>controversiam</strong></span> <span class='ocrx_word' id='word_1_14' title='bbox 1819 581 2150 644; x_wconf 81' lang='lat' dir='ltr'>deducitur.</span> <span class='ocrx_word' id='word_1_15' title='bbox 2224 585 2306 644; x_wconf 91' lang='lat' dir='ltr'><strong>ita</strong></span> <span class='ocrx_word' id='word_1_16' title='bbox 2342 585 2743 645; x_wconf 86' lang='lat' dir='ltr'><strong>controversia</strong></span> <span class='ocrx_word' id='word_1_17' title='bbox 2780 586 2982 665; x_wconf 76' lang='lat' dir='ltr'><strong>partiS,</strong></span> 
     </span>
     <span class='ocr_line' id='line_1_4' title="bbox 377 689 778 751; baseline 0.002 -1"><span class='ocrx_word' id='word_1_18' title='bbox 377 689 452 750; x_wconf 90' lang='lat' dir='ltr'><strong>lis</strong></span> <span class='ocrx_word' id='word_1_19' title='bbox 497 708 778 751; x_wconf 89' lang='lat' dir='ltr'><strong>summae.</strong></span> 
     </span>
    </p>

    <p class='ocr_par' dir='ltr' id='par_1_3' title="bbox 377 796 2984 985">
     <span class='ocr_line' id='line_1_5' title="bbox 553 796 2984 881; baseline 0.001 -24"><span class='ocrx_word' id='word_1_20' title='bbox 553 796 761 858; x_wconf 83' lang='lat' dir='ltr'><strong>Rixam</strong></span> <span class='ocrx_word' id='word_1_21' title='bbox 807 806 868 859; x_wconf 92' lang='lat' dir='ltr'><strong>et</strong></span> <span class='ocrx_word' id='word_1_22' title='bbox 912 815 1186 878; x_wconf 89' lang='lat' dir='ltr'><strong>pugnam.</strong></span> <span class='ocrx_word' id='word_1_23' title='bbox 1280 799 1404 858; x_wconf 83' lang='lat' dir='ltr'><strong>rixa</strong></span> <span class='ocrx_word' id='word_1_24' title='bbox 1453 799 1583 858; x_wconf 91' lang='lat' dir='ltr'><strong>sine</strong></span> <span class='ocrx_word' id='word_1_25' title='bbox 1621 799 1800 858; x_wconf 89' lang='lat' dir='ltr'><strong>armis</strong></span> <span class='ocrx_word' id='word_1_26' title='bbox 1839 806 1931 858; x_wconf 89' lang='lat' dir='ltr'><strong>est</strong></span> <span class='ocrx_word' id='word_1_27' title='bbox 1968 806 2030 858; x_wconf 90' lang='lat' dir='ltr'><strong>et</strong></span> <span class='ocrx_word' id='word_1_28' title='bbox 2085 796 2263 859; x_wconf 90' lang='lat' dir='ltr'><strong>habet</strong></span> <span class='ocrx_word' id='word_1_29' title='bbox 2310 797 2743 881; x_wconf 80' lang='lat' dir='ltr'><strong>defensionem,</strong></span> <span class='ocrx_word' id='word_1_30' title='bbox 2787 816 2984 879; x_wconf 88' lang='lat' dir='ltr'><strong>pugna</strong></span> 
     </span>
     <span class='ocr_line' id='line_1_6' title="bbox 377 903 2978 985; baseline 0.002 -22"><span class='ocrx_word' id='word_1_31' title='bbox 377 903 568 982; x_wconf 86' lang='lat' dir='ltr'><strong>legem</strong></span> <span class='ocrx_word' id='word_1_32' title='bbox 621 903 798 967; x_wconf 90' lang='lat' dir='ltr'><strong>habet</strong></span> <span class='ocrx_word' id='word_1_33' title='bbox 861 905 953 966; x_wconf 88' lang='lat' dir='ltr'><strong>vel</strong></span> <span class='ocrx_word' id='word_1_34' title='bbox 1019 903 1344 967; x_wconf 81' lang='lat' dir='ltr'><strong>naturalem</strong></span> <span class='ocrx_word' id='word_1_35' title='bbox 1401 905 1492 966; x_wconf 85' lang='lat' dir='ltr'><strong>vel</strong></span> <span class='ocrx_word' id='word_1_36' title='bbox 1549 904 1848 966; x_wconf 85' lang='lat' dir='ltr'><strong>moralem.</strong></span> <span class='ocrx_word' id='word_1_37' title='bbox 1942 914 2043 966; x_wconf 87' lang='lat' dir='ltr'><strong>aut</strong></span> <span class='ocrx_word' id='word_1_38' title='bbox 2097 907 2257 965; x_wconf 90' lang='lat' dir='ltr'><strong>enim</strong></span> <span class='ocrx_word' id='word_1_39' title='bbox 2321 904 2682 985; x_wconf 87' lang='lat' dir='ltr'><strong>palaestrans</strong></span> <span class='ocrx_word' id='word_1_40' title='bbox 2743 905 2978 970; x_wconf 86' lang='lat' dir='ltr'><strong>exhibet</strong></span> 
     </span>
    </p>

    <p class='ocr_par' dir='ltr' id='par_1_4' title="bbox 324 1011 2273 1093">
     <span class='ocr_line' id='line_1_7' title="bbox 324 1011 2273 1093; baseline 0.001 -23"><span class='ocrx_word' id='word_1_41' title='bbox 324 1025 351 1064; x_wconf 81' lang='lat'>5</span> <span class='ocrx_word' id='word_1_42' title='bbox 379 1014 660 1074; x_wconf 91' lang='lat' dir='ltr'><strong>virtutem</strong></span> <span class='ocrx_word' id='word_1_43' title='bbox 705 1019 807 1075; x_wconf 90' lang='lat' dir='ltr'><strong>aut</strong></span> <span class='ocrx_word' id='word_1_44' title='bbox 852 1015 1032 1074; x_wconf 89' lang='lat' dir='ltr'><strong>armis</strong></span> <span class='ocrx_word' id='word_1_45' title='bbox 1077 1031 1186 1093; x_wconf 90' lang='lat' dir='ltr'><strong>per</strong></span> <span class='ocrx_word' id='word_1_46' title='bbox 1232 1031 1462 1074; x_wconf 89' lang='lat' dir='ltr'><strong>summa</strong></span> <span class='ocrx_word' id='word_1_47' title='bbox 1506 1016 1658 1074; x_wconf 86' lang='lat' dir='ltr'><strong>vitae</strong></span> <span class='ocrx_word' id='word_1_48' title='bbox 1704 1011 1971 1092; x_wconf 91' lang='lat' dir='ltr'><strong>pericula</strong></span> <span class='ocrx_word' id='word_1_49' title='bbox 2016 1011 2273 1073; x_wconf 81' lang='lat' dir='ltr'><strong>dimicat.</strong></span> 
     </span>
    </p>

    <p class='ocr_par' dir='ltr' id='par_1_5' title="bbox 554 1118 2201 1200">
     <span class='ocr_line' id='line_1_8' title="bbox 554 1118 2201 1200; baseline 0.001 -20"><span class='ocrx_word' id='word_1_50' title='bbox 554 1119 798 1182; x_wconf 91' lang='lat' dir='ltr'><strong>Occulte</strong></span> <span class='ocrx_word' id='word_1_51' title='bbox 846 1129 906 1181; x_wconf 93' lang='lat' dir='ltr'><strong>et</strong></span> <span class='ocrx_word' id='word_1_52' title='bbox 952 1119 1116 1181; x_wconf 89' lang='lat' dir='ltr'><strong>clam.</strong></span> <span class='ocrx_word' id='word_1_53' title='bbox 1209 1119 1440 1182; x_wconf 82' lang='lat' dir='ltr'><strong>occulte</strong></span> <span class='ocrx_word' id='word_1_54' title='bbox 1486 1120 1697 1200; x_wconf 91' lang='lat' dir='ltr'><strong>latent,</strong></span> <span class='ocrx_word' id='word_1_55' title='bbox 1745 1118 1894 1180; x_wconf 90' lang='lat' dir='ltr'><strong>clam</strong></span> <span class='ocrx_word' id='word_1_56' title='bbox 1941 1118 2150 1181; x_wconf 85' lang='lat' dir='ltr'><strong>celant.</strong></span> <span class='ocrx_word' id='word_1_57' title='bbox 2190 1121 2201 1195; x_wconf 89' lang='grc' dir='ltr'>Ι</span> 
     </span>
    </p>

    <p class='ocr_par' dir='ltr' id='par_1_6' title="bbox 381 1226 2980 1524">
     <span class='ocr_line' id='line_1_9' title="bbox 553 1226 2980 1309; baseline 0 -21"><span class='ocrx_word' id='word_1_58' title='bbox 553 1226 779 1288; x_wconf 84' lang='lat' dir='ltr'><strong>Navum</strong></span> <span class='ocrx_word' id='word_1_59' title='bbox 816 1237 878 1288; x_wconf 90' lang='lat' dir='ltr'><strong>et</strong></span> <span class='ocrx_word' id='word_1_60' title='bbox 914 1227 1186 1289; x_wconf 90' lang='lat' dir='ltr'><strong>celerem.</strong></span> <span class='ocrx_word' id='word_1_61' title='bbox 1253 1246 1439 1288; x_wconf 87' lang='lat' dir='ltr'><strong>navus</strong></span> <span class='ocrx_word' id='word_1_62' title='bbox 1477 1245 1510 1287; x_wconf 93' lang='lat' dir='ltr'><strong>a</strong></span> <span class='ocrx_word' id='word_1_63' title='bbox 1544 1228 1867 1307; x_wconf 90' lang='lat' dir='ltr'><strong>praecipuo</strong></span> <span class='ocrx_word' id='word_1_64' title='bbox 1907 1228 2070 1286; x_wconf 85' lang='lat' dir='ltr'><strong>navis</strong></span> <span class='ocrx_word' id='word_1_65' title='bbox 2108 1244 2291 1288; x_wconf 90' lang='lat' dir='ltr'><strong>cursu</strong></span> <span class='ocrx_word' id='word_1_66' title='bbox 2328 1227 2572 1309; x_wconf 87' lang='lat' dir='ltr'><strong>dicitur,</strong></span> <span class='ocrx_word' id='word_1_67' title='bbox 2610 1228 2700 1289; x_wconf 85' lang='lat' dir='ltr'><strong>vel</strong></span> <span class='ocrx_word' id='word_1_68' title='bbox 2738 1227 2980 1290; x_wconf 90' lang='lat' dir='ltr'><strong>alterius</strong></span> 
     </span>
     <span class='ocr_line' id='line_1_10' title="bbox 386 1332 2979 1418; baseline 0.001 -24"><span class='ocrx_word' id='word_1_69' title='bbox 386 1352 561 1395; x_wconf 87' lang='lat' dir='ltr'><strong>causa</strong></span> <span class='ocrx_word' id='word_1_70' title='bbox 590 1353 802 1418; x_wconf 74' lang='lat' dir='ltr'><strong>navuS,</strong></span> <span class='ocrx_word' id='word_1_71' title='bbox 841 1338 943 1414; x_wconf 90' lang='lat' dir='ltr'><strong>qui</strong></span> <span class='ocrx_word' id='word_1_72' title='bbox 973 1334 1173 1397; x_wconf 82' lang='lat' dir='ltr'><strong>studet</strong></span> <span class='ocrx_word' id='word_1_73' title='bbox 1208 1353 1318 1415; x_wconf 91' lang='lat' dir='ltr'><strong>per</strong></span> <span class='ocrx_word' id='word_1_74' title='bbox 1356 1335 1618 1396; x_wconf 82' lang='lat' dir='ltr'><strong>officium</strong></span> <span class='ocrx_word' id='word_1_75' title='bbox 1656 1351 1833 1394; x_wconf 89' lang='lat' dir='ltr'><strong>suum</strong></span> <span class='ocrx_word' id='word_1_76' title='bbox 1871 1332 2041 1393; x_wconf 88' lang='lat' dir='ltr'><strong>alteri</strong></span> <span class='ocrx_word' id='word_1_77' title='bbox 2070 1333 2381 1414; x_wconf 82' lang='lat' dir='ltr'>prodesse:</span> <span class='ocrx_word' id='word_1_78' title='bbox 2419 1335 2577 1397; x_wconf 94' lang='lat' dir='ltr'><strong>celer</strong></span> <span class='ocrx_word' id='word_1_79' title='bbox 2607 1344 2698 1398; x_wconf 90' lang='lat' dir='ltr'><strong>est</strong></span> <span class='ocrx_word' id='word_1_80' title='bbox 2728 1335 2979 1415; x_wconf 89' lang='lat' dir='ltr'><strong>[celere]</strong></span> 
     </span>
     <span class='ocr_line' id='line_1_11' title="bbox 381 1440 2979 1524; baseline 0.002 -22"><span class='ocrx_word' id='word_1_81' title='bbox 381 1440 635 1503; x_wconf 90' lang='lat' dir='ltr'><strong>naturali</strong></span> <span class='ocrx_word' id='word_1_82' title='bbox 680 1441 885 1504; x_wconf 89' lang='lat' dir='ltr'><strong>habitu</strong></span> <span class='ocrx_word' id='word_1_83' title='bbox 934 1451 994 1504; x_wconf 86' lang='lat' dir='ltr'><strong>et</strong></span> <span class='ocrx_word' id='word_1_84' title='bbox 1032 1443 1245 1522; x_wconf 85' lang='lat' dir='ltr'><strong>recipit</strong></span> <span class='ocrx_word' id='word_1_85' title='bbox 1283 1443 1782 1522; x_wconf 78' lang='lat' dir='ltr'><strong>comparationem</strong></span> <span class='ocrx_word' id='word_1_86' title='bbox 1824 1441 2434 1524; x_wconf 86' lang='lat' dir='ltr'><strong>superlationemque,</strong></span> <span class='ocrx_word' id='word_1_87' title='bbox 2481 1446 2618 1523; x_wconf 92' lang='lat' dir='ltr'><strong>quia</strong></span> <span class='ocrx_word' id='word_1_88' title='bbox 2654 1462 2979 1524; x_wconf 84' lang='lat' dir='ltr'><strong>cognomen</strong></span> 
     </span>
    </p>

    <p class='ocr_par' dir='ltr' id='par_1_7' title="bbox 300 1545 2981 1736">
     <span class='ocr_line' id='line_1_12' title="bbox 300 1545 2981 1631; baseline 0.001 -21"><span class='ocrx_word' id='word_1_89' title='bbox 300 1562 351 1601; x_wconf 81' lang='grc' dir='ltr'><strong>ιο</strong></span> <span class='ocrx_word' id='word_1_90' title='bbox 379 1556 486 1610; x_wconf 87' lang='lat' dir='ltr'><strong>est.</strong></span> <span class='ocrx_word' id='word_1_91' title='bbox 576 1551 657 1610; x_wconf 91' lang='lat' dir='ltr'><strong>ita</strong></span> <span class='ocrx_word' id='word_1_92' title='bbox 706 1566 888 1610; x_wconf 84' lang='lat' dir='ltr'><strong>navus</strong></span> <span class='ocrx_word' id='word_1_93' title='bbox 935 1566 1175 1628; x_wconf 84' lang='lat' dir='ltr'><strong>operam</strong></span> <span class='ocrx_word' id='word_1_94' title='bbox 1214 1545 1385 1609; x_wconf 79' lang='lat' dir='ltr'><strong>navat</strong></span> <span class='ocrx_word' id='word_1_95' title='bbox 1421 1547 1619 1631; x_wconf 89' lang='lat' dir='ltr'><strong>alteri,</strong></span> <span class='ocrx_word' id='word_1_96' title='bbox 1665 1547 1826 1609; x_wconf 89' lang='lat' dir='ltr'><strong>celer</strong></span> <span class='ocrx_word' id='word_1_97' title='bbox 1864 1555 1932 1609; x_wconf 89' lang='lat' dir='ltr'><strong>ut</strong></span> <span class='ocrx_word' id='word_1_98' title='bbox 1969 1565 2136 1609; x_wconf 88' lang='lat' dir='ltr'><strong>suam</strong></span> <span class='ocrx_word' id='word_1_99' title='bbox 2173 1566 2302 1609; x_wconf 89' lang='lat' dir='ltr'><strong>rem</strong></span> <span class='ocrx_word' id='word_1_100' title='bbox 2339 1550 2420 1610; x_wconf 92' lang='lat' dir='ltr'><strong>ita</strong></span> <span class='ocrx_word' id='word_1_101' title='bbox 2458 1548 2706 1610; x_wconf 88' lang='lat' dir='ltr'><strong>alterius</strong></span> <span class='ocrx_word' id='word_1_102' title='bbox 2743 1568 2981 1630; x_wconf 90' lang='lat' dir='ltr'><strong>quoque</strong></span> 
     </span>
     <span class='ocr_line' id='line_1_13' title="bbox 379 1655 947 1736; baseline -0.002 -19"><span class='ocrx_word' id='word_1_103' title='bbox 379 1655 653 1718; x_wconf 84' lang='lat' dir='ltr'><strong>celeriter</strong></span> <span class='ocrx_word' id='word_1_104' title='bbox 699 1657 947 1736; x_wconf 86' lang='lat' dir='ltr'><strong>perficit.</strong></span> 
     </span>
    </p>

    <p class='ocr_par' dir='ltr' id='par_1_8' title="bbox 377 1741 2982 1951">
     <span class='ocr_line' id='line_1_14' title="bbox 554 1741 2982 1847; baseline 0.001 -24"><span class='ocrx_word' id='word_1_105' title='bbox 554 1763 778 1844; x_wconf 84' lang='lat' dir='ltr'><strong>Agilem</strong></span> <span class='ocrx_word' id='word_1_106' title='bbox 825 1770 886 1824; x_wconf 92' lang='lat' dir='ltr'><strong>et</strong></span> <span class='ocrx_word' id='word_1_107' title='bbox 932 1770 1242 1824; x_wconf 90' lang='lat' dir='ltr'><strong>strenuum</strong></span> <span class='ocrx_word' id='word_1_108' title='bbox 1288 1772 1350 1824; x_wconf 91' lang='lat' dir='ltr'><strong>et</strong></span> <span class='ocrx_word' id='word_1_109' title='bbox 1395 1765 1626 1824; x_wconf 82' lang='lat' dir='ltr'><strong>fortem.</strong></span> <span class='ocrx_word' id='word_1_110' title='bbox 1719 1762 1932 1843; x_wconf 88' lang='lat' dir='ltr'><strong>agilem</strong></span> <span class='ocrx_word' id='word_1_111' title='bbox 1977 1765 2129 1825; x_wconf 91' lang='lat' dir='ltr'><strong>actio</strong></span> <span class='ocrx_word' id='word_1_112' title='bbox 2186 1741 2354 1845; x_wconf 65' lang='lat' dir='ltr'><strong>iacit,</strong></span> <span class='ocrx_word' id='word_1_113' title='bbox 2411 1773 2724 1826; x_wconf 88' lang='lat' dir='ltr'><strong>strenuum</strong></span> <span class='ocrx_word' id='word_1_114' title='bbox 2770 1772 2982 1847; x_wconf 78' lang='lat' dir='ltr'><strong>motuS,</strong></span> 
     </span>
     <span class='ocr_line' id='line_1_15' title="bbox 377 1872 875 1951; baseline 0 -20"><span class='ocrx_word' id='word_1_115' title='bbox 377 1872 594 1932; x_wconf 81' lang='lat' dir='ltr'><strong>fortem</strong></span> <span class='ocrx_word' id='word_1_116' title='bbox 640 1888 875 1951; x_wconf 80' lang='lat' dir='ltr'><strong>corpus,</strong></span> 
     </span>
    </p>

    <p class='ocr_par' dir='ltr' id='par_1_9' title="bbox 557 1977 2980 2060">
     <span class='ocr_line' id='line_1_16' title="bbox 557 1977 2980 2060; baseline 0.001 -22"><span class='ocrx_word' id='word_1_117' title='bbox 557 1977 985 2039; x_wconf 85' lang='lat' dir='ltr'><strong>Contumeliam</strong></span> <span class='ocrx_word' id='word_1_118' title='bbox 1031 1986 1092 2038; x_wconf 93' lang='lat' dir='ltr'><strong>et</strong></span> <span class='ocrx_word' id='word_1_119' title='bbox 1146 1979 1440 2039; x_wconf 89' lang='lat' dir='ltr'><strong>iniuriam.</strong></span> <span class='ocrx_word' id='word_1_120' title='bbox 1533 1977 1950 2040; x_wconf 87' lang='lat' dir='ltr'><strong>contumeliam</strong></span> <span class='ocrx_word' id='word_1_121' title='bbox 1998 1978 2289 2059; x_wconf 81' lang='lat' dir='ltr'><strong>inferunt,</strong></span> <span class='ocrx_word' id='word_1_122' title='bbox 2334 1980 2612 2040; x_wconf 89' lang='lat' dir='ltr'><strong>iniuriam</strong></span> <span class='ocrx_word' id='word_1_123' title='bbox 2658 1983 2980 2060; x_wconf 90' lang='lat' dir='ltr'><strong>patiuntur.</strong></span> 
     </span>
    </p>

    <p class='ocr_par' dir='ltr' id='par_1_10' title="bbox 299 2083 2982 2273">
     <span class='ocr_line' id='line_1_17' title="bbox 299 2083 2982 2170; baseline 0.003 -30"><span class='ocrx_word' id='word_1_124' title='bbox 299 2099 351 2140; x_wconf 85' lang='lat'><strong>15</strong></span> <span class='ocrx_word' id='word_1_125' title='bbox 558 2084 904 2165; x_wconf 89' lang='lat' dir='ltr'><strong>Spectacula</strong></span> <span class='ocrx_word' id='word_1_126' title='bbox 970 2093 1031 2146; x_wconf 88' lang='lat' dir='ltr'><strong>et</strong></span> <span class='ocrx_word' id='word_1_127' title='bbox 1095 2092 1510 2166; x_wconf 88' lang='lat' dir='ltr'><strong>spectamenta.</strong></span> <span class='ocrx_word' id='word_1_128' title='bbox 1611 2083 1949 2165; x_wconf 89' lang='lat' dir='ltr'><strong>spectacula</strong></span> <span class='ocrx_word' id='word_1_129' title='bbox 2013 2085 2139 2146; x_wconf 88' lang='lat' dir='ltr'><strong>loca</strong></span> <span class='ocrx_word' id='word_1_130' title='bbox 2202 2094 2343 2147; x_wconf 90' lang='lat' dir='ltr'><strong>sunt</strong></span> <span class='ocrx_word' id='word_1_131' title='bbox 2406 2086 2564 2148; x_wconf 86' lang='lat' dir='ltr'><strong>unde</strong></span> <span class='ocrx_word' id='word_1_132' title='bbox 2630 2094 2982 2170; x_wconf 76' lang='lat' dir='ltr'><strong>spectamuS,</strong></span> 
     </span>
     <span class='ocr_line' id='line_1_18' title="bbox 378 2200 1390 2273; baseline -0.002 -19"><span class='ocrx_word' id='word_1_133' title='bbox 378 2200 780 2273; x_wconf 87' lang='lat' dir='ltr'><strong>spectamenta</strong></span> <span class='ocrx_word' id='word_1_134' title='bbox 827 2210 978 2273; x_wconf 92' lang='lat' dir='ltr'><strong>quae</strong></span> <span class='ocrx_word' id='word_1_135' title='bbox 1025 2200 1390 2273; x_wconf 84' lang='lat' dir='ltr'><strong>spectantur.</strong></span> 
     </span>
    </p>

    <p class='ocr_par' dir='ltr' id='par_1_11' title="bbox 377 2298 3029 2596">
     <span class='ocr_line' id='line_1_19' title="bbox 559 2298 2985 2385; baseline 0.002 -25"><span class='ocrx_word' id='word_1_136' title='bbox 559 2299 867 2362; x_wconf 89' lang='lat' dir='ltr'><strong>Pascentia</strong></span> <span class='ocrx_word' id='word_1_137' title='bbox 913 2309 975 2361; x_wconf 89' lang='lat' dir='ltr'><strong>et</strong></span> <span class='ocrx_word' id='word_1_138' title='bbox 1020 2298 1373 2381; x_wconf 89' lang='lat' dir='ltr'><strong>pabulantia.</strong></span> <span class='ocrx_word' id='word_1_139' title='bbox 1446 2302 1749 2380; x_wconf 86' lang='lat' dir='ltr'><strong>pascentia</strong></span> <span class='ocrx_word' id='word_1_140' title='bbox 1787 2308 1930 2362; x_wconf 92' lang='lat' dir='ltr'><strong>sunt</strong></span> <span class='ocrx_word' id='word_1_141' title='bbox 1967 2319 2117 2381; x_wconf 89' lang='lat' dir='ltr'><strong>quae</strong></span> <span class='ocrx_word' id='word_1_142' title='bbox 2155 2320 2228 2362; x_wconf 86' lang='lat' dir='ltr'><strong>ex</strong></span> <span class='ocrx_word' id='word_1_143' title='bbox 2267 2320 2331 2362; x_wconf 89' lang='lat' dir='ltr'><strong>se</strong></span> <span class='ocrx_word' id='word_1_144' title='bbox 2368 2312 2648 2385; x_wconf 88' lang='lat' dir='ltr'><strong>pascunt,</strong></span> <span class='ocrx_word' id='word_1_145' title='bbox 2695 2312 2763 2364; x_wconf 91' lang='lat' dir='ltr'><strong>ut</strong></span> <span class='ocrx_word' id='word_1_146' title='bbox 2800 2312 2985 2385; x_wconf 89' lang='lat' dir='ltr'><strong>prata,</strong></span> 
     </span>
     <span class='ocr_line' id='line_1_20' title="bbox 379 2388 3029 2492; baseline 0.002 -24"><span class='ocrx_word' id='word_1_147' title='bbox 379 2416 441 2468; x_wconf 91' lang='lat' dir='ltr'><strong>et</strong></span> <span class='ocrx_word' id='word_1_148' title='bbox 483 2410 785 2489; x_wconf 89' lang='lat' dir='ltr'><strong>pascentia</strong></span> <span class='ocrx_word' id='word_1_149' title='bbox 830 2409 1118 2488; x_wconf 87' lang='lat' dir='ltr'><strong>mancipia</strong></span> <span class='ocrx_word' id='word_1_150' title='bbox 1166 2425 1315 2486; x_wconf 90' lang='lat' dir='ltr'><strong>quae</strong></span> <span class='ocrx_word' id='word_1_151' title='bbox 1361 2416 1639 2490; x_wconf 87' lang='lat' dir='ltr'><strong>pascunt;</strong></span> <span class='ocrx_word' id='word_1_152' title='bbox 1692 2408 1827 2469; x_wconf 89' lang='lat' dir='ltr'><strong>ideo</strong></span> <span class='ocrx_word' id='word_1_153' title='bbox 1873 2411 2048 2470; x_wconf 89' lang='lat' dir='ltr'><strong>etiam</strong></span> <span class='ocrx_word' id='word_1_154' title='bbox 2103 2417 2372 2490; x_wconf 85' lang='lat' dir='ltr'><strong>pastores</strong></span> <span class='ocrx_word' id='word_1_155' title='bbox 2428 2417 2743 2482; x_wconf 80' lang='lat' dir='ltr'><strong>vocantur:</strong></span> <span class='ocrx_word' id='word_1_156' title='bbox 2800 2411 2980 2492; x_wconf 85' lang='lat' dir='ltr'><strong>pabu-</strong></span> <span class='ocrx_word' id='word_1_157' title='bbox 3014 2388 3029 2400; x_wconf 44' lang='lat'>²</span> 
     </span>
     <span class='ocr_line' id='line_1_21' title="bbox 377 2515 1780 2596; baseline 0 -20"><span class='ocrx_word' id='word_1_158' title='bbox 377 2515 556 2577; x_wconf 90' lang='lat' dir='ltr'><strong>lantia</strong></span> <span class='ocrx_word' id='word_1_159' title='bbox 603 2533 743 2575; x_wconf 90' lang='lat' dir='ltr'><strong>vero</strong></span> <span class='ocrx_word' id='word_1_160' title='bbox 787 2533 941 2595; x_wconf 90' lang='lat' dir='ltr'><strong>quae</strong></span> <span class='ocrx_word' id='word_1_161' title='bbox 987 2521 1342 2596; x_wconf 86' lang='lat' dir='ltr'><strong>pascuntur,</strong></span> <span class='ocrx_word' id='word_1_162' title='bbox 1390 2524 1457 2576; x_wconf 91' lang='lat' dir='ltr'><strong>ut</strong></span> <span class='ocrx_word' id='word_1_163' title='bbox 1501 2518 1780 2576; x_wconf 90' lang='lat' dir='ltr'><strong>iumenta.</strong></span> 
     </span>
    </p>

    <p class='ocr_par' dir='ltr' id='par_1_12' title="bbox 295 2621 2984 3239">
     <span class='ocr_line' id='line_1_22' title="bbox 295 2621 2978 2703; baseline 0.004 -26"><span class='ocrx_word' id='word_1_164' title='bbox 295 2639 350 2678; x_wconf 75' lang='lat' dir='ltr'><strong>so</strong></span> <span class='ocrx_word' id='word_1_165' title='bbox 557 2621 857 2683; x_wconf 84' lang='lat' dir='ltr'><strong>Volventia</strong></span> <span class='ocrx_word' id='word_1_166' title='bbox 895 2629 956 2683; x_wconf 91' lang='lat' dir='ltr'><strong>et</strong></span> <span class='ocrx_word' id='word_1_167' title='bbox 991 2621 1283 2683; x_wconf 84' lang='lat' dir='ltr'><strong>volubilia.</strong></span> <span class='ocrx_word' id='word_1_168' title='bbox 1356 2621 1647 2684; x_wconf 80' lang='lat' dir='ltr'><strong>volventia</strong></span> <span class='ocrx_word' id='word_1_169' title='bbox 1685 2641 1836 2702; x_wconf 92' lang='lat' dir='ltr'><strong>quae</strong></span> <span class='ocrx_word' id='word_1_170' title='bbox 1865 2622 2131 2703; x_wconf 82' lang='lat' dir='ltr'><strong>volvunt,</strong></span> <span class='ocrx_word' id='word_1_171' title='bbox 2166 2622 2442 2684; x_wconf 83' lang='lat' dir='ltr'><strong>volubilia</strong></span> <span class='ocrx_word' id='word_1_172' title='bbox 2472 2642 2623 2703; x_wconf 90' lang='lat' dir='ltr'><strong>quae</strong></span> <span class='ocrx_word' id='word_1_173' title='bbox 2650 2624 2978 2689; x_wconf 84' lang='lat' dir='ltr'><strong>volvuntur.</strong></span> 
     </span>
     <span class='ocr_line' id='line_1_23' title="bbox 555 2730 2876 2813; baseline 0.001 -22"><span class='ocrx_word' id='word_1_174' title='bbox 555 2732 833 2792; x_wconf 85' lang='lat' dir='ltr'><strong>Animum</strong></span> <span class='ocrx_word' id='word_1_175' title='bbox 880 2738 939 2791; x_wconf 92' lang='lat' dir='ltr'><strong>et</strong></span> <span class='ocrx_word' id='word_1_176' title='bbox 984 2732 1253 2792; x_wconf 90' lang='lat' dir='ltr'><strong>animam.</strong></span> <span class='ocrx_word' id='word_1_177' title='bbox 1345 2732 1577 2791; x_wconf 90' lang='lat' dir='ltr'><strong>animus</strong></span> <span class='ocrx_word' id='word_1_178' title='bbox 1624 2730 1876 2811; x_wconf 84' lang='lat' dir='ltr'><strong>qualitas</strong></span> <span class='ocrx_word' id='word_1_179' title='bbox 1924 2732 2199 2813; x_wconf 80' lang='lat' dir='ltr'><strong>viventis,</strong></span> <span class='ocrx_word' id='word_1_180' title='bbox 2245 2732 2438 2792; x_wconf 89' lang='lat' dir='ltr'><strong>anima</strong></span> <span class='ocrx_word' id='word_1_181' title='bbox 2485 2749 2661 2793; x_wconf 85' lang='lat' dir='ltr'><strong>causa</strong></span> <span class='ocrx_word' id='word_1_182' title='bbox 2710 2734 2876 2795; x_wconf 85' lang='lat' dir='ltr'><strong>vitae.</strong></span> 
     </span>
     <span class='ocr_line' id='line_1_24' title="bbox 509 2831 2984 2920; baseline 0.001 -22"><span class='ocrx_word' id='word_1_183' title='bbox 509 2838 859 2900; x_wconf 82' lang='lat' dir='ltr'><strong>·Materiam</strong></span> <span class='ocrx_word' id='word_1_184' title='bbox 933 2847 994 2898; x_wconf 87' lang='lat' dir='ltr'><strong>et</strong></span> <span class='ocrx_word' id='word_1_185' title='bbox 1057 2839 1380 2899; x_wconf 86' lang='lat' dir='ltr'><strong>materiem.</strong></span> <span class='ocrx_word' id='word_1_186' title='bbox 1491 2841 1768 2899; x_wconf 89' lang='lat' dir='ltr'><strong>materies</strong></span> <span class='ocrx_word' id='word_1_187' title='bbox 1835 2840 2013 2899; x_wconf 91' lang='lat' dir='ltr'><strong>animi</strong></span> <span class='ocrx_word' id='word_1_188' title='bbox 2081 2847 2198 2919; x_wconf 90' lang='lat' dir='ltr'><strong>est,</strong></span> <span class='ocrx_word' id='word_1_189' title='bbox 2239 2831 2250 2920; x_wconf 89' lang='grc' dir='ltr'>Ι</span> <span class='ocrx_word' id='word_1_190' title='bbox 2291 2840 2531 2899; x_wconf 90' lang='lat' dir='ltr'><strong>materia</strong></span> <span class='ocrx_word' id='word_1_191' title='bbox 2596 2837 2853 2920; x_wconf 81' lang='lat' dir='ltr'><strong>arboris3</strong></span> <span class='ocrx_word' id='word_1_192' title='bbox 2925 2848 2984 2901; x_wconf 90' lang='lat' dir='ltr'><strong>et</strong></span> 
     </span>
     <span class='ocr_line' id='line_1_25' title="bbox 382 2945 2019 3029; baseline -0.001 -22"><span class='ocrx_word' id='word_1_193' title='bbox 382 2949 657 3007; x_wconf 86' lang='lat' dir='ltr'><strong>materies</strong></span> <span class='ocrx_word' id='word_1_194' title='bbox 705 2945 955 3026; x_wconf 88' lang='lat' dir='ltr'><strong>qualitas</strong></span> <span class='ocrx_word' id='word_1_195' title='bbox 999 2947 1248 3029; x_wconf 87' lang='lat' dir='ltr'><strong>ingenii,</strong></span> <span class='ocrx_word' id='word_1_196' title='bbox 1294 2947 1540 3007; x_wconf 89' lang='lat' dir='ltr'><strong>materia</strong></span> <span class='ocrx_word' id='word_1_197' title='bbox 1588 2945 1770 3006; x_wconf 82' lang='lat' dir='ltr'><strong>fabris</strong></span> <span class='ocrx_word' id='word_1_198' title='bbox 1817 2954 1967 3025; x_wconf 87' lang='lat' dir='ltr'><strong>apta.</strong></span> <span class='ocrx_word' id='word_1_199' title='bbox 2012 3008 2019 3013; x_wconf 75' lang='grc'>,</span> 
     </span>
     <span class='ocr_line' id='line_1_26' title="bbox 557 3051 2984 3135; baseline 0.001 -22"><span class='ocrx_word' id='word_1_200' title='bbox 557 3052 839 3114; x_wconf 89' lang='lat' dir='ltr'><strong>Hebescit</strong></span> <span class='ocrx_word' id='word_1_201' title='bbox 892 3062 951 3114; x_wconf 90' lang='lat' dir='ltr'><strong>et</strong></span> <span class='ocrx_word' id='word_1_202' title='bbox 1006 3051 1351 3114; x_wconf 86' lang='lat' dir='ltr'><strong>hebetescit.</strong></span> <span class='ocrx_word' id='word_1_203' title='bbox 1454 3052 1722 3114; x_wconf 88' lang='lat' dir='ltr'><strong>hebescit</strong></span> <span class='ocrx_word' id='word_1_204' title='bbox 1777 3055 1881 3133; x_wconf 90' lang='lat' dir='ltr'><strong>qui</strong></span> <span class='ocrx_word' id='word_1_205' title='bbox 1937 3061 2146 3115; x_wconf 87' lang='lat' dir='ltr'><strong>natura</strong></span> <span class='ocrx_word' id='word_1_206' title='bbox 2201 3052 2595 3135; x_wconf 85' lang='lat' dir='ltr'><strong>obstupescit,</strong></span> <span class='ocrx_word' id='word_1_207' title='bbox 2657 3051 2984 3115; x_wconf 87' lang='lat' dir='ltr'><strong>hebetescit</strong></span> 
     </span>
     <span class='ocr_line' id='line_1_27' title="bbox 300 3161 1019 3239; baseline 0.008 -25"><span class='ocrx_word' id='word_1_208' title='bbox 300 3174 353 3215; x_wconf 80' lang='lat'><strong>25</strong></span> <span class='ocrx_word' id='word_1_209' title='bbox 383 3162 485 3239; x_wconf 92' lang='lat' dir='ltr'><strong>qui</strong></span> <span class='ocrx_word' id='word_1_210' title='bbox 531 3161 773 3221; x_wconf 86' lang='lat' dir='ltr'><strong>amitttit</strong></span> <span class='ocrx_word' id='word_1_211' title='bbox 816 3161 1019 3220; x_wconf 91' lang='lat' dir='ltr'><strong>aciem.</strong></span> 
     </span>
    </p>
   </div>
   <div class='ocr_carea' id='block_1_3' title="bbox 384 3264 2981 3435">
    <p class='ocr_par' dir='ltr' id='par_1_13' title="bbox 384 3264 2981 3435">
     <span class='ocr_line' id='line_1_28' title="bbox 557 3264 2981 3349; baseline 0.001 -23"><span class='ocrx_word' id='word_1_212' title='bbox 557 3266 640 3327; x_wconf 87' lang='lat' dir='ltr'><strong>Da</strong></span> <span class='ocrx_word' id='word_1_213' title='bbox 696 3276 756 3327; x_wconf 91' lang='lat' dir='ltr'><strong>et</strong></span> <span class='ocrx_word' id='word_1_214' title='bbox 811 3266 973 3328; x_wconf 86' lang='lat' dir='ltr'><strong>cedo.</strong></span> <span class='ocrx_word' id='word_1_215' title='bbox 1074 3269 1224 3329; x_wconf 83' lang='lat' dir='ltr'><strong>cedo</strong></span> <span class='ocrx_word' id='word_1_216' title='bbox 1272 3265 1384 3328; x_wconf 87' lang='lat' dir='ltr'><strong>sibi</strong></span> <span class='ocrx_word' id='word_1_217' title='bbox 1431 3270 1624 3347; x_wconf 90' lang='lat' dir='ltr'><strong>poscit</strong></span> <span class='ocrx_word' id='word_1_218' title='bbox 1669 3278 1730 3328; x_wconf 90' lang='lat' dir='ltr'><strong>et</strong></span> <span class='ocrx_word' id='word_1_219' title='bbox 1776 3276 1870 3328; x_wconf 90' lang='lat' dir='ltr'><strong>est</strong></span> <span class='ocrx_word' id='word_1_220' title='bbox 1914 3267 2221 3349; x_wconf 86' lang='lat' dir='ltr'><strong>inmobile,</strong></span> <span class='ocrx_word' id='word_1_221' title='bbox 2268 3267 2367 3328; x_wconf 90' lang='lat' dir='ltr'><strong>dat</strong></span> <span class='ocrx_word' id='word_1_222' title='bbox 2414 3269 2514 3346; x_wconf 91' lang='lat' dir='ltr'><strong>qui</strong></span> <span class='ocrx_word' id='word_1_223' title='bbox 2560 3264 2608 3346; x_wconf 86' lang='lat'>†</span> <span class='ocrx_word' id='word_1_224' title='bbox 2655 3287 2771 3329; x_wconf 93' lang='lat' dir='ltr'><strong>non</strong></span> <span class='ocrx_word' id='word_1_225' title='bbox 2820 3269 2981 3329; x_wconf 86' lang='lat' dir='ltr'><strong>finite</strong></span> 
     </span>
     <span class='ocr_line' id='line_1_29' title="bbox 384 3373 786 3435; baseline -0.002 0"><span class='ocrx_word' id='word_1_226' title='bbox 384 3375 523 3435; x_wconf 82' lang='lat' dir='ltr'><strong>facit</strong></span> <span class='ocrx_word' id='word_1_227' title='bbox 570 3373 786 3435; x_wconf 87' lang='lat' dir='ltr'><strong>datum.</strong></span> 
     </span>
    </p>
   </div>
   <div class='ocr_carea' id='block_1_4' title="bbox 385 3532 806 3543">
    <p class='ocr_par' dir='ltr' id='par_1_14' title="bbox 385 3532 806 3543">
     <span class='ocr_line' id='line_1_30' title="bbox 385 3532 806 3543; baseline 0 1985"><span class='ocrx_word' id='word_1_228' title='bbox 385 3532 806 3543; x_wconf 95' lang='lat' dir='ltr'><strong> </strong></span> 
     </span>
    </p>
   </div>
   <div class='ocr_carea' id='block_1_5' title="bbox 382 3617 2985 3847">
    <p class='ocr_par' dir='ltr' id='par_1_15' title="bbox 382 3617 2985 3847">
     <span class='ocr_line' id='line_1_31' title="bbox 565 3617 2985 3690; baseline 0.002 -20"><span class='ocrx_word' id='word_1_229' title='bbox 565 3623 628 3670; x_wconf 90' lang='grc'><strong>12</strong></span> <span class='ocrx_word' id='word_1_230' title='bbox 675 3618 827 3671; x_wconf 83' lang='lat' dir='ltr'><strong>Inter</strong></span> <span class='ocrx_word' id='word_1_231' title='bbox 872 3617 1080 3688; x_wconf 82' lang='lat' dir='ltr'><strong>agilem</strong></span> <span class='ocrx_word' id='word_1_232' title='bbox 1128 3621 1188 3673; x_wconf 85' lang='lat' dir='ltr'><strong>et</strong></span> <span class='ocrx_word' id='word_1_233' title='bbox 1232 3621 1519 3674; x_wconf 86' lang='lat' dir='ltr'><strong>strenuum</strong></span> <span class='ocrx_word' id='word_1_234' title='bbox 1566 3620 1624 3672; x_wconf 85' lang='lat' dir='ltr'><strong>et</strong></span> <span class='ocrx_word' id='word_1_235' title='bbox 1668 3618 1873 3674; x_wconf 84' lang='lat' dir='ltr'><strong>fortem</strong></span> <span class='ocrx_word' id='word_1_236' title='bbox 1920 3620 1979 3674; x_wconf 89' lang='lat' dir='ltr'><strong>et</strong></span> <span class='ocrx_word' id='word_1_237' title='bbox 2023 3618 2272 3673; x_wconf 81' lang='lat' dir='ltr'><strong>validum</strong></span> <span class='ocrx_word' id='word_1_238' title='bbox 2322 3662 2333 3674; x_wconf 95' lang='lat'><strong>.</strong></span> <span class='ocrx_word' id='word_1_239' title='bbox 2381 3618 2589 3690; x_wconf 84' lang='lat' dir='ltr'><strong>agilem</strong></span> <span class='ocrx_word' id='word_1_240' title='bbox 2636 3619 2786 3676; x_wconf 86' lang='lat' dir='ltr'><strong>actio</strong></span> <span class='ocrx_word' id='word_1_241' title='bbox 2832 3619 2985 3686; x_wconf 86' lang='lat' dir='ltr'><strong>facit,</strong></span> 
     </span>
     <span class='ocr_line' id='line_1_32' title="bbox 383 3697 2985 3769; baseline 0.001 -18"><span class='ocrx_word' id='word_1_242' title='bbox 383 3702 670 3752; x_wconf 87' lang='lat' dir='ltr'><strong>strenuum</strong></span> <span class='ocrx_word' id='word_1_243' title='bbox 715 3699 921 3765; x_wconf 85' lang='lat' dir='ltr'><strong>metus,</strong></span> <span class='ocrx_word' id='word_1_244' title='bbox 965 3697 1172 3752; x_wconf 85' lang='lat' dir='ltr'><strong>fortem</strong></span> <span class='ocrx_word' id='word_1_245' title='bbox 1218 3698 1461 3765; x_wconf 81' lang='lat' dir='ltr'><strong>animus,</strong></span> <span class='ocrx_word' id='word_1_246' title='bbox 1516 3698 1767 3753; x_wconf 81' lang='lat' dir='ltr'><strong>validum</strong></span> <span class='ocrx_word' id='word_1_247' title='bbox 1816 3717 2016 3769; x_wconf 82' lang='lat' dir='ltr'><strong>corpus</strong></span> <span class='ocrx_word' id='word_1_248' title='bbox 2062 3701 2176 3755; x_wconf 78' lang='lat' dir='ltr'><strong>cod.</strong></span> <span class='ocrx_word' id='word_1_249' title='bbox 2228 3700 2409 3755; x_wconf 77' lang='lat' dir='ltr'><strong>Mont.</strong></span> <span class='ocrx_word' id='word_1_250' title='bbox 2583 3707 2649 3755; x_wconf 89' lang='grc'><strong>22</strong></span> <span class='ocrx_word' id='word_1_251' title='bbox 2688 3699 2985 3755; x_wconf 77' lang='lat' dir='ltr'><strong>Materiam</strong></span> 
     </span>
     <span class='ocr_line' id='line_1_33' title="bbox 382 3776 1698 3847; baseline 0.002 -15"><span class='ocrx_word' id='word_1_252' title='bbox 382 3778 540 3833; x_wconf 83' lang='lat' dir='ltr'><strong>Beda</strong></span> <span class='ocrx_word' id='word_1_253' title='bbox 576 3783 749 3847; x_wconf 81' lang='lat'><em>279‚2</em></span> <span class='ocrx_word' id='word_1_254' title='bbox 894 3784 964 3831; x_wconf 82' lang='lat'><strong>24</strong></span> <span class='ocrx_word' id='word_1_255' title='bbox 999 3776 1266 3833; x_wconf 84' lang='lat' dir='ltr'><strong>Hebescit</strong></span> <span class='ocrx_word' id='word_1_256' title='bbox 1301 3778 1459 3834; x_wconf 78' lang='lat' dir='ltr'><strong>Beda</strong></span> <span class='ocrx_word' id='word_1_257' title='bbox 1493 3784 1698 3846; x_wconf 79' lang='lat'><strong>274,19</strong></span> 
     </span>
    </p>
   </div>
   <div class='ocr_carea' id='block_1_6' title="bbox 389 3924 812 3934">
    <p class='ocr_par' dir='ltr' id='par_1_16' title="bbox 389 3924 812 3934">
     <span class='ocr_line' id='line_1_34' title="bbox 389 3924 812 3934; baseline 0 1594"><span class='ocrx_word' id='word_1_258' title='bbox 389 3924 812 3934; x_wconf 95' lang='lat' dir='ltr'><strong> </strong></span> 
     </span>
    </p>
   </div>
   <div class='ocr_carea' id='block_1_7' title="bbox 565 4007 3070 4082">
    <p class='ocr_par' dir='ltr' id='par_1_17' title="bbox 565 4007 3070 4082">
     <span class='ocr_line' id='line_1_35' title="bbox 565 4007 3070 4082; baseline 0 -18"><span class='ocrx_word' id='word_1_259' title='bbox 565 4017 590 4064; x_wconf 90' lang='lat'>1</span> <span class='ocrx_word' id='word_1_260' title='bbox 631 4011 698 4063; x_wconf 90' lang='lat' dir='ltr'><strong>ut</strong></span> <span class='ocrx_word' id='word_1_261' title='bbox 731 4007 958 4078; x_wconf 75' lang='lat' dir='ltr'><strong>litigent</strong></span> <span class='ocrx_word' id='word_1_262' title='bbox 995 4009 1293 4065; x_wconf 73' lang='lat' dir='ltr'><strong>Putschius</strong></span> <span class='ocrx_word' id='word_1_263' title='bbox 1432 4011 1610 4082; x_wconf 85' lang='lat' dir='ltr'><strong>partis</strong></span> <span class='ocrx_word' id='word_1_264' title='bbox 1646 4014 1734 4068; x_wconf 85' lang='lat' dir='ltr'><strong>est</strong></span> <span class='ocrx_word' id='word_1_265' title='bbox 1768 4012 1936 4066; x_wconf 79' lang='lat' dir='ltr'><strong>editio</strong></span> <span class='ocrx_word' id='word_1_266' title='bbox 1970 4011 2314 4066; x_wconf 74' lang='lat' dir='ltr'><strong>Ascenaiana</strong></span> <span class='ocrx_word' id='word_1_267' title='bbox 2455 4016 2487 4064; x_wconf 85' lang='lat'>5</span> <span class='ocrx_word' id='word_1_268' title='bbox 2516 4011 2726 4066; x_wconf 85' lang='lat' dir='ltr'><strong>uirtute</strong></span> <span class='ocrx_word' id='word_1_269' title='bbox 2754 4018 2789 4065; x_wconf 72' lang='lat' dir='ltr'><strong>a</strong></span> <span class='ocrx_word' id='word_1_270' title='bbox 2816 4011 2985 4066; x_wconf 84' lang='lat' dir='ltr'><strong>armis</strong></span> <span class='ocrx_word' id='word_1_271' title='bbox 3058 4033 3070 4051; x_wconf 65' lang='grc' dir='ltr'><em>ν</em></span> 
     </span>
    </p>
   </div>
   <div class='ocr_carea' id='block_1_8' title="bbox 382 4088 2993 4939">
    <p class='ocr_par' dir='ltr' id='par_1_18' title="bbox 382 4088 2993 4939">
     <span class='ocr_line' id='line_1_36' title="bbox 383 4088 2982 4160; baseline 0 -15"><span class='ocrx_word' id='word_1_272' title='bbox 383 4091 450 4145; x_wconf 87' lang='lat' dir='ltr'><strong><em>N</em></strong></span> <span class='ocrx_word' id='word_1_273' title='bbox 488 4090 756 4145; x_wconf 86' lang='lat' dir='ltr'><strong>uirtutem</strong></span> <span class='ocrx_word' id='word_1_274' title='bbox 799 4088 892 4144; x_wconf 89' lang='lat' dir='ltr'><strong>uel</strong></span> <span class='ocrx_word' id='word_1_275' title='bbox 937 4089 1108 4144; x_wconf 85' lang='lat' dir='ltr'><strong>armis</strong></span> <span class='ocrx_word' id='word_1_276' title='bbox 1155 4105 1190 4148; x_wconf 89' lang='lat'>5</span> <span class='ocrx_word' id='word_1_277' title='bbox 1361 4098 1392 4146; x_wconf 89' lang='grc'>6</span> <span class='ocrx_word' id='word_1_278' title='bbox 1432 4092 1577 4147; x_wconf 85' lang='lat' dir='ltr'><strong>clam</strong></span> <span class='ocrx_word' id='word_1_279' title='bbox 1622 4092 1846 4148; x_wconf 87' lang='lat' dir='ltr'><strong>caelant</strong></span> <span class='ocrx_word' id='word_1_280' title='bbox 1888 4092 2068 4148; x_wconf 82' lang='lat' dir='ltr'><strong>Alteri</strong></span> <span class='ocrx_word' id='word_1_281' title='bbox 2113 4109 2225 4146; x_wconf 91' lang='lat' dir='ltr'><strong>non</strong></span> <span class='ocrx_word' id='word_1_282' title='bbox 2270 4090 2505 4160; x_wconf 86' lang='lat' dir='ltr'><strong>prodere</strong></span> <span class='ocrx_word' id='word_1_283' title='bbox 2551 4091 2718 4146; x_wconf 73' lang='lat' dir='ltr'><strong>alteri</strong></span> <span class='ocrx_word' id='word_1_284' title='bbox 2764 4091 2982 4146; x_wconf 86' lang='lat' dir='ltr'><strong>caelare</strong></span> 
     </span>
     <span class='ocr_line' id='line_1_37' title="bbox 382 4169 2985 4243; baseline -0 -16"><span class='ocrx_word' id='word_1_285' title='bbox 382 4169 627 4227; x_wconf 85' lang='lat' dir='ltr'><strong>naturali</strong></span> <span class='ocrx_word' id='word_1_286' title='bbox 663 4169 863 4225; x_wconf 86' lang='lat' dir='ltr'><strong>babitu</strong></span> <span class='ocrx_word' id='word_1_287' title='bbox 899 4170 1045 4227; x_wconf 87' lang='lat' dir='ltr'><strong>inest</strong></span> <span class='ocrx_word' id='word_1_288' title='bbox 1081 4188 1115 4230; x_wconf 88' lang='grc' dir='ltr'><strong><em>ς</em></strong></span> <span class='ocrx_word' id='word_1_289' title='bbox 1151 4175 1326 4228; x_wconf 78' lang='lat' dir='ltr'><strong>verbis</strong></span> <span class='ocrx_word' id='word_1_290' title='bbox 1361 4191 1501 4243; x_wconf 76' lang='lat' dir='ltr'><strong>quae</strong></span> <span class='ocrx_word' id='word_1_291' title='bbox 1534 4175 1599 4227; x_wconf 78' lang='lat' dir='ltr'><strong>in</strong></span> <span class='ocrx_word' id='word_1_292' title='bbox 1642 4174 1822 4229; x_wconf 76' lang='lat' dir='ltr'><strong>codice</strong></span> <span class='ocrx_word' id='word_1_293' title='bbox 1863 4179 1985 4241; x_wconf 78' lang='lat' dir='ltr'><strong>post</strong></span> <span class='ocrx_word' id='word_1_294' title='bbox 2024 4180 2062 4228; x_wconf 78' lang='grc'><em>8</em></span> <span class='ocrx_word' id='word_1_295' title='bbox 2110 4172 2355 4227; x_wconf 82' lang='lat' dir='ltr'><strong>officinm</strong></span> <span class='ocrx_word' id='word_1_296' title='bbox 2401 4189 2561 4225; x_wconf 89' lang='lat' dir='ltr'><strong>suum</strong></span> <span class='ocrx_word' id='word_1_297' title='bbox 2605 4173 2814 4241; x_wconf 80' lang='lat' dir='ltr'><strong>scripta</strong></span> <span class='ocrx_word' id='word_1_298' title='bbox 2855 4176 2985 4226; x_wconf 80' lang='lat' dir='ltr'><strong>sunt</strong></span> 
     </span>
     <span class='ocr_line' id='line_1_38' title="bbox 383 4251 2985 4323; baseline -0 -16"><span class='ocrx_word' id='word_1_299' title='bbox 383 4254 490 4307; x_wconf 75' lang='lat' dir='ltr'><strong>huc</strong></span> <span class='ocrx_word' id='word_1_300' title='bbox 534 4251 885 4321; x_wconf 73' lang='lat' dir='ltr'><strong>transpositis</strong></span> <span class='ocrx_word' id='word_1_301' title='bbox 1064 4257 1098 4306; x_wconf 90' lang='lat'>8</span> <span class='ocrx_word' id='word_1_302' title='bbox 1145 4254 1344 4323; x_wconf 86' lang='lat' dir='ltr'><strong>navus]</strong></span> <span class='ocrx_word' id='word_1_303' title='bbox 1391 4254 1557 4307; x_wconf 88' lang='lat' dir='ltr'><strong>natus</strong></span> <span class='ocrx_word' id='word_1_304' title='bbox 1603 4268 1637 4310; x_wconf 88' lang='grc' dir='ltr'><strong><em>ς</em></strong></span> <span class='ocrx_word' id='word_1_305' title='bbox 1826 4252 1991 4307; x_wconf 87' lang='lat' dir='ltr'><strong>alteri</strong></span> <span class='ocrx_word' id='word_1_306' title='bbox 2028 4284 2093 4291; x_wconf 88' lang='lat'><strong>——</strong></span> <span class='ocrx_word' id='word_1_307' title='bbox 2132 4252 2330 4307; x_wconf 87' lang='lat' dir='ltr'><strong>habitu</strong></span> <span class='ocrx_word' id='word_1_308' title='bbox 2376 4269 2475 4307; x_wconf 82' lang='lat' dir='ltr'><strong>om.</strong></span> <span class='ocrx_word' id='word_1_309' title='bbox 2524 4267 2559 4310; x_wconf 88' lang='grc' dir='ltr'><strong><em>ς</em></strong></span> <span class='ocrx_word' id='word_1_310' title='bbox 2747 4252 2985 4307; x_wconf 86' lang='lat' dir='ltr'><strong>celerem</strong></span> 
     </span>
     <span class='ocr_line' id='line_1_39' title="bbox 384 4328 2985 4388; baseline 0 -1"><span class='ocrx_word' id='word_1_311' title='bbox 384 4332 563 4387; x_wconf 86' lang='lat' dir='ltr'><strong>celere</strong></span> <span class='ocrx_word' id='word_1_312' title='bbox 599 4328 843 4385; x_wconf 87' lang='lat' dir='ltr'><strong>naturali</strong></span> <span class='ocrx_word' id='word_1_313' title='bbox 868 4330 936 4384; x_wconf 88' lang='lat' dir='ltr'><strong><em>N</em></strong></span> <span class='ocrx_word' id='word_1_314' title='bbox 1079 4337 1144 4385; x_wconf 87' lang='lat'><strong>14</strong></span> <span class='ocrx_word' id='word_1_315' title='bbox 1173 4330 1578 4388; x_wconf 75' lang='lat' dir='ltr'><strong>Contumeliam</strong></span> <span class='ocrx_word' id='word_1_316' title='bbox 1608 4336 1667 4387; x_wconf 88' lang='lat' dir='ltr'><strong>et</strong></span> <span class='ocrx_word' id='word_1_317' title='bbox 1690 4332 1952 4388; x_wconf 84' lang='lat' dir='ltr'><strong>iniuriam</strong></span> <span class='ocrx_word' id='word_1_318' title='bbox 1975 4376 1986 4388; x_wconf 94' lang='lat'><strong>.</strong></span> <span class='ocrx_word' id='word_1_319' title='bbox 2009 4332 2415 4388; x_wconf 78' lang='lat' dir='ltr'><strong>Contumeliam</strong></span> <span class='ocrx_word' id='word_1_320' title='bbox 2443 4333 2691 4388; x_wconf 86' lang='lat' dir='ltr'><strong>inferunt</strong></span> <span class='ocrx_word' id='word_1_321' title='bbox 2718 4331 2985 4387; x_wconf 82' lang='lat' dir='ltr'><strong>Iniuriam</strong></span> 
     </span>
     <span class='ocr_line' id='line_1_40' title="bbox 1230 4406 2993 4468; baseline 0.001 -2"><span class='ocrx_word' id='word_1_322' title='bbox 1230 4412 1480 4468; x_wconf 84' lang='lat' dir='ltr'><strong>inferunt</strong></span> <span class='ocrx_word' id='word_1_323' title='bbox 2774 4414 2906 4467; x_wconf 87' lang='lat' dir='ltr'><strong>ntur</strong></span> <span class='ocrx_word' id='word_1_324' title='bbox 2980 4406 2993 4423; x_wconf 80' lang='lat'>⁸</span> 
     </span>
     <span class='ocr_line' id='line_1_41' title="bbox 385 4481 2992 4557; baseline 0 -19"><span class='ocrx_word' id='word_1_325' title='bbox 385 4483 676 4555; x_wconf 81' lang='lat' dir='ltr'><strong>patiuntur</strong></span> <span class='ocrx_word' id='word_1_326' title='bbox 711 4497 746 4540; x_wconf 92' lang='grc' dir='ltr'><strong><em>ς</em></strong></span> <span class='ocrx_word' id='word_1_327' title='bbox 785 4481 1195 4537; x_wconf 75' lang='lat' dir='ltr'><strong>Contumeliam</strong></span> <span class='ocrx_word' id='word_1_328' title='bbox 1222 4486 1280 4539; x_wconf 87' lang='lat' dir='ltr'><strong>et</strong></span> <span class='ocrx_word' id='word_1_329' title='bbox 1305 4482 1567 4539; x_wconf 82' lang='lat' dir='ltr'><strong>iniuriam</strong></span> <span class='ocrx_word' id='word_1_330' title='bbox 1595 4484 1886 4554; x_wconf 84' lang='lat' dir='ltr'><strong>patiuntur</strong></span> <span class='ocrx_word' id='word_1_331' title='bbox 1912 4484 1979 4538; x_wconf 87' lang='lat' dir='ltr'><strong><em>N</em></strong></span> <span class='ocrx_word' id='word_1_332' title='bbox 2118 4492 2183 4541; x_wconf 88' lang='grc'><strong>16</strong></span> <span class='ocrx_word' id='word_1_333' title='bbox 2213 4487 2556 4557; x_wconf 78' lang='lat' dir='ltr'><strong>spectantur]</strong></span> <span class='ocrx_word' id='word_1_334' title='bbox 2588 4487 2906 4555; x_wconf 71' lang='lat' dir='ltr'><strong>spectamus</strong></span> <span class='ocrx_word' id='word_1_335' title='bbox 2924 4485 2992 4539; x_wconf 90' lang='lat' dir='ltr'><strong><em>N</em></strong></span> 
     </span>
     <span class='ocr_line' id='line_1_42' title="bbox 460 4562 2989 4640; baseline 0.002 -23"><span class='ocrx_word' id='word_1_336' title='bbox 460 4570 523 4617; x_wconf 78' lang='lat'><strong>17</strong></span> <span class='ocrx_word' id='word_1_337' title='bbox 563 4580 632 4618; x_wconf 83' lang='lat' dir='ltr'><strong>ex</strong></span> <span class='ocrx_word' id='word_1_338' title='bbox 669 4581 728 4618; x_wconf 88' lang='lat' dir='ltr'><strong>se</strong></span> <span class='ocrx_word' id='word_1_339' title='bbox 764 4565 1002 4632; x_wconf 84' lang='lat' dir='ltr'><strong>pascunt</strong></span> <span class='ocrx_word' id='word_1_340' title='bbox 1028 4562 1429 4631; x_wconf 77' lang='lat' dir='ltr'><strong>Buttmannus,</strong></span> <span class='ocrx_word' id='word_1_341' title='bbox 1468 4580 1536 4618; x_wconf 85' lang='lat' dir='ltr'><strong>ex</strong></span> <span class='ocrx_word' id='word_1_342' title='bbox 1573 4581 1632 4620; x_wconf 87' lang='lat' dir='ltr'><strong>se</strong></span> <span class='ocrx_word' id='word_1_343' title='bbox 1667 4568 1974 4635; x_wconf 86' lang='lat' dir='ltr'><strong>pascuntur</strong></span> <span class='ocrx_word' id='word_1_344' title='bbox 1997 4566 2065 4621; x_wconf 93' lang='lat' dir='ltr'><strong><em>N</em></strong></span> <span class='ocrx_word' id='word_1_345' title='bbox 2077 4583 2111 4625; x_wconf 99' lang='grc' dir='ltr'><strong><em>ς</em></strong></span> <span class='ocrx_word' id='word_1_346' title='bbox 2258 4572 2322 4620; x_wconf 89' lang='grc'><strong>18</strong></span> <span class='ocrx_word' id='word_1_347' title='bbox 2359 4564 2493 4634; x_wconf 80' lang='lat' dir='ltr'><strong>quia</strong></span> <span class='ocrx_word' id='word_1_348' title='bbox 2527 4568 2829 4640; x_wconf 84' lang='lat' dir='ltr'><strong>pascuntur</strong></span> <span class='ocrx_word' id='word_1_349' title='bbox 2855 4564 2922 4618; x_wconf 99' lang='lat' dir='ltr'><strong><em>N</em></strong></span> <span class='ocrx_word' id='word_1_350' title='bbox 2933 4580 2989 4633; x_wconf 81' lang='grc' dir='ltr'><strong>ς,</strong></span> 
     </span>
     <span class='ocr_line' id='line_1_43' title="bbox 386 4643 2986 4716; baseline -0.001 -16"><span class='ocrx_word' id='word_1_351' title='bbox 386 4644 519 4714; x_wconf 85' lang='lat' dir='ltr'><strong>quia</strong></span> <span class='ocrx_word' id='word_1_352' title='bbox 562 4647 801 4713; x_wconf 83' lang='lat' dir='ltr'><strong>pascunt</strong></span> <span class='ocrx_word' id='word_1_353' title='bbox 842 4643 1221 4698; x_wconf 75' lang='lat' dir='ltr'><strong>Buttmannus</strong></span> <span class='ocrx_word' id='word_1_354' title='bbox 1395 4649 1459 4698; x_wconf 84' lang='lat'><strong>19</strong></span> <span class='ocrx_word' id='word_1_355' title='bbox 1498 4662 1643 4713; x_wconf 87' lang='lat' dir='ltr'><strong>quae</strong></span> <span class='ocrx_word' id='word_1_356' title='bbox 1677 4645 2006 4716; x_wconf 87' lang='lat' dir='ltr'><strong>pascuntur]</strong></span> <span class='ocrx_word' id='word_1_357' title='bbox 2056 4662 2199 4714; x_wconf 88' lang='lat' dir='ltr'><strong>quae</strong></span> <span class='ocrx_word' id='word_1_358' title='bbox 2244 4646 2328 4701; x_wconf 85' lang='lat' dir='ltr'><strong>ita</strong></span> <span class='ocrx_word' id='word_1_359' title='bbox 2372 4647 2606 4700; x_wconf 86' lang='lat' dir='ltr'><strong>utuntur</strong></span> <span class='ocrx_word' id='word_1_360' title='bbox 2639 4645 2705 4698; x_wconf 91' lang='lat' dir='ltr'><strong><em>N</em></strong></span> <span class='ocrx_word' id='word_1_361' title='bbox 2735 4661 2878 4714; x_wconf 88' lang='lat' dir='ltr'><strong>quae</strong></span> <span class='ocrx_word' id='word_1_362' title='bbox 2916 4644 2986 4699; x_wconf 89' lang='lat' dir='ltr'><strong>iis</strong></span> 
     </span>
     <span class='ocr_line' id='line_1_44' title="bbox 388 4722 2987 4796; baseline 0.002 -18"><span class='ocrx_word' id='word_1_363' title='bbox 388 4726 619 4778; x_wconf 88' lang='lat' dir='ltr'><strong>utuntur</strong></span> <span class='ocrx_word' id='word_1_364' title='bbox 655 4738 690 4781; x_wconf 88' lang='lat'>5</span> <span class='ocrx_word' id='word_1_365' title='bbox 832 4730 902 4777; x_wconf 82' lang='lat'><strong>24</strong></span> <span class='ocrx_word' id='word_1_366' title='bbox 939 4722 1039 4792; x_wconf 90' lang='lat' dir='ltr'><strong>qui</strong></span> <span class='ocrx_word' id='word_1_367' title='bbox 1073 4728 1301 4793; x_wconf 69' lang='lat' dir='ltr'><strong>utroq-ue</strong></span> <span class='ocrx_word' id='word_1_368' title='bbox 1336 4724 1450 4778; x_wconf 85' lang='lat' dir='ltr'><strong>loco</strong></span> <span class='ocrx_word' id='word_1_369' title='bbox 1485 4723 1670 4792; x_wconf 78' lang='lat' dir='ltr'><strong>Beda,</strong></span> <span class='ocrx_word' id='word_1_370' title='bbox 1708 4726 1858 4795; x_wconf 87' lang='lat' dir='ltr'><strong>quod</strong></span> <span class='ocrx_word' id='word_1_371' title='bbox 1895 4732 2123 4795; x_wconf 75' lang='lat' dir='ltr'><strong>utroque</strong></span> <span class='ocrx_word' id='word_1_372' title='bbox 2159 4729 2273 4781; x_wconf 84' lang='lat' dir='ltr'><strong>loco</strong></span> <span class='ocrx_word' id='word_1_373' title='bbox 2308 4727 2376 4780; x_wconf 89' lang='lat' dir='ltr'><strong><em>N</em></strong></span> <span class='ocrx_word' id='word_1_374' title='bbox 2388 4741 2421 4784; x_wconf 90' lang='lat'>5</span> <span class='ocrx_word' id='word_1_375' title='bbox 2575 4725 2917 4796; x_wconf 81' lang='lat' dir='ltr'><strong>obstupescit</strong></span> <span class='ocrx_word' id='word_1_376' title='bbox 2952 4741 2987 4784; x_wconf 98' lang='lat'>5</span> 
     </span>
     <span class='ocr_line' id='line_1_45' title="bbox 388 4802 2986 4873; baseline 0.001 -15"><span class='ocrx_word' id='word_1_377' title='bbox 388 4803 762 4873; x_wconf 85' lang='lat' dir='ltr'><strong>obsturpescit</strong></span> <span class='ocrx_word' id='word_1_378' title='bbox 812 4802 880 4856; x_wconf 88' lang='lat' dir='ltr'><strong><em>N</em></strong></span> <span class='ocrx_word' id='word_1_379' title='bbox 1034 4810 1100 4859; x_wconf 87' lang='grc'><strong>26</strong></span> <span class='ocrx_word' id='word_1_380' title='bbox 1157 4805 1244 4858; x_wconf 93' lang='lat' dir='ltr'><strong>Da</strong></span> <span class='ocrx_word' id='word_1_381' title='bbox 1298 4805 1357 4857; x_wconf 89' lang='lat' dir='ltr'><strong>et</strong></span> <span class='ocrx_word' id='word_1_382' title='bbox 1410 4802 1546 4858; x_wconf 87' lang='lat' dir='ltr'><strong>cedo</strong></span> <span class='ocrx_word' id='word_1_383' title='bbox 1602 4802 1750 4859; x_wconf 87' lang='lat' dir='ltr'><strong>Cedo</strong></span> <span class='ocrx_word' id='word_1_384' title='bbox 1797 4804 1906 4859; x_wconf 89' lang='lat' dir='ltr'><strong>sibi</strong></span> <span class='ocrx_word' id='word_1_385' title='bbox 1951 4820 1985 4862; x_wconf 90' lang='lat'>5</span> <span class='ocrx_word' id='word_1_386' title='bbox 2032 4807 2117 4861; x_wconf 83' lang='lat' dir='ltr'><strong>Da.</strong></span> <span class='ocrx_word' id='word_1_387' title='bbox 2160 4810 2220 4861; x_wconf 89' lang='lat' dir='ltr'><strong>et</strong></span> <span class='ocrx_word' id='word_1_388' title='bbox 2263 4806 2399 4861; x_wconf 86' lang='lat' dir='ltr'><strong>cedo</strong></span> <span class='ocrx_word' id='word_1_389' title='bbox 2448 4806 2555 4861; x_wconf 88' lang='lat' dir='ltr'><strong>sibi</strong></span> <span class='ocrx_word' id='word_1_390' title='bbox 2600 4806 2667 4859; x_wconf 89' lang='lat' dir='ltr'><strong><em>N</em></strong></span> <span class='ocrx_word' id='word_1_391' title='bbox 2827 4806 2986 4861; x_wconf 82' lang='lat' dir='ltr'><strong>finire</strong></span> 
     </span>
     <span class='ocr_line' id='line_1_46' title="bbox 387 4883 688 4939; baseline 0 0"><span class='ocrx_word' id='word_1_392' title='bbox 387 4883 688 4939; x_wconf 70' lang='lat' dir='ltr'><strong>Fabricius</strong></span> 
     </span>
    </p>
   </div>
  </div>
 </body>
</html>
