3613 5528
559 324 690 389 246
1744 322 1980 378 BEDAE

559 435 602 471 p.
631 424 749 466 sess.
778 424 831 464 co
859 424 908 462 Ρ.

560 517 622 569 et
664 508 923 587 Prosper

880 612 1094 678 corde
1140 616 1372 694 patris
1417 617 1739 694 genitum
1787 623 1988 676 creat
2032 623 2102 676 et
2148 616 2337 694 regit
2382 616 2616 675 omnia
2661 612 2968 675 verbum.

737 718 859 779 Nec
889 722 1086 781 minus
1115 738 1496 782 caesurarum
1524 721 1848 782 intuendus
1878 731 1972 783 est
1999 730 2205 802 statuS,
2233 739 2385 800 quae
2413 730 2474 782 et
2507 723 2669 801 ipsae
2698 729 2840 782 sunt
2867 729 3168 802 quattuor,

558 824 1074 907 penthemimeris,
1109 826 1663 909 hepbthemimeriS,
1701 834 1829 888 cata
1878 830 2061 888 triton
2099 827 2446 902 trochaeon,
2484 827 2753 888 bucolice
2793 835 2978 892 tome:
3022 845 3164 907 pen·

562 932 956 1015 themimeris,
1004 931 1107 992 ubi
1153 940 1291 1012 post
1334 933 1484 994 duos
1529 933 1713 1013 pedes
1760 936 2060 995 invenitur
2105 936 2363 1013 semipes
2410 937 2511 1014 qui
2558 952 2795 995 versum
2842 933 3062 994 dividat
3107 941 3168 994 et
3220 952 3247 992 5

559 1048 791 1121 partem
839 1044 1120 1101 terminet
1166 1042 1477 1123 orationis,
1523 1050 1592 1106 ut
1636 1037 1824 1103 ‘cum
1877 1060 2000 1102 sua
2047 1036 2420 1121 gentiles':
2466 1040 3022 1121 hephthemimeris,
3068 1037 3171 1099 ubi

560 1155 697 1228 post
735 1142 745 1227 Ι
787 1155 910 1208 tres
965 1148 1148 1229 pedes
1205 1148 1504 1208 invenitur
1558 1146 1803 1229 syllaba,
1862 1156 1929 1209 ut
1984 1143 2173 1209 ‘cum
2228 1166 2351 1209 sua
2406 1147 2725 1227 gentiles
2781 1141 3170 1207 studeant’.

562 1254 754 1315 dictae
802 1263 1000 1316 autem
1046 1252 1534 1335 penthemimeris
1581 1262 1641 1314 et
1693 1253 2222 1335 hephthemimeris
2276 1273 2487 1335 graece
2536 1256 2706 1334 quasi
2751 1256 3174 1333 semiquinaria

563 1369 624 1422 et
678 1363 1188 1442 semiseptenaria,
1244 1362 1410 1442 quia,
1464 1380 1601 1422 cum
1657 1379 1782 1442 per.
1822 1362 2116 1442 spondeos
2172 1363 2348 1444 flunt,
2404 1361 2549 1423 haec
2595 1363 2858 1442 quinque
2918 1361 3175 1444 syllabis,

562 1468 658 1530 illa
687 1477 920 1530 constat
956 1477 1203 1550 septem,
1240 1476 1301 1528 et
1335 1470 1398 1529 in
1435 1468 1545 1532 bac
1581 1469 1786 1547 quinta
1816 1468 2035 1549 syllaba
2070 1470 2448 1551 semipedem,
2476 1472 2537 1531 in
2574 1469 2673 1531 illa
2708 1478 2874 1533 tenet
2901 1472 3168 1551 septima.
3199 1488 3252 1528 10

563 1586 692 1639 cata
749 1579 933 1638 triton
987 1574 1337 1650 trochaeon‚
1393 1574 1497 1636 ubi
1554 1576 1731 1636 tertio
1786 1575 1916 1637 loco
1973 1578 2272 1640 invenitur
2331 1576 2673 1652 trochaeus,
2728 1596 2847 1638 non
2896 1578 3053 1658 quod
3109 1579 3170 1638 in

563 1683 758 1746 medio
814 1700 988 1744 versu
1048 1700 1180 1742 esse
1243 1683 1435 1762 possit
1496 1681 1843 1764 trochaeus,
1909 1684 2014 1744 sed
2080 1682 2309 1745 sublata
2365 1701 2481 1744 una
2536 1683 2611 1745 de
2667 1683 2897 1763 dactylo
2953 1683 3172 1764 syllaba

563 1799 832 1853 remanet
878 1789 1231 1871 trochaeuS,.
1276 1797 1343 1851 ut
1389 1785 1883 1868 ‘grandisonis
1938 1807 2275 1870 pompare
2323 1785 2599 1851 modis'.
2672 1789 2940 1853 bucolice
2996 1800 3173 1873 tome,

565 1899 666 1961 ubi
711 1908 849 1980 post
894 1906 1175 1978 quattuor
1221 1897 1405 1977 pedes
1451 1915 1570 1958 non
1618 1896 1836 1976 aliquid
1886 1907 2177 1980 remanet,
2224 1908 2292 1960 ut

884 2022 1163 2085 semper
1208 2005 1674 2086 principium,
1721 2013 2090 2086 sceptrum
2136 2008 2326 2087 iuge,
2371 2005 2602 2085 gloria
2648 2022 2951 2066 consors
3202 2022 3257 2063 15

563 2105 624 2158 et

884 2184 1216 2245 Christus
1263 2190 1420 2245 erat
1463 2186 1695 2266 panis,
1741 2184 2075 2247 Christus
2120 2193 2353 2266 petra,
2400 2183 2737 2245 Christus
2783 2186 2855 2245 in
2900 2185 3128 2247 undis,

566 2310 715 2373 quae
764 2308 1009 2352 caesura
1055 2291 1194 2351 inde
1241 2308 1457 2353 nomen
1503 2291 1708 2374 habet,
1752 2292 1910 2371 quod
1958 2294 2020 2353 in
2066 2290 2354 2353 bucolicis
2401 2293 2638 2372 saepius
2684 2294 3037 2354 inveniatur.

744 2398 890 2459 Item
937 2397 1039 2459 ubi
1083 2406 1220 2479 post
1264 2397 1411 2459 duos
1458 2398 1641 2479 pedes
1688 2407 1965 2479 superest
2012 2398 2257 2481 syllaba,
2304 2398 2826 2481 comma-dicitur3
2886 2399 2994 2460 ubi
3038 2409 3176 2482 post

515 2494 531 2507 ’
565 2507 715 2569 duos
769 2505 953 2586 pedes
1012 2504 1155 2565 nihil
1212 2514 1504 2587 remanet,
1559 2506 1729 2567 colon
1777 2514 2036 2568 vocatur.
2114 2524 2264 2586 quae
2312 2515 2511 2568 tamen
2557 2509 2795 2568 nomina
2841 2507 2997 2587 apud
3045 2526 3171 2570 ora·
3201 2521 3255 2560 20

564 2624 728 2676 tores
782 2611 1191 2674 indifferenter
1245 2619 1567 2694 ponuntur,
1623 2615 1725 2693 qui
1781 2615 2073 2692 integram
2120 2615 2476 2676 sententiam
2526 2612 2816 2693 periodon
2861 2614 3175 2696 appellant,

565 2729 766 2803 partes
803 2728 1001 2781 autem
1039 2721 1168 2781 eius
1207 2719 1332 2780 cola
1372 2728 1433 2782 et
1470 2729 1758 2782 commata
1795 2720 2020 2783 dicunt.
2094 2730 2160 2784 ut
2195 2729 2338 2803 puta
2377 2716 2710 2784 ‘sustinetis
2758 2722 2943 2805 enim,
2990 2722 3176 2801 siquis

566 2848 670 2890 vos
726 2831 787 2893 in
843 2828 1190 2889 servitutem
1245 2823 1492 2907 redigit’
1550 2828 1720 2895 colon
1777 2837 1894 2891 est:
1950 2824 2168 2909 ‘siquis
2223 2824 2498 2891 devorat'
2546 2829 2720 2890 colon
2777 2838 2896 2890 est:
2952 2824 3176 2908 ‘siquis

565 2930 813 3017 accipit'
861 2934 1032 2997 colon
1089 2943 1206 2997 est:
1261 2930 1485 3015 ‘siquis
1532 2931 1869 2997 extollitur'
1918 2945 1978 2998 et
2033 2943 2230 2998 cetera
2279 2955 2468 3017 usque
2515 2937 2587 2998 ad
2648 2936 2883 3018 plenam
2939 2944 3174 2998 senten·

568 3045 706 3105 tiam
737 3042 863 3104 cola
893 3051 1034 3105 sunt
1062 3050 1123 3103 et
1150 3050 1455 3104 commata.
1509 3041 1682 3123 plena
1712 3050 1913 3105 autem
1941 3046 2232 3105 sententia
2266 3043 2549 3123 periodus
2577 3052 2686 3105 est.
2744 3045 3172 3123 interpretatur
3199 3056 3252 3097 25

567 3158 764 3212 autem
804 3149 975 3211 colon
1014 3149 1376 3233 membrum,
1422 3169 1648 3213 comma
1687 3152 1924 3232 incisio,
1970 3150 2253 3231 periodus
2291 3150 2552 3212 clausula
2590 3152 2713 3211 sive
2751 3151 3057 3211 cil-cuitus

1593 3311 1691 3367 DE
1732 3311 2155 3366 SYNALIPHA

747 3425 1198 3508 Synalipharum
1256 3444 1494 3506 quoque
1549 3425 2061 3487 commemoranda
2117 3428 2266 3487 ratio
2323 3435 2443 3507 est,
2498 3428 2635 3506 quia
2688 3446 2809 3488 non
2855 3445 3175 3507 numquam

567 3535 773 3596 ultima
821 3532 986 3594 verbi
1033 3531 1250 3613 syllaba
1296 3532 1385 3593 vel
1438 3532 1726 3612 particula
1773 3531 2026 3613 syllabae
2072 3533 2307 3594 videtur
2354 3532 2614 3616 absumi,
2669 3533 2826 3595 unde
2873 3533 3175 3614 synalipha

565 3659 776 3721 graece
823 3639 1043 3701 dicitur
1090 3643 1259 3721 quasi
1305 3640 1560 3721 quodam
1607 3640 1759 3702 saltu
1817 3642 2242 3704 transmittens,
2332 3642 2399 3702 fit
2444 3650 2641 3702 autem
2688 3640 2922 3702 duobus
2968 3640 3176 3722 modis,
3205 3655 3257 3694 ³0

567 3748 752 3829 quod,
800 3765 936 3809 cum
984 3747 1177 3829 aliqua
1222 3767 1361 3828 pars
1407 3750 1691 3812 orationis
1739 3757 1841 3810 aut
1886 3750 1948 3810 in
1994 3747 2255 3809 vocalem
2301 3748 2559 3809 litteram
2606 3757 2708 3809 aut
2753 3751 2813 3809 in
2862 3767 2921 3825 m
2967 3767 3173 3810 conso-

567 3862 806 3917 nantem
847 3854 1064 3916 desinit
1100 3857 1420 3935 incipiente
1459 3874 1491 3915 a
1529 3854 1719 3916 vocali
1757 3863 2045 3935 sequente
2092 3864 2259 3934 parte
2298 3856 2610 3939 orationiS,
2656 3854 2750 3914 illa
2791 3873 2941 3935 quae
2980 3858 3174 3937 sequi-

569 3972 666 4024 tur
721 3980 860 4042 pars
917 3964 1202 4023 orationis
1257 3961 1712 4042 praecedentem
1770 3961 1860 4021 vel
1915 3959 2173 4021 litteram
2231 3959 2488 4021 vocalem
2544 3959 2636 4020 vel
2692 3959 2969 4040 syllabam
3027 3981 3175 4043 quae

569 4074 630 4133 in
677 4089 733 4131 m
781 4047 1039 4131 desierat
1086 4087 1190 4130 sua
1221 4069 1421 4134 ,vocali
1469 4068 1744 4129 absumit.
1818 4067 1975 4147 quod
2024 4066 2156 4129 dico
2203 4067 2381 4129 huius
2428 4066 2587 4127 modi
2633 4074 2750 4149 est,

750 4251 781 4297 3
820 4243 938 4298 Nec
975 4240 1157 4297 minus
1194 4258 1548 4297 caesurarum
1584 4271 1650 4281 —
1694 4247 1756 4295 13
1794 4241 2047 4295 remanet
2080 4240 2378 4295 trochaeus
2416 4239 2615 4295 Victor.
2655 4240 2721 4294 de
2757 4256 2962 4295 caesar.
2992 4245 3122 4308 240,
3146 4247 3176 4295 1

646 4330 711 4380 19
749 4324 893 4379 Item
929 4323 1028 4379 ubi
1066 4353 1130 4363 —-
1170 4329 1237 4377 22
1276 4322 1559 4377 commata
1594 4321 1789 4377 dicunt
1829 4321 2069 4391 Pompei.
2109 4325 2235 4389 133,
2274 4324 2353 4375 20

711 4489 742 4536 2
771 4484 1003 4539 uerbum
1036 4483 1173 4552 FL,
1202 4498 1340 4539 corr.
1361 4480 1533 4537 uerbo
1561 4481 1654 4549 Pf
1745 4488 1776 4535 3
1805 4497 1949 4552 quae
1979 4482 2038 4536 et
2062 4480 2220 4550 ipsae
2248 4496 2386 4535 corr.
2409 4478 2505 4549 qui
2536 4480 2592 4533 et
2618 4478 2726 4548 ipsi
2756 4479 2813 4533 P
2909 4485 2944 4534 4
2971 4478 3180 4535 bucoli-

571 4565 827 4632 ceptome
857 4564 908 4618 Ρ
942 4562 1132 4618 bucoli
1160 4564 1322 4634 cepto
1351 4578 1481 4616 men
1510 4560 1571 4615 F
1602 4560 2081 4630 bucoliceptonem
2111 4561 2183 4628 L,
2221 4576 2357 4616 corr.
2387 4562 2597 4613 -mmen
2636 4560 2657 4612 l
2764 4566 2796 4613 6
2825 4561 3045 4628 partem
3072 4562 3181 4614 ter·

570 4644 747 4699 minet
775 4644 829 4698 L
857 4646 1076 4715 partem
1103 4643 1372 4700 terminat
1399 4642 1494 4710 Pf
1512 4644 1672 4712 parte
1699 4640 2028 4695 interminat
2056 4640 2117 4694 F
2228 4646 2261 4693 8
2303 4639 2457 4695 dicta.
2484 4639 2667 4693 FLP
2771 4645 2834 4693 13
2866 4639 3181 4710 bucolicep-

570 4725 723 4778 tome
749 4723 806 4776 P
830 4722 1019 4778 bucoli
1047 4725 1341 4793 ceptomen
1359 4722 1479 4777 FL
1581 4728 1646 4777 18
1676 4736 1844 4791 saepe
1865 4721 1918 4775 L
2018 4726 2084 4774 19
2114 4721 2368 4789 superest
2388 4751 2454 4758 —
2474 4721 2603 4789 post
2630 4719 2767 4775 duo's
2794 4718 2967 4788 pedes
2984 4736 3084 4775 om.
3107 4719 3180 4786 F,

571 4805 700 4861 aad.
728 4803 765 4872 γ’
853 4809 922 4861 23
951 4802 1171 4875 redigat
1198 4803 1254 4857 P
1345 4809 1415 4858 30
1443 4799 1703 4859 dicuntur
1731 4799 1794 4859 F
1888 4807 1955 4869 ξι
1986 4799 2133 4871 quod
2162 4815 2264 4855 om.
2293 4798 2364 4868 L,
2398 4800 2524 4854 add.
2556 4798 2675 4857 FP
2781 4805 2848 4857 32
2880 4799 3097 4856 desinet,
3126 4800 3189 4859 F
