3613 5528
587 351 716 418 368
1707 349 2054 406 Dosl'rHE1

587 539 745 621 quod
791 539 863 600 ab
910 539 1038 600 aliis
1084 536 1476 618 scriptoribus
1526 536 1804 620 traditum
1854 554 1972 597 non
2028 538 2130 616 sit,
2186 535 2466 616 praebeat
2512 584 2526 597 .
2573 553 2724 615 quae
2781 536 2931 595 ratio
2988 542 3183 595 autem

585 649 743 708 inter
780 645 1125 706 Dositheum
1184 653 1244 706 et
1297 646 1711 724 grammaticos
1758 663 1908 724 quos
1956 643 2075 704 dixi
2121 643 2479 726 intercedat,
2532 660 2641 723 per
2696 641 2960 722 singulos
3006 640 3187 723 locos,

586 756 647 814 in
686 750 901 832 quibus
950 754 1060 813 iste
1109 770 1435 813 consensus
1482 751 1976 833 deprehenditur,
2021 770 2138 813 non
2186 768 2492 832 quaeram,
2539 751 2815 830 quoniam
2860 749 3004 811 illud
3051 767 3185 811 cum

589 861 933 940 quaestione
981 859 1054 919 de
1102 857 1391 940 sontibuS,
1438 878 1470 919 e
1520 859 1735 939 quibus
1781 858 2018 921 illorum
2073 865 2387 939 praecepta
2431 859 2758 939 fluxerunt,
2804 858 3188 918 coniunctum

589 959 708 1047 est,
770 965 875 1027 sed
939 984 1229 1027 summam
1293 969 1382 1027 rei
1455 966 1716 1028 breviter
1788 965 2075 1028 indicabo.
2187 967 2248 1027 in
2312 967 2512 1046 priore
2577 966 2758 1045 igitur
2822 963 2958 1025 libri
3019 972 3187 1044 parte

588 1074 998 1135 commentarii
1035 1072 1108 1133 de
1137 1072 1359 1156 littera,
1397 1074 1468 1135 de
1499 1074 1745 1156 syllaba,
1791 1073 1864 1134 de
1894 1073 2307 1136 communibus
2347 1073 2611 1156 syllabis,
2656 1071 2730 1134 de
2760 1072 3016 1134 dictione
3049 1090 3189 1133 cum

588 1183 781 1262 primo
828 1179 977 1241 libro
1027 1180 1277 1242 Charisii
1323 1183 1707 1242 consentiunt
1754 1229 1766 1241 .
1817 1175 1884 1242 ea
1939 1199 2090 1261 quae
2144 1180 2218 1242 de
2273 1181 2650 1261 grammatica
2709 1187 2770 1240 et
2824 1178 2897 1240 de
2961 1196 3101 1239 voce
3158 1197 3190 1239 a

591 1289 857 1351 Charisio
923 1289 1142 1368 scripta
1206 1295 1376 1349 erant
1443 1286 1682 1349 defectu
1745 1288 1967 1349 codicis
2039 1290 2350 1368 perierunt
2412 1333 2428 1349 .
2492 1287 2803 1350 Diomedes
2868 1295 3065 1348 autem
3129 1289 3190 1348 in

592 1395 856 1458 secundo
903 1394 1053 1456 libro
1100 1393 1175 1455 de
1223 1394 1497 1456 omnibus
1543 1395 1724 1456 rebus
1771 1413 1922 1475 quae
1969 1395 2082 1456 hoc
2128 1395 2257 1456 loco
2305 1415 2336 1456 a
2384 1394 2665 1457 Dositheo
2721 1400 3004 1456 tractatae
3052 1402 3194 1455 sunt

594 1523 710 1565 non
748 1521 997 1584 prorsus
1035 1501 1244 1564 eodem
1280 1501 1483 1584 modo,
1530 1501 1633 1563 sed
1682 1502 1956 1564 similiter
2002 1500 2322 1582 disputavit
2359 1550 2372 1563 .
2412 1501 2514 1563 sed
2563 1505 2623 1563 in
2670 1504 2744 1564 iis
2791 1504 2965 1563 etiam
3011 1503 3192 1583 parti-

593 1610 705 1672 bus
753 1628 904 1691 quae
951 1608 1041 1670 vel
1097 1611 1347 1671 maxime
1395 1628 1529 1670 cum
1578 1608 1845 1670 Charisio
1903 1611 2284 1670 consentiunt
2337 1627 2456 1670 non
2513 1607 2671 1671 nulla
2726 1610 2992 1689 quamvis
3045 1607 3194 1669 levia

594 1738 628 1780 a
673 1716 952 1779 Dositheo
1001 1716 1194 1778 addita
1241 1724 1407 1796 sunt,
1463 1734 1641 1798 quae,
1697 1717 1835 1795 quia
1890 1715 2046 1796 apud
2092 1715 2433 1778 Diomedem
2480 1718 2655 1778 etiam
2714 1717 3019 1796 leguntur,
3074 1732 3194 1775 non

594 1832 846 1908 possunt
891 1823 962 1884 ab
1019 1843 1089 1885 eo
1145 1827 1381 1885 inventa
1443 1840 1601 1904 esse,
1665 1821 1826 1883 velut
1890 1822 2264 1884 definitiones
2328 1823 2661 1886 litterarum
2725 1825 3059 1885 accuratius
3116 1820 3196 1882 ab

594 1941 851 2012 utroque
912 1945 1088 2011 quam
1149 1949 1179 1991 a
1237 1930 1503 1991 Charisio
1552 1930 1900 2010 descriptae.
1973 1932 2037 1990 in
2092 1929 2274 1991 altera
2328 1931 2466 1994 libri
2520 1941 2715 2014 parte,
2772 1950 2920 2012 quae
2976 1939 3070 1992 est
3123 1929 3197 1990 de

596 2048 729 2101 octo
802 2037 1070 2119 partibus
1143 2040 1453 2119 orationis,
1533 2040 1792 2118 primum
1874 2036 1947 2098 de
2030 2041 2294 2100 oratione
2378 2047 2439 2100 et
2517 2039 2592 2101 de
2665 2042 2901 2101 nomine
2983 2046 3045 2100 et
3124 2037 3197 2098 de

596 2149 944 2228 pronomine
1001 2145 1203 2207 eadem
1268 2146 1394 2206 fere
1450 2144 1604 2225 apud
1669 2145 2016 2207 Dositheum
2079 2155 2255 2226 atque
2320 2150 2382 2209 in
2449 2150 2743 2228 excerptis
2805 2145 3199 2207 Bobiensibus

599 2256 720 2314 sive
781 2253 1058 2335 Charisii,
1132 2272 1281 2333 quae
1347 2252 1486 2314 olim
1550 2254 1696 2330 dixi,
1769 2254 2049 2334 leguntur
2110 2304 2121 2316 .
2184 2274 2319 2317 nam
2383 2264 2620 2336 praeter
2684 2254 2935 2335 amplam
2999 2253 3198 2334 dispu-

598 2363 880 2423 tationem
946 2359 1018 2420 de
1083 2359 1472 2421 declinatione
1538 2363 1844 2422 nominum
1910 2371 1970 2423 et
2032 2381 2160 2424 eam
2226 2382 2375 2443 quae
2439 2364 2579 2425 huic
2643 2362 2907 2424 subiecta
2971 2369 3063 2421 est
3126 2359 3200 2421 de

600 2467 880 2548 gradibus
945 2470 1448 2548 comparationum
1497 2487 1619 2531 exc.
1678 2469 1849 2530 Char.
1905 2489 1961 2549 p.
2018 2465 2175 2550 537,
2236 2466 2317 2532 15
2344 2504 2427 2514 —
2460 2466 2617 2550 557,
2674 2469 2733 2549 2,
2780 2487 2930 2549 quae
2983 2485 3123 2548 pars
3168 2486 3201 2529 a

602 2576 880 2637 Dositheo
927 2577 1143 2636 omissa
1190 2584 1307 2658 est,
1372 2576 1596 2655 reliqua
1664 2575 2092 2657 propemodum
2156 2579 2383 2658 integra
2449 2577 2521 2638 ab
2587 2597 2657 2639 eo
2724 2585 2962 2657 recepta
3025 2584 3086 2637 et
3139 2577 3202 2636 in

601 2703 880 2766 graecum
955 2701 1289 2744 sermonem
1363 2684 1640 2746 translata
1713 2693 1855 2746 sunt
1919 2731 1933 2745 .
2000 2702 2352 2766 quamquam
2426 2687 2483 2747 in
2559 2685 2653 2746 his
2716 2702 2952 2764 quoque
3016 2700 3203 2763 pauca

604 2793 1013 2871 inveniuntur,
1073 2809 1224 2870 quae
1278 2793 1338 2851 in
1386 2790 1665 2852 Bobiensi
1719 2791 1922 2853 codice
1970 2794 2186 2852 omissa
2241 2800 2407 2874 sunt,
2470 2792 2572 2854 sed
2634 2796 2694 2855 in
2742 2792 2993 2854 Charisii
3052 2790 3202 2852 libro

605 2898 866 2961 secundo
915 2897 1004 2958 vel
1039 2900 1103 2959 in
1140 2897 1440 2958 Diomedis
1486 2896 1636 2958 libro
1682 2901 1876 2979 primo
1922 2898 2228 2980 leguntur,
2274 2908 2342 2960 ut
2387 2899 2652 2981 exempla
2691 2901 2996 2961 nominum
3032 2919 3088 2979 p.
3119 2896 3204 2959 22

596 3025 819 3086 passer
873 3008 1082 3081 aquila
1137 3023 1321 3066 anser
1374 3009 1652 3080 mustela,
1707 3024 1762 3084 p.
1811 3003 1899 3066 24
1953 3005 2106 3082 Afer
2161 3008 2369 3069 Dacus
2425 3009 2759 3086 HtspanuS,
2813 3026 2869 3086 p.
2923 3002 3012 3068 25
3059 3024 3202 3085 pro-

475 3118 489 3139 ²
606 3118 780 3175 culus
846 3112 933 3173 vcl
1000 3131 1301 3191 procerus
1374 3116 1532 3173 altus
1596 3130 1853 3188 maynus
1914 3115 2185 3175 sublimis
2247 3117 2503 3175 humilis
2613 3132 2799 3194 pauca
2863 3131 3012 3193 quae
3076 3115 3205 3193 ipse

608 3218 925 3281 Dositheus
971 3220 1030 3279 in
1078 3220 1193 3279 fine
1254 3218 1670 3299 disputationis
1726 3218 1799 3280 de
1853 3221 2203 3299 pronomine
2259 3218 2483 3281 addidit
2544 3239 2782 3303 graece,
2845 3238 2965 3282 non
3028 3220 3206 3282 latine

609 3329 828 3407 scripta
876 3334 1010 3386 sunt
1062 3373 1076 3388 .
1122 3324 1335 3386 deinde
1382 3324 1455 3385 de
1503 3324 1709 3406 verbo,
1764 3345 1916 3406 quae
1960 3345 2098 3407 pars
2143 3328 2206 3387 in
2251 3326 2529 3389 Bobiensi
2575 3328 2778 3388 codice
2824 3326 2979 3388 haud
3027 3324 3206 3387 dubie

610 3434 876 3496 mutilata
933 3441 1050 3515 εει,
1114 3432 1267 3512 apud
1324 3431 1669 3493 Dositheum
1724 3451 1946 3514 paucae
2002 3452 2112 3495 nec
2167 3437 2310 3495 satis
2364 3443 2498 3515 apte
2553 3433 2872 3514 dispositae
2927 3432 3209 3512 leguntur

612 3541 1045 3621 adnotationeS,
1103 3558 1251 3619 quae
1298 3558 1371 3600 ex
1419 3535 1964 3603 ‘observationibus
2008 3537 2349 3603 verborum'
2405 3544 2466 3603 in
2523 3544 2701 3604 tertio
2758 3540 2909 3602 libro
2957 3539 3210 3601 Charisii

611 3651 851 3730 scriptis
888 3654 1162 3728 receptae
1201 3653 1382 3708 sunt.
1412 3665 1616 3708 verum
1646 3647 1793 3709 haec
1824 3667 2062 3728 quoque
2091 3667 2162 3708 ex
2199 3647 2408 3709 eodem
2447 3649 2636 3731 fonte,
2674 3668 2705 3710 e
2743 3667 2861 3728 quo
2898 3648 3209 3727 superiora

608 3756 937 3836 fluxerunt,
991 3756 1175 3835 petita
1221 3772 1379 3835 esse,
1436 3753 1652 3815 indicio
1701 3763 1792 3816 est
1840 3755 2171 3836 exemplum
2224 3757 2288 3817 in
2333 3756 2449 3817 fine
2495 3756 2674 3817 huius
2718 3757 2904 3836 partis
2949 3757 3209 3834 positum

608 3883 665 3945 p.
712 3862 825 3946 35,
882 3865 1032 3924 bene
1087 3865 1259 3939 apud
1301 3864 1694 3925 Sacerdotem
1746 3868 2052 3941 studetur,
2119 3866 2216 3941 cd
2271 3863 2459 3925 simile
2515 3871 2608 3923 est
2661 3862 2816 3943 apud
2862 3861 3209 3923 Dositheum

610 3990 666 4052 p.
696 3968 780 4031 23
811 3970 960 4031 etin
998 3971 1296 4050 excerptis
1334 3968 1725 4031 Bobiensibus
1762 3990 1819 4050 p.
1857 3966 2015 4051 534,
2042 3968 2129 4032 24
2172 3974 2450 4033 studente
2487 3972 2821 4033 Sacerdote
2857 3971 3212 4045 differentia

614 4082 857 4140 inventa
904 4084 991 4138 est
1021 4124 1034 4138 .
1063 4076 1137 4137 de
1174 4076 1421 4157 reliquis
1458 4075 1725 4157 partibus
1763 4079 2047 4138 orationis
2083 4079 2146 4138 in
2182 4076 2461 4138 Bobiensi
2499 4076 2702 4138 codice
2739 4076 2885 4137 nihil
2922 4078 3212 4156 scriptum

615 4194 707 4248 est
753 4232 767 4245 .
815 4183 1117 4245 Charisius
1164 4191 1362 4245 autem
1407 4186 1468 4244 in
1517 4183 1777 4246 secundo
1825 4182 1976 4245 libro
2023 4182 2096 4245 de
2143 4183 2236 4245 his
2288 4191 2605 4265 praecepta
2649 4186 2831 4246 trium
2876 4187 3210 4263 grammati-

615 4310 850 4372 corum,
906 4290 1258 4374 Cominiani,
1312 4289 1707 4371 PalaemoniS,
1760 4290 1895 4352 Iulii
1940 4289 2214 4373 Romani,
2272 4294 2630 4374 composuit,
2684 4311 2716 4352 e
2773 4291 2991 4372 quibus
3045 4290 3211 4353 Dosi-

619 4399 792 4461 theus
840 4417 905 4459 ea
955 4400 1204 4459 maxime
1253 4418 1401 4479 quae
1450 4399 1791 4459 Cominiano
1840 4397 2186 4459 tribuuntur
2233 4401 2460 4478 recepit
2505 4445 2519 4459 .
2567 4416 2702 4459 nam
2757 4397 2936 4459 huius
2995 4417 3210 4460 nomen

617 4527 649 4568 a
696 4506 963 4568 Charisio
1010 4505 1361 4587 appellatum
1408 4513 1501 4567 est
1538 4504 1611 4567 de
1657 4506 1968 4586 participio
2016 4523 2071 4584 p.
2123 4500 2373 4587 180,11‚
2420 4504 2492 4566 de
2539 4505 2816 4567 adverbio
2863 4525 2916 4585 p.
2962 4501 3213 4587 181‚15,

619 4614 691 4675 de
739 4615 1156 4675 coniunctione
1215 4632 1270 4693 p.
1318 4610 1580 4694 224,24,
1643 4611 1718 4673 de
1781 4613 2213 4692 praepositione
2270 4632 2325 4692 p.
2381 4609 2601 4694 230‚4‚
2664 4611 2738 4673 de
2800 4614 3214 4674 interiectione

619 4740 675 4800 p.
721 4716 975 4799 238‚19.
1069 4719 1139 4780 ad
1187 4719 1441 4781 eundem
1490 4719 1764 4781 videntur
1811 4717 2156 4779 referendae
2204 4737 2336 4780 esse
2396 4718 2837 4781 observationes
2898 4719 3213 4780 verborum

621 4830 680 4887 in
737 4829 914 4888 tertio
973 4826 1150 4908 libro,
1208 4822 1287 4888 'de
1344 4825 1561 4906 quibus
1615 4825 1919 4887 Charisius
1982 4834 2117 4906 post
2171 4834 2446 4906 excerpta
2503 4827 2829 4888 Cominiani
2894 4826 2967 4887 de
3032 4825 3214 4888 verbo
