3613 5528
629 428 711 493 76
1696 429 1904 501 vemt
1931 427 2156 484 LoNffl

623 543 667 579 p·
696 532 804 571 2235
833 532 881 569 P.

624 616 991 694 guitudinem
1038 634 1079 675 u
1126 613 1356 675 litterae
1404 623 1701 695 sonarent,
1747 624 1816 675 ut
1860 617 1919 674 in
1971 617 2095 673 viro
2145 623 2204 674 et
2250 616 2485 694 virtute,
2533 630 2727 690 neque
2768 630 2979 671 rursus
3017 631 3228 672 secun-

625 722 765 783 dum
812 721 858 802 †
912 723 1095 782 latum
1157 721 1386 782 litterae
1445 739 1656 782 sonum
1714 723 2197 802 enuntiarentur,
2262 726 2334 780 ut
2394 722 2454 779 iu
2521 738 2592 779 eo
2659 718 2814 798 quod
2885 727 2976 779 ost
3030 719 3227 799 legere

623 828 901 889 scribere.
996 829 1194 905 itaque
1255 826 1527 887 audimus
1588 827 1872 906 quosdam
1938 827 2109 905 plena
2174 828 2231 885 oi
2280 825 2494 905 syllaba
2551 825 2750 885 dicere
2797 829 2935 904 quoi
2985 835 3046 886 et
3091 826 3226 887 hoie

619 954 727 1015 pro
787 936 883 995 cui
940 941 999 993 et
1055 934 1213 1015 huic,
1277 932 1431 1011 quod
1491 933 1675 994 multo
1720 936 1991 995 vitiosius
2038 942 2148 1014 est,
2195 952 2368 1012 quam
2418 935 2467 992 si
2515 935 2863 993 tenuitatem
2911 952 2946 1011 y
2994 932 3223 993 litterae

621 1041 1006 1103 custodirent.
1082 1049 1174 1101 est
1214 1047 1411 1101 autem
1451 1039 1550 1099 ubi
1597 1040 1949 1119 pinguitudo
1997 1060 2034 1100 ιι
2083 1039 2313 1100 litterae
2360 1039 2670 1100 decentius
2718 1048 3005 1120 servatur,
3052 1048 3120 1099 ut
3161 1043 3219 1099 in
3253 1054 3279 1091 ⁵

619 1168 689 1210 eo
736 1149 894 1229 quod
943 1157 1035 1210 est
1081 1148 1352 1210 volumus
1408 1147 1683 1208 nolumus
1738 1165 2073 1227 possumus
2164 1156 2222 1207 at
2266 1149 2328 1208 in
2377 1149 2691 1208 contimaci
2740 1146 2950 1207 melius
3005 1155 3150 1225 puto
3209 1149 3226 1206 i

622 1258 872 1318 servari:
931 1258 1092 1317 venit
1145 1257 1301 1316 enim
1350 1274 1380 1315 a
1430 1253 1893 1336 contemnendo,
1950 1256 2179 1314 tametsi
2238 1252 2416 1314 Nisus
2472 1261 2532 1313 et
2579 1261 2986 1313 contumacem
3032 1273 3140 1334 per
3188 1273 3224 1314 u

617 1372 788 1443 putat
831 1382 1007 1443 posse
1055 1363 1171 1423 dici
1218 1381 1249 1422 a
1298 1371 1547 1424 tumore.

799 1470 1136 1550 Comprimo
1187 1488 1421 1549 quoque
1469 1488 1578 1549 per
1624 1471 1641 1530 i
1690 1469 1842 1529 malo
1890 1468 2089 1549 scribi,
2137 1471 2401 1547 quamvis
2449 1487 2826 1547 compressus
2864 1467 3121 1548 dicatur;
3169 1476 3230 1528 et

618 1598 649 1638 e
699 1579 997 1639 contrario
1053 1577 1257 1637 decem
1316 1576 1595 1637 audacius
1643 1576 1922 1655 dixerim,
1979 1578 2244 1654 quamvis
2300 1574 2436 1634 inde
2484 1575 2682 1635 decies
2731 1574 3023 1657 trahatur,
3078 1594 3223 1654 quo·
3256 1589 3309 1627 1⁰

615 1688 801 1764 niam,
850 1695 915 1747 ut
952 1704 1129 1765 supra
1177 1685 1324 1766 dixi,
1372 1702 1518 1744 sono
1566 1686 1872 1744 usitatiore
1920 1682 2137 1762 gaudet
2182 1682 2433 1743 auditus

793 1791 935 1852 Niso
994 1793 1168 1852 etiam
1215 1792 1407 1871 placet
1464 1800 1530 1852 ut
1575 1790 1866 1851 benificus
1921 1808 2030 1870 per
2084 1793 2104 1850 i
2161 1774 2473 1871 scribatur,
2528 1808 2646 1868 quo
2696 1788 2868 1848 modo
2917 1789 3221 1863 malificuS,

613 1897 769 1977 quod
819 1897 986 1958 video
1034 1897 1524 1958 consuetudinem
1584 1896 1947 1976 repudiasse.
2040 1914 2158 1956 non
2206 1897 2382 1976 enim,
2430 1898 2478 1955 si
2526 1896 2634 1956 hae
2683 1896 2834 1956 duae
2883 1896 3142 1977 litterae,
3189 1916 3221 1957 e

615 2014 675 2065 et
710 2007 749 2087 i,
796 2024 903 2085 per
950 2007 1043 2065 ius
1091 2004 1407 2065 adfinitatis
1453 2006 1751 2083 recipiunt
1799 1992 2286 2080 immutationem,
2332 2000 2466 2064 ideo
2515 2022 2759 2064 necesse
2804 2013 2895 2064 est
2933 2002 3060 2063 illas
3108 2005 3221 2064 uti-

791 2212 971 2291 Codex
1005 2213 1306 2267 Parrhasii
1377 2219 1409 2265 3
1446 2211 1615 2280 plena
1641 2212 1794 2265 omni
1832 2211 2049 2280 syllaba
2086 2212 2270 2266 dicere
2305 2193 2488 2283 'c'iuoec
2522 2214 2717 2266 tooeos
2753 2229 2854 2279 pro
2884 2210 2981 2278 qui
3019 2213 3078 2265 et
3114 2210 3222 2266 tibi

611 2293 762 2363 quod
798 2293 977 2370 multo
1122 2299 1153 2347 6
1191 2293 1341 2362 quod
1377 2295 1466 2347 est
1499 2292 1756 2347 nolumus
1793 2292 2051 2346 uolumus
2098 2309 2394 2361 possumus
2430 2294 2492 2346 at
2537 2292 2594 2346 in
2633 2290 2982 2347 contumacie
3019 2291 3221 2346 melius

743 2397 773 2446 '¹1
813 2393 872 2445 et
909 2391 1227 2446 contumaci
1264 2379 1319 2444 T
1347 2406 1447 2458 per
1483 2408 1519 2443 ιι
1673 2396 1705 2443 9
1745 2392 1803 2443 et
1840 2406 1876 2442 a
1912 2391 2191 2445 contrario
2350 2398 2414 2445 12
2451 2390 2748 2460 malificus]
2793 2390 3077 2444 maleficus

614 2478 678 2525 13
715 2470 902 2541 video]
940 2469 1070 2525 uide
1215 2476 1283 2524 14
1321 2470 1538 2540 utique]
1581 2469 1787 2538 ubique

794 2665 825 2713 2
864 2659 1042 2714 latum
1078 2657 1302 2711 litterae
1339 2672 1559 2725 sonum,
1596 2658 1647 2711 si
1681 2673 1867 2711 veram
1894 2662 1987 2723 est,
2022 2659 2412 2727 grammaticus
2448 2658 2547 2711 hoc
2574 2658 2687 2711 loco
2715 2658 2862 2713 dixit
2890 2659 3222 2729 productam

609 2741 822 2795 litterae
866 2738 888 2794 i
931 2740 1012 2793 vel
1056 2756 1095 2793 u
1141 2736 1583 2792 enuntiationem.
1649 2736 1821 2792 latius
1867 2740 2152 2794 enuntiari
2196 2739 2217 2793 i
2269 2742 2507 2796 litteram
2551 2740 2888 2795 interiectam
2941 2740 3222 2794 vocalibus

615 2822 836 2875 dixerat
883 2837 1057 2889 supra
1097 2837 1155 2889 p.
1195 2824 1282 2887 55,
1313 2823 1364 2873 7.
1414 2835 1489 2872 an
1528 2818 1827 2872 seeundum
1867 2820 2182 2874 naturalem
2220 2822 2241 2875 i
2276 2821 2500 2875 litterae
2538 2828 2772 2876 sonum?
2819 2836 2925 2888 quo
2960 2817 3119 2872 modo
3155 2821 3222 2874 de

607 2902 792 2955 eadem
827 2902 1011 2954 littera
1047 2901 1339 2970 disputans
1376 2901 1585 2954 locutus
1621 2904 1696 2954 est
1737 2899 2069 2954 Priscianus
2096 2904 2293 2969 partit.
2332 2905 2496 2959 duod.
2532 2921 2663 2958 vere.
2705 2903 2842 2956 Aen.
2876 2918 2934 2970 p.
2965 2904 3093 2966 465,
3129 2905 3219 2968 17,

603 2977 769 3033 video
806 2978 1066 3033 videbam
1095 2980 1325 3034 videbo:
1366 2978 1498 3048 quia
1534 2978 1593 3033 in
1628 2979 1716 3033 his
1752 2979 2103 3049 temporibus
2130 2979 2189 3033 vi
2226 2982 2547 3052 corripitur,
2585 2982 2830 3037 mutavit
2856 2998 3051 3036 sonum
3077 2979 3138 3034 in
3163 2999 3218 3049 y,

540 3107 541 3110 ,
604 3058 662 3112 in
697 3056 1005 3128 praeterito
1043 3062 1234 3114 autem
1269 3060 1518 3130 perfecto
1557 3062 1616 3114 et
1650 3057 1710 3113 in
1748 3058 1901 3128 aliis,
1941 3058 2001 3113 in
2040 3059 2241 3128 quibus
2278 3062 2628 3131 producitur,
2678 3062 2996 3117 naturalem
3036 3077 3218 3115 serva-

604 3137 688 3193 vit
735 3157 957 3208 sonum,
1008 3141 1073 3194 ut
1121 3139 1240 3195 vidi
1288 3140 1538 3194 videram
1587 3139 1852 3194 vidissem
1886 3139 2098 3193 videm.
2178 3140 2406 3210 Lonyue
2454 3143 2589 3211 quid
2635 3143 2891 3209 voluerit,
2945 3143 3220 3209 corruptis

602 3222 859 3290 eaeemplis
903 3237 1043 3290 quae
1089 3221 1455 3288 adscripscrat
1501 3221 1614 3274 dici
1658 3222 1753 3275 vix
1789 3225 1982 3290 potest.
2061 3220 2278 3274 videtur
2323 3226 2501 3276 autem
2551 3227 2682 3291 post
2724 3242 2764 3277 u
2810 3227 2858 3276 et
2902 3220 2923 3274 i
2981 3222 3218 3274 litteram

599 3301 933 3370 siqnificatio
978 3316 1205 3369 yraecae
1251 3300 1462 3352 litterae
1506 3317 1543 3368 y
1599 3301 1932 3365 desiderari,
1983 3318 2122 3368 quae
2168 3303 2232 3355 in
2275 3302 2420 3355 hunc
2464 3303 2682 3356 modum
2727 3303 2944 3357 restitui
2978 3306 3217 3368 poterat,

599 3397 779 3450 neque
816 3397 1001 3434 rursus
1038 3377 1341 3432 secundum
1388 3395 1625 3447 graecae
1676 3397 1714 3448 y
1760 3379 1981 3434 litterae
2022 3395 2220 3435 sonum
2260 3383 2702 3449 enuntiarentur,
2749 3385 2814 3436 ut
2861 3382 2920 3435 in
2957 3398 3023 3435 eo
3061 3381 3213 3449 quod

601 3463 687 3514 est
732 3460 867 3531 gula
910 3461 1012 3528 (vel
1049 3458 1303 3526 Ligures)
1351 3459 1411 3510 et
1456 3457 1755 3528 scripulus:
1798 3461 1868 3527 cf.
1910 3460 2063 3516 Mar.
2115 3461 2250 3516 Vict.
2295 3479 2353 3531 p.
2392 3468 2487 3531 20,
2524 3464 2575 3517 1.
2632 3464 2766 3533 gula
2812 3464 3011 3532 leyitur
3061 3462 3217 3531 apud

602 3539 920 3594 Charisium
952 3557 1008 3608 p.
1050 3543 1175 3603 103,
1214 3543 1311 3602 28,
1349 3536 1681 3607 scriptulum
1716 3542 1800 3594 vel
1836 3542 2140 3611 scripulum
2185 3546 2257 3599 ib.
2287 3562 2347 3614 p.
2387 3549 2512 3611 105,
2553 3549 2587 3598 5
2731 3544 2917 3614 legere
2974 3542 3215 3596 scribere

600 3623 784 3673 tuetwr
827 3617 1232 3674 Brambachias
1276 3621 1510 3690 orthoqr.
1559 3621 1653 3674 lat.
1696 3638 1753 3690 p.
1793 3627 1905 3677 125
1953 3624 2188 3677 mediam
2238 3625 2382 3677 inter
2429 3639 2458 3677 e
2507 3629 2556 3678 et
2603 3623 2624 3676 i
2669 3639 2862 3677 sonum
2905 3623 3217 3691 siynificari

598 3700 935 3755 existimam.
1014 3700 1200 3769 legere
1252 3701 1429 3755 eodem
1486 3702 1642 3756 modo
1701 3702 2016 3768 defenderat
2077 3703 2383 3773 Sembitae,
2443 3702 2627 3758 dicere
2688 3703 2928 3758 scribere
2987 3703 3217 3756 coniecit

600 3777 966 3832 Schneiderus
1109 3785 1140 3831 3
1179 3778 1377 3848 Itaque
1415 3779 1670 3837 audimus
1708 3782 1980 3853 quosdam
2018 3783 2188 3852 plena
2225 3782 2377 3837 omni
2416 3782 2634 3852 syllaba
2669 3781 2804 3850 quoi
2840 3784 2899 3836 et
2933 3780 3073 3835 tibei
3111 3800 3214 3851 pro

600 3857 689 3911 cui
723 3859 783 3911 et
817 3858 939 3925 tibi,
969 3859 1118 3927 quod
1156 3860 1334 3915 multo
1362 3860 1617 3915 vitiosius
1647 3867 1757 3931 est,
1798 3880 1968 3932 quam
2001 3862 2051 3917 si
2085 3865 2418 3919 tenuitatem
2457 3864 2476 3917 i
2514 3863 2736 3917 litterae
2766 3862 3110 3917 custodirent
3137 3863 3210 3930 R,

602 3937 699 3991 ubi
735 3937 960 3992 omnino
989 3957 1097 4009 pro
1125 3940 1280 3996 omni
1315 3944 1657 3998 scribendum
1686 3944 1914 3998 coniecit
1941 3945 2224 4000 Semlerua.
2284 3944 2417 4013 quoi
2445 3946 2503 3998 et
2539 3942 2666 3997 ho'ic
2692 3943 2915 4011 scripsi,
2953 3948 3016 3996 ut
3043 3961 3213 3998 emen—

600 4018 735 4072 data
791 4019 945 4073 lectio
990 4022 1351 4090 emhibcretur‚
1411 4026 1659 4093 quamvis
1705 4041 1770 4078 ea
1815 4039 1930 4078 non
1973 4025 2110 4077 satis
2165 4028 2367 4078 certam
2419 4024 2578 4090 fidem
2623 4039 2660 4075 a
2706 4028 2967 4092 corrupta
3013 4025 3216 4079 codicis

597 4101 881 4168 scriptura
927 4101 1136 4155 habeat.
1210 4120 1247 4156 ιι
1298 4104 1513 4171 autem,
1566 4105 1822 4172 quamvis
1876 4105 2252 4171 contractum,
2306 4103 2543 4157 eundem
2595 4104 2809 4168 tamen,
2862 4103 2968 4157 hoc
3023 4105 3111 4158 est
3157 4123 3215 4174 y,

601 4196 798 4234 sonum
835 4179 1009 4234 habet
1045 4181 1190 4236 inter
1228 4200 1264 4250 q
1303 4184 1361 4237 et
1399 4201 1429 4237 e
1467 4182 1556 4236 vel
1593 4181 1615 4234 i
1650 4183 1742 4236 vel
1780 4200 1846 4238 ae
1885 4183 2301 4253 diphthongum
2338 4183 2610 4253 positum,
2660 4186 2726 4236 ut
2763 4199 2870 4251 que
2908 4184 3032 4252 quis
3071 4202 3214 4253 quae

602 4261 932 4314 Priscianus
976 4261 1009 4316 l.
1052 4261 1093 4312 I
1131 4278 1187 4330 p.
1230 4267 1282 4330 7,
1321 4269 1405 4318 19.
1463 4262 1552 4317 cui
1599 4268 1649 4316 et
1704 4263 1834 4317 huic
1882 4265 2180 4332 composuit
2222 4264 2365 4318 idem
2409 4263 2443 4317 l.
2494 4263 2628 4315 VII
2666 4281 2723 4332 p.
2764 4268 2906 4328 303,
2945 4268 3040 4329 14,
3085 4264 3214 4319 hoic

593 4356 702 4411 pro
749 4338 881 4394 huic
919 4340 1125 4394 dictum
1163 4342 1449 4396 adnotavit
1489 4343 1719 4397 Marius
1766 4342 2084 4397 Victorinus
2120 4359 2179 4410 p.
2221 4349 2314 4408 12,
2351 4348 2390 4398 2
2607 4350 2639 4396 6
2686 4345 2749 4396 at
2790 4343 2847 4396 in
2896 4345 3213 4398 contumaci

599 4419 798 4475 melius
834 4419 890 4474 R
927 4425 975 4473 et
1011 4421 1177 4474 codex
1225 4420 1432 4476 Vrsini.
1488 4422 1720 4488 fortasse
1765 4424 1828 4475 at
1871 4421 1929 4474 in
1979 4421 2313 4476 contimacia
2358 4422 2558 4476 melius
2596 4428 2644 4474 et
2681 4422 2874 4476 deinde
2910 4423 2968 4476 et
3018 4425 3212 4476 contu-

597 4500 835 4556 maciam
872 4517 974 4569 per
1003 4518 1040 4553 u
1187 4506 1215 4553 ’1
1256 4502 1317 4555 et
1353 4500 1666 4555 contumaci
1703 4517 1804 4569 per
1831 4519 1868 4553 ιι
1905 4503 2069 4570 putat
2105 4502 2160 4556 R
2310 4509 2372 4555 12
2410 4503 2476 4556 ut
2510 4501 2790 4555 beneficus
2829 4520 2929 4571 per
2955 4503 2976 4557 i
3005 4504 3210 4559 scriba-

595 4582 715 4649 tur,
755 4580 1036 4649 quomodo
1064 4579 1375 4649 maleficuS,
1414 4580 1563 4649 quod
1603 4581 1758 4635 vides
1793 4582 2249 4637 consuetudinem
2279 4581 2598 4652 repudiasse
2636 4581 2691 4634 R
2837 4583 3115 4651 quomodo
3155 4587 3215 4638 et

597 4660 879 4714 maleficus
907 4661 1136 4714 coniecit
1163 4659 1432 4715 Semlerus
1542 4667 1607 4715 13
1637 4678 1667 4715 e
1697 4664 1754 4715 et
1781 4662 1800 4715 i
1828 4661 1981 4732 prius
2010 4663 2304 4717 affinitatis
2336 4663 2391 4716 R
2500 4668 2569 4715 14
2600 4660 2728 4715 illas
2757 4662 2965 4730 ubique
2993 4680 3212 4734 semper

594 4739 897 4793 immutari.
963 4740 1107 4794 Item
1154 4739 1414 4808 antiquos
1462 4739 1543 4794 ait
1590 4759 1688 4809 per
1732 4758 1762 4795 e
1811 4745 1868 4796 et
1913 4742 1932 4796 i
1980 4742 2359 4811 scribendum,
2416 4742 2566 4810 quod
2613 4740 2891 4809 significat
2938 4743 3209 4812 antiquei,

596 4818 746 4954 guod
790 4819 933 4872 mihi
973 4818 1240 4890 frigidum
1285 4820 1355 4874 R.
1430 4819 1649 4874 ‘malim
1694 4821 1832 4875 item
1878 4822 2130 4890 antiquei
2173 4828 2222 4876 et
2267 4839 2394 4876 mox
2440 4836 2548 4892 pro
2592 4819 2872 4889 antiqnei,
2920 4823 3206 4891 antiquos'

642 4897 973 4953 ommelinue.
