<?xml version="1.0" encoding="UTF-8"?>
<!DOCTYPE html PUBLIC "-//W3C//DTD XHTML 1.0 Transitional//EN"
    "http://www.w3.org/TR/xhtml1/DTD/xhtml1-transitional.dtd">
<html xmlns="http://www.w3.org/1999/xhtml" xml:lang="en" lang="en">
 <head>
  <title>
</title>
<meta http-equiv="Content-Type" content="text/html;charset=utf-8" />
  <meta name='ocr-system' content='tesseract 3.04.00' />
  <meta name='ocr-capabilities' content='ocr_page ocr_carea ocr_par ocr_line ocrx_word'/>
</head>
<body>
  <div class='ocr_page' id='page_1' title='image "./grammaticilatin09keilgoog_0252.png"; bbox 0 0 3613 5528; ppageno 0'>
   <div class='ocr_carea' id='block_1_1' title="bbox 568 457 1993 608">
    <p class='ocr_par' dir='ltr' id='par_1_1' title="bbox 568 457 1993 608">
     <span class='ocr_line' id='line_1_1' title="bbox 568 457 1993 521; baseline -0.007 0"><span class='ocrx_word' id='word_1_1' title='bbox 568 457 701 521; x_wconf 77' lang='lat'>242</span> <span class='ocrx_word' id='word_1_2' title='bbox 1751 457 1993 512; x_wconf 82' lang='lat' dir='ltr'><strong>BEDAE</strong></span> 
     </span>
     <span class='ocr_line' id='line_1_2' title="bbox 571 558 917 608; baseline -0.003 -11"><span class='ocrx_word' id='word_1_3' title='bbox 571 571 612 608; x_wconf 73' lang='lat'>1».</span> <span class='ocrx_word' id='word_1_4' title='bbox 639 559 758 599; x_wconf 73' lang='lat'>2364.</span> <span class='ocrx_word' id='word_1_5' title='bbox 788 559 840 598; x_wconf 85' lang='lat' dir='ltr'>c5</span> <span class='ocrx_word' id='word_1_6' title='bbox 867 558 917 597; x_wconf 83' lang='lat' dir='ltr'>P.</span> 
     </span>
    </p>
   </div>
   <div class='ocr_carea' id='block_1_2' title="bbox 566 639 3240 1474">
    <p class='ocr_par' dir='ltr' id='par_1_2' title="bbox 566 639 3240 1474">
     <span class='ocr_line' id='line_1_3' title="bbox 572 639 3183 723; baseline 0.001 -21"><span class='ocrx_word' id='word_1_7' title='bbox 572 651 663 704; x_wconf 88' lang='lat' dir='ltr'>est</span> <span class='ocrx_word' id='word_1_8' title='bbox 708 642 973 721; x_wconf 89' lang='lat' dir='ltr'>dactylus</span> <span class='ocrx_word' id='word_1_9' title='bbox 1021 660 1092 702; x_wconf 89' lang='lat' dir='ltr'>ex</span> <span class='ocrx_word' id='word_1_10' title='bbox 1139 641 1312 721; x_wconf 86' lang='lat' dir='ltr'>longa</span> <span class='ocrx_word' id='word_1_11' title='bbox 1357 650 1418 703; x_wconf 92' lang='lat' dir='ltr'>et</span> <span class='ocrx_word' id='word_1_12' title='bbox 1463 639 1694 702; x_wconf 90' lang='lat' dir='ltr'>duabus</span> <span class='ocrx_word' id='word_1_13' title='bbox 1748 641 2032 703; x_wconf 86' lang='lat' dir='ltr'>brevibus</span> <span class='ocrx_word' id='word_1_14' title='bbox 2078 650 2414 722; x_wconf 88' lang='lat' dir='ltr'>temporum</span> <span class='ocrx_word' id='word_1_15' title='bbox 2462 649 2771 723; x_wconf 87' lang='lat' dir='ltr'>quattuor,</span> <span class='ocrx_word' id='word_1_16' title='bbox 2828 651 2895 704; x_wconf 91' lang='grc' dir='ltr'>ιιι</span> <span class='ocrx_word' id='word_1_17' title='bbox 2952 641 3183 721; x_wconf 86' lang='lat' dir='ltr'>regula:</span> 
     </span>
     <span class='ocr_line' id='line_1_4' title="bbox 569 749 3183 830; baseline 0 -21"><span class='ocrx_word' id='word_1_18' title='bbox 569 749 1025 830; x_wconf 82' lang='lat' dir='ltr'>amphibrachus</span> <span class='ocrx_word' id='word_1_19' title='bbox 1081 768 1150 809; x_wconf 84' lang='lat' dir='ltr'>ex</span> <span class='ocrx_word' id='word_1_20' title='bbox 1199 749 1365 810; x_wconf 88' lang='lat' dir='ltr'>brevi</span> <span class='ocrx_word' id='word_1_21' title='bbox 1412 758 1473 810; x_wconf 89' lang='lat' dir='ltr'>et</span> <span class='ocrx_word' id='word_1_22' title='bbox 1522 750 1694 828; x_wconf 86' lang='lat' dir='ltr'>longa</span> <span class='ocrx_word' id='word_1_23' title='bbox 1740 758 1802 810; x_wconf 88' lang='lat' dir='ltr'>et</span> <span class='ocrx_word' id='word_1_24' title='bbox 1856 749 2023 810; x_wconf 78' lang='lat' dir='ltr'>brevi</span> <span class='ocrx_word' id='word_1_25' title='bbox 2080 757 2417 830; x_wconf 88' lang='lat' dir='ltr'>temporum</span> <span class='ocrx_word' id='word_1_26' title='bbox 2464 759 2760 830; x_wconf 88' lang='lat' dir='ltr'>quattuor,</span> <span class='ocrx_word' id='word_1_27' title='bbox 2815 759 2882 811; x_wconf 90' lang='lat' dir='ltr'>ut</span> <span class='ocrx_word' id='word_1_28' title='bbox 2938 749 3183 830; x_wconf 81' lang='lat' dir='ltr'>harena3</span> 
     </span>
     <span class='ocr_line' id='line_1_5' title="bbox 566 854 3182 938; baseline 0.001 -22"><span class='ocrx_word' id='word_1_29' title='bbox 566 854 706 918; x_wconf 89' lang='lat' dir='ltr'>huic</span> <span class='ocrx_word' id='word_1_30' title='bbox 769 858 1105 919; x_wconf 88' lang='lat' dir='ltr'>contrarius</span> <span class='ocrx_word' id='word_1_31' title='bbox 1162 865 1251 918; x_wconf 92' lang='lat' dir='ltr'>est</span> <span class='ocrx_word' id='word_1_32' title='bbox 1309 857 1743 938; x_wconf 82' lang='lat' dir='ltr'><strong>amphimacrus</strong></span> <span class='ocrx_word' id='word_1_33' title='bbox 1800 877 1871 918; x_wconf 90' lang='lat' dir='ltr'>ex</span> <span class='ocrx_word' id='word_1_34' title='bbox 1928 857 2100 938; x_wconf 81' lang='lat' dir='ltr'>longa</span> <span class='ocrx_word' id='word_1_35' title='bbox 2157 867 2217 919; x_wconf 89' lang='lat' dir='ltr'>et</span> <span class='ocrx_word' id='word_1_36' title='bbox 2271 858 2438 920; x_wconf 88' lang='lat' dir='ltr'>brevi</span> <span class='ocrx_word' id='word_1_37' title='bbox 2494 867 2554 919; x_wconf 91' lang='lat' dir='ltr'>et</span> <span class='ocrx_word' id='word_1_38' title='bbox 2614 858 2785 937; x_wconf 86' lang='lat' dir='ltr'>longa</span> <span class='ocrx_word' id='word_1_39' title='bbox 2846 865 3182 937; x_wconf 84' lang='lat' dir='ltr'>temporum</span> 
     </span>
     <span class='ocr_line' id='line_1_6' title="bbox 571 963 3185 1046; baseline 0.001 -23"><span class='ocrx_word' id='word_1_40' title='bbox 571 964 864 1046; x_wconf 91' lang='lat' dir='ltr'>quinque,</span> <span class='ocrx_word' id='word_1_41' title='bbox 910 974 977 1025; x_wconf 91' lang='lat' dir='ltr'>ut</span> <span class='ocrx_word' id='word_1_42' title='bbox 1022 967 1348 1044; x_wconf 82' lang='lat' dir='ltr'><strong>impotens:</strong></span> <span class='ocrx_word' id='word_1_43' title='bbox 1395 963 1679 1026; x_wconf 89' lang='lat' dir='ltr'>bacchius</span> <span class='ocrx_word' id='word_1_44' title='bbox 1717 983 1787 1024; x_wconf 82' lang='lat' dir='ltr'>ex</span> <span class='ocrx_word' id='word_1_45' title='bbox 1827 963 1994 1025; x_wconf 80' lang='lat' dir='ltr'>brevi</span> <span class='ocrx_word' id='word_1_46' title='bbox 2033 972 2094 1024; x_wconf 89' lang='lat' dir='ltr'>et</span> <span class='ocrx_word' id='word_1_47' title='bbox 2131 963 2361 1025; x_wconf 87' lang='lat' dir='ltr'>duabus</span> <span class='ocrx_word' id='word_1_48' title='bbox 2410 964 2602 1044; x_wconf 77' lang='lat' dir='ltr'>longis</span> <span class='ocrx_word' id='word_1_49' title='bbox 2640 972 2973 1045; x_wconf 87' lang='lat' dir='ltr'>temporum</span> <span class='ocrx_word' id='word_1_50' title='bbox 3013 966 3185 1045; x_wconf 88' lang='lat' dir='ltr'>quin·</span> 
     </span>
     <span class='ocr_line' id='line_1_7' title="bbox 570 1070 3240 1152; baseline -0.001 -23"><span class='ocrx_word' id='word_1_51' title='bbox 570 1087 714 1147; x_wconf 89' lang='lat' dir='ltr'>que,</span> <span class='ocrx_word' id='word_1_52' title='bbox 763 1078 829 1131; x_wconf 91' lang='lat' dir='ltr'>ut</span> <span class='ocrx_word' id='word_1_53' title='bbox 871 1080 1108 1152; x_wconf 83' lang='lat' dir='ltr'>poetae3</span> <span class='ocrx_word' id='word_1_54' title='bbox 1155 1071 1295 1133; x_wconf 92' lang='lat' dir='ltr'>buic</span> <span class='ocrx_word' id='word_1_55' title='bbox 1333 1074 1670 1132; x_wconf 89' lang='lat' dir='ltr'>contrarius</span> <span class='ocrx_word' id='word_1_56' title='bbox 1706 1079 1799 1132; x_wconf 89' lang='lat' dir='ltr'>est</span> <span class='ocrx_word' id='word_1_57' title='bbox 1836 1070 2240 1132; x_wconf 89' lang='lat' dir='ltr'>antibacchius</span> <span class='ocrx_word' id='word_1_58' title='bbox 2279 1090 2348 1131; x_wconf 83' lang='lat' dir='ltr'>ex</span> <span class='ocrx_word' id='word_1_59' title='bbox 2388 1070 2618 1132; x_wconf 88' lang='lat' dir='ltr'>duabus</span> <span class='ocrx_word' id='word_1_60' title='bbox 2664 1070 2857 1151; x_wconf 85' lang='lat' dir='ltr'>longis</span> <span class='ocrx_word' id='word_1_61' title='bbox 2908 1080 2968 1132; x_wconf 88' lang='lat' dir='ltr'>et</span> <span class='ocrx_word' id='word_1_62' title='bbox 3017 1071 3240 1132; x_wconf 78' lang='lat' dir='ltr'>brevis</span> 
     </span>
     <span class='ocr_line' id='line_1_8' title="bbox 571 1155 3185 1261; baseline 0.001 -25"><span class='ocrx_word' id='word_1_63' title='bbox 571 1184 908 1256; x_wconf 87' lang='lat' dir='ltr'>temporum</span> <span class='ocrx_word' id='word_1_64' title='bbox 955 1181 1248 1261; x_wconf 89' lang='lat' dir='ltr'>quinque,</span> <span class='ocrx_word' id='word_1_65' title='bbox 1303 1187 1371 1240; x_wconf 90' lang='lat' dir='ltr'>ut</span> <span class='ocrx_word' id='word_1_66' title='bbox 1419 1186 1644 1240; x_wconf 90' lang='lat' dir='ltr'>natura.</span> <span class='ocrx_word' id='word_1_67' title='bbox 1719 1178 1830 1239; x_wconf 88' lang='lat' dir='ltr'>hos</span> <span class='ocrx_word' id='word_1_68' title='bbox 1877 1187 2229 1260; x_wconf 87' lang='lat' dir='ltr'>sequuntur,</span> <span class='ocrx_word' id='word_1_69' title='bbox 2276 1188 2345 1239; x_wconf 89' lang='lat' dir='ltr'>ut</span> <span class='ocrx_word' id='word_1_70' title='bbox 2391 1177 2539 1259; x_wconf 82' lang='lat' dir='ltr'><strong>dixi,</strong></span> <span class='ocrx_word' id='word_1_71' title='bbox 2594 1179 2777 1258; x_wconf 91' lang='lat' dir='ltr'>pedes</span> <span class='ocrx_word' id='word_1_72' title='bbox 2825 1155 3185 1258; x_wconf 79' lang='lat' dir='ltr'>tetrasyllabi</span> 
     </span>
     <span class='ocr_line' id='line_1_9' title="bbox 569 1281 3186 1368; baseline 0.001 -26"><span class='ocrx_word' id='word_1_73' title='bbox 569 1281 728 1365; x_wconf 85' lang='lat' dir='ltr'>XVI,</span> <span class='ocrx_word' id='word_1_74' title='bbox 766 1284 1150 1365; x_wconf 78' lang='lat' dir='ltr'>pentasyllabi</span> <span class='ocrx_word' id='word_1_75' title='bbox 1191 1284 1437 1368; x_wconf 86' lang='lat' dir='ltr'>XXXII,</span> <span class='ocrx_word' id='word_1_76' title='bbox 1474 1283 1834 1365; x_wconf 81' lang='lat' dir='ltr'><strong>hexasyllabi</strong></span> <span class='ocrx_word' id='word_1_77' title='bbox 1871 1284 2103 1347; x_wconf 89' lang='lat' dir='ltr'>LXIIII.</span> <span class='ocrx_word' id='word_1_78' title='bbox 2160 1284 2263 1346; x_wconf 88' lang='lat' dir='ltr'>sed</span> <span class='ocrx_word' id='word_1_79' title='bbox 2302 1285 2448 1345; x_wconf 88' lang='lat' dir='ltr'>baec</span> <span class='ocrx_word' id='word_1_80' title='bbox 2487 1287 2724 1346; x_wconf 76' lang='lat' dir='ltr'>Interim</span> <span class='ocrx_word' id='word_1_81' title='bbox 2766 1295 2970 1346; x_wconf 88' lang='lat' dir='ltr'>nostro</span> <span class='ocrx_word' id='word_1_82' title='bbox 2999 1287 3186 1366; x_wconf 89' lang='lat' dir='ltr'>operi,</span> 
     </span>
     <span class='ocr_line' id='line_1_10' title="bbox 571 1389 2409 1474; baseline 0.002 -23"><span class='ocrx_word' id='word_1_83' title='bbox 571 1389 729 1469; x_wconf 92' lang='lat' dir='ltr'>quod</span> <span class='ocrx_word' id='word_1_84' title='bbox 776 1391 850 1452; x_wconf 90' lang='lat' dir='ltr'>de</span> <span class='ocrx_word' id='word_1_85' title='bbox 898 1399 1024 1452; x_wconf 89' lang='lat' dir='ltr'>arte</span> <span class='ocrx_word' id='word_1_86' title='bbox 1072 1394 1316 1453; x_wconf 89' lang='lat' dir='ltr'>metrica</span> <span class='ocrx_word' id='word_1_87' title='bbox 1365 1392 1668 1474; x_wconf 90' lang='lat' dir='ltr'>cudimus,</span> <span class='ocrx_word' id='word_1_88' title='bbox 1714 1394 1858 1454; x_wconf 85' lang='lat' dir='ltr'>satis</span> <span class='ocrx_word' id='word_1_89' title='bbox 1904 1410 2036 1452; x_wconf 90' lang='lat' dir='ltr'>esse</span> <span class='ocrx_word' id='word_1_90' title='bbox 2083 1400 2409 1471; x_wconf 73' lang='lat' dir='ltr'>putamus.</span> 
     </span>
    </p>
   </div>
   <div class='ocr_carea' id='block_1_3' title="bbox 638 1564 3121 1634">
    <p class='ocr_par' dir='ltr' id='par_1_3' title="bbox 638 1564 3121 1634">
     <span class='ocr_line' id='line_1_11' title="bbox 638 1564 3121 1634; baseline 0 -4"><span class='ocrx_word' id='word_1_91' title='bbox 638 1565 757 1630; x_wconf 86' lang='lat' dir='ltr'>DE</span> <span class='ocrx_word' id='word_1_92' title='bbox 804 1564 1107 1631; x_wconf 87' lang='lat' dir='ltr'>METRO</span> <span class='ocrx_word' id='word_1_93' title='bbox 1154 1564 1654 1632; x_wconf 86' lang='lat' dir='ltr'>DACTYLICO</span> <span class='ocrx_word' id='word_1_94' title='bbox 1700 1564 2253 1631; x_wconf 85' lang='lat' dir='ltr'>HEXAMETRO</span> <span class='ocrx_word' id='word_1_95' title='bbox 2302 1565 2477 1630; x_wconf 85' lang='lat' dir='ltr'>VEL</span> <span class='ocrx_word' id='word_1_96' title='bbox 2522 1565 3121 1634; x_wconf 73' lang='lat' dir='ltr'><strong>PENTAMETRO</strong></span> 
     </span>
    </p>
   </div>
   <div class='ocr_carea' id='block_1_4' title="bbox 569 1705 3275 4042">
    <p class='ocr_par' dir='ltr' id='par_1_4' title="bbox 569 1705 3271 3078">
     <span class='ocr_line' id='line_1_12' title="bbox 749 1705 3267 1796; baseline -0.002 -22"><span class='ocrx_word' id='word_1_97' title='bbox 749 1713 1004 1775; x_wconf 86' lang='lat' dir='ltr'>Metrum</span> <span class='ocrx_word' id='word_1_98' title='bbox 1043 1712 1396 1793; x_wconf 87' lang='lat' dir='ltr'>dactylicum</span> <span class='ocrx_word' id='word_1_99' title='bbox 1433 1713 1871 1794; x_wconf 86' lang='lat' dir='ltr'>hexametrum,</span> <span class='ocrx_word' id='word_1_100' title='bbox 1913 1705 1923 1793; x_wconf 90' lang='grc' dir='ltr'>Ι</span> <span class='ocrx_word' id='word_1_101' title='bbox 1963 1712 2119 1793; x_wconf 89' lang='lat' dir='ltr'>quod</span> <span class='ocrx_word' id='word_1_102' title='bbox 2160 1720 2221 1773; x_wconf 91' lang='lat' dir='ltr'>et</span> <span class='ocrx_word' id='word_1_103' title='bbox 2263 1713 2573 1775; x_wconf 91' lang='lat' dir='ltr'>heroicum</span> <span class='ocrx_word' id='word_1_104' title='bbox 2610 1724 2872 1796; x_wconf 83' lang='lat' dir='ltr'>vocatur,</span> <span class='ocrx_word' id='word_1_105' title='bbox 2910 1733 2982 1775; x_wconf 93' lang='lat' dir='ltr'>eo</span> <span class='ocrx_word' id='word_1_106' title='bbox 3024 1713 3185 1792; x_wconf 84' lang='lat' dir='ltr'>quod</span> <span class='ocrx_word' id='word_1_107' title='bbox 3215 1730 3267 1768; x_wconf 84' lang='grc' dir='ltr'>ιο</span> 
     </span>
     <span class='ocr_line' id='line_1_13' title="bbox 569 1819 3184 1903; baseline 0 -24"><span class='ocrx_word' id='word_1_108' title='bbox 569 1819 684 1879; x_wconf 90' lang='lat' dir='ltr'>boc</span> <span class='ocrx_word' id='word_1_109' title='bbox 722 1822 972 1881; x_wconf 88' lang='lat' dir='ltr'>maxime</span> <span class='ocrx_word' id='word_1_110' title='bbox 1012 1819 1289 1902; x_wconf 89' lang='lat' dir='ltr'>heroum,</span> <span class='ocrx_word' id='word_1_111' title='bbox 1327 1821 1442 1881; x_wconf 93' lang='lat' dir='ltr'>hoc</span> <span class='ocrx_word' id='word_1_112' title='bbox 1481 1829 1574 1882; x_wconf 91' lang='lat' dir='ltr'>est</span> <span class='ocrx_word' id='word_1_113' title='bbox 1610 1823 1873 1882; x_wconf 85' lang='lat' dir='ltr'>virorum</span> <span class='ocrx_word' id='word_1_114' title='bbox 1911 1821 2174 1901; x_wconf 79' lang='lat' dir='ltr'>sortium,</span> <span class='ocrx_word' id='word_1_115' title='bbox 2214 1820 2364 1882; x_wconf 78' lang='lat' dir='ltr'>sacta</span> <span class='ocrx_word' id='word_1_116' title='bbox 2403 1829 2703 1903; x_wconf 86' lang='lat' dir='ltr'>canerent,</span> <span class='ocrx_word' id='word_1_117' title='bbox 2741 1822 2958 1883; x_wconf 90' lang='lat' dir='ltr'>ceteris</span> <span class='ocrx_word' id='word_1_118' title='bbox 2997 1822 3184 1880; x_wconf 89' lang='lat' dir='ltr'>omni·</span> 
     </span>
     <span class='ocr_line' id='line_1_14' title="bbox 574 1924 3183 2009; baseline 0 -24"><span class='ocrx_word' id='word_1_119' title='bbox 574 1924 686 1986; x_wconf 89' lang='lat' dir='ltr'>bus</span> <span class='ocrx_word' id='word_1_120' title='bbox 732 1925 1043 2006; x_wconf 82' lang='lat' dir='ltr'>pulchrius</span> <span class='ocrx_word' id='word_1_121' title='bbox 1083 1927 1420 2006; x_wconf 81' lang='lat' dir='ltr'>celsiusque</span> <span class='ocrx_word' id='word_1_122' title='bbox 1460 1937 1568 1989; x_wconf 86' lang='lat' dir='ltr'>est.</span> <span class='ocrx_word' id='word_1_123' title='bbox 1643 1927 1801 1989; x_wconf 89' lang='lat' dir='ltr'>unde</span> <span class='ocrx_word' id='word_1_124' title='bbox 1841 1927 2144 2008; x_wconf 85' lang='lat' dir='ltr'>opusculis</span> <span class='ocrx_word' id='word_1_125' title='bbox 2181 1937 2300 1989; x_wconf 90' lang='lat' dir='ltr'>tam</span> <span class='ocrx_word' id='word_1_126' title='bbox 2346 1928 2592 2009; x_wconf 86' lang='lat' dir='ltr'>prolixis</span> <span class='ocrx_word' id='word_1_127' title='bbox 2631 1947 2807 2007; x_wconf 92' lang='lat' dir='ltr'>quam</span> <span class='ocrx_word' id='word_1_128' title='bbox 2843 1929 3183 2006; x_wconf 75' lang='lat' dir='ltr'>succinctiS,</span> 
     </span>
     <span class='ocr_line' id='line_1_15' title="bbox 574 2032 3183 2115; baseline 0 -23"><span class='ocrx_word' id='word_1_129' title='bbox 574 2040 689 2093; x_wconf 92' lang='lat' dir='ltr'>tam</span> <span class='ocrx_word' id='word_1_130' title='bbox 729 2032 941 2094; x_wconf 86' lang='lat' dir='ltr'>vilibus</span> <span class='ocrx_word' id='word_1_131' title='bbox 980 2052 1155 2114; x_wconf 89' lang='lat' dir='ltr'>quam</span> <span class='ocrx_word' id='word_1_132' title='bbox 1194 2033 1493 2096; x_wconf 88' lang='lat' dir='ltr'>nobilibus</span> <span class='ocrx_word' id='word_1_133' title='bbox 1527 2040 1733 2115; x_wconf 63' lang='lat' dir='ltr'>aptum</span> <span class='ocrx_word' id='word_1_134' title='bbox 1772 2053 1905 2096; x_wconf 89' lang='lat' dir='ltr'>esse</span> <span class='ocrx_word' id='word_1_135' title='bbox 1944 2036 2271 2096; x_wconf 84' lang='lat' dir='ltr'>consuevit.</span> <span class='ocrx_word' id='word_1_136' title='bbox 2339 2043 2571 2096; x_wconf 89' lang='lat' dir='ltr'>constat</span> <span class='ocrx_word' id='word_1_137' title='bbox 2607 2043 2805 2096; x_wconf 90' lang='lat' dir='ltr'>autem</span> <span class='ocrx_word' id='word_1_138' title='bbox 2846 2053 2915 2095; x_wconf 86' lang='lat' dir='ltr'>ex</span> <span class='ocrx_word' id='word_1_139' title='bbox 2954 2032 3183 2111; x_wconf 77' lang='lat' dir='ltr'>dactylo</span> 
     </span>
     <span class='ocr_line' id='line_1_16' title="bbox 572 2139 3184 2222; baseline -0 -23"><span class='ocrx_word' id='word_1_140' title='bbox 572 2147 632 2200; x_wconf 93' lang='lat' dir='ltr'>et</span> <span class='ocrx_word' id='word_1_141' title='bbox 678 2139 941 2220; x_wconf 81' lang='lat' dir='ltr'>spondeo</span> <span class='ocrx_word' id='word_1_142' title='bbox 989 2140 1080 2202; x_wconf 85' lang='lat' dir='ltr'>vel</span> <span class='ocrx_word' id='word_1_143' title='bbox 1143 2140 1448 2218; x_wconf 78' lang='lat' dir='ltr'>trochaeo,</span> <span class='ocrx_word' id='word_1_144' title='bbox 1503 2145 1582 2203; x_wconf 91' lang='lat' dir='ltr'>ita</span> <span class='ocrx_word' id='word_1_145' title='bbox 1631 2150 1698 2203; x_wconf 91' lang='lat' dir='ltr'>ut</span> <span class='ocrx_word' id='word_1_146' title='bbox 1742 2144 1992 2221; x_wconf 88' lang='lat' dir='ltr'>recipiat</span> <span class='ocrx_word' id='word_1_147' title='bbox 2038 2140 2368 2222; x_wconf 90' lang='lat' dir='ltr'>spondeum</span> <span class='ocrx_word' id='word_1_148' title='bbox 2424 2141 2569 2203; x_wconf 89' lang='lat' dir='ltr'>locis</span> <span class='ocrx_word' id='word_1_149' title='bbox 2615 2141 2890 2203; x_wconf 90' lang='lat' dir='ltr'>omnibus</span> <span class='ocrx_word' id='word_1_150' title='bbox 2946 2147 3184 2220; x_wconf 87' lang='lat' dir='ltr'>praeter</span> 
     </span>
     <span class='ocr_line' id='line_1_17' title="bbox 572 2245 3269 2331; baseline -0.002 -24"><span class='ocrx_word' id='word_1_151' title='bbox 572 2249 875 2330; x_wconf 88' lang='lat' dir='ltr'>quintum,</span> <span class='ocrx_word' id='word_1_152' title='bbox 928 2246 1222 2327; x_wconf 79' lang='lat' dir='ltr'>dactylum</span> <span class='ocrx_word' id='word_1_153' title='bbox 1269 2256 1508 2329; x_wconf 87' lang='lat' dir='ltr'>praeter</span> <span class='ocrx_word' id='word_1_154' title='bbox 1555 2248 1858 2331; x_wconf 90' lang='lat' dir='ltr'>ultimum,</span> <span class='ocrx_word' id='word_1_155' title='bbox 1914 2248 2259 2311; x_wconf 86' lang='lat' dir='ltr'>trochaeum</span> <span class='ocrx_word' id='word_1_156' title='bbox 2306 2267 2447 2309; x_wconf 86' lang='lat' dir='ltr'>vero</span> <span class='ocrx_word' id='word_1_157' title='bbox 2493 2248 2625 2311; x_wconf 93' lang='lat' dir='ltr'>loco</span> <span class='ocrx_word' id='word_1_158' title='bbox 2672 2256 2902 2310; x_wconf 88' lang='lat' dir='ltr'>tantum</span> <span class='ocrx_word' id='word_1_159' title='bbox 2950 2245 3182 2325; x_wconf 82' lang='lat' dir='ltr'>ultim03</span> <span class='ocrx_word' id='word_1_160' title='bbox 3218 2263 3269 2301; x_wconf 85' lang='lat'>15</span> 
     </span>
     <span class='ocr_line' id='line_1_18' title="bbox 573 2353 3185 2438; baseline -0.001 -24"><span class='ocrx_word' id='word_1_161' title='bbox 573 2353 692 2437; x_wconf 82' lang='lat' dir='ltr'>vel,</span> <span class='ocrx_word' id='word_1_162' title='bbox 739 2363 806 2415; x_wconf 90' lang='lat' dir='ltr'>ut</span> <span class='ocrx_word' id='word_1_163' title='bbox 852 2355 1091 2435; x_wconf 90' lang='lat' dir='ltr'>quidam</span> <span class='ocrx_word' id='word_1_164' title='bbox 1138 2355 1455 2438; x_wconf 79' lang='lat' dir='ltr'>definiunt,</span> <span class='ocrx_word' id='word_1_165' title='bbox 1502 2357 1831 2437; x_wconf 89' lang='lat' dir='ltr'>spondeum</span> <span class='ocrx_word' id='word_1_166' title='bbox 1879 2357 2086 2419; x_wconf 87' lang='lat' dir='ltr'>ultimo</span> <span class='ocrx_word' id='word_1_167' title='bbox 2134 2355 2264 2417; x_wconf 93' lang='lat' dir='ltr'>loco</span> <span class='ocrx_word' id='word_1_168' title='bbox 2304 2374 2542 2436; x_wconf 88' lang='lat' dir='ltr'>semper</span> <span class='ocrx_word' id='word_1_169' title='bbox 2589 2365 2650 2418; x_wconf 90' lang='lat' dir='ltr'>et</span> <span class='ocrx_word' id='word_1_170' title='bbox 2696 2354 2971 2416; x_wconf 86' lang='lat' dir='ltr'>omnibus</span> <span class='ocrx_word' id='word_1_171' title='bbox 3016 2370 3185 2433; x_wconf 86' lang='lat' dir='ltr'>prae·</span> 
     </span>
     <span class='ocr_line' id='line_1_19' title="bbox 572 2461 3186 2547; baseline -0.001 -25"><span class='ocrx_word' id='word_1_172' title='bbox 572 2470 667 2522; x_wconf 88' lang='lat' dir='ltr'>ter</span> <span class='ocrx_word' id='word_1_173' title='bbox 705 2464 1006 2544; x_wconf 89' lang='lat' dir='ltr'>quintum,</span> <span class='ocrx_word' id='word_1_174' title='bbox 1054 2462 1400 2525; x_wconf 88' lang='lat' dir='ltr'>trochaeum</span> <span class='ocrx_word' id='word_1_175' title='bbox 1438 2483 1578 2526; x_wconf 85' lang='lat' dir='ltr'>vero</span> <span class='ocrx_word' id='word_1_176' title='bbox 1618 2483 1940 2547; x_wconf 87' lang='lat' dir='ltr'>nusquam,</span> <span class='ocrx_word' id='word_1_177' title='bbox 1987 2465 2152 2546; x_wconf 72' lang='lat' dir='ltr'>quia,</span> <span class='ocrx_word' id='word_1_178' title='bbox 2199 2465 2312 2524; x_wconf 91' lang='lat' dir='ltr'>etsi</span> <span class='ocrx_word' id='word_1_179' title='bbox 2350 2462 2554 2524; x_wconf 84' lang='lat' dir='ltr'>ultima</span> <span class='ocrx_word' id='word_1_180' title='bbox 2593 2461 2792 2524; x_wconf 85' lang='lat' dir='ltr'>brevis</span> <span class='ocrx_word' id='word_1_181' title='bbox 2828 2470 2921 2522; x_wconf 91' lang='lat' dir='ltr'>est</span> <span class='ocrx_word' id='word_1_182' title='bbox 2958 2470 3186 2542; x_wconf 84' lang='lat' dir='ltr'>natura,</span> 
     </span>
     <span class='ocr_line' id='line_1_20' title="bbox 575 2567 3186 2652; baseline -0.001 -23"><span class='ocrx_word' id='word_1_183' title='bbox 575 2576 773 2629; x_wconf 89' lang='lat' dir='ltr'>tamen</span> <span class='ocrx_word' id='word_1_184' title='bbox 821 2567 1150 2648; x_wconf 89' lang='lat' dir='ltr'>spondeum</span> <span class='ocrx_word' id='word_1_185' title='bbox 1199 2570 1455 2642; x_wconf 77' lang='lat' dir='ltr'>facitad</span> <span class='ocrx_word' id='word_1_186' title='bbox 1506 2580 1705 2632; x_wconf 88' lang='lat' dir='ltr'>votum</span> <span class='ocrx_word' id='word_1_187' title='bbox 1752 2578 2092 2652; x_wconf 86' lang='lat' dir='ltr'>poetarum,</span> <span class='ocrx_word' id='word_1_188' title='bbox 2154 2572 2284 2652; x_wconf 91' lang='lat' dir='ltr'>qui,</span> <span class='ocrx_word' id='word_1_189' title='bbox 2330 2579 2399 2631; x_wconf 91' lang='lat' dir='ltr'>ut</span> <span class='ocrx_word' id='word_1_190' title='bbox 2442 2569 2874 2650; x_wconf 86' lang='lat' dir='ltr'>praediximus,</span> <span class='ocrx_word' id='word_1_191' title='bbox 2920 2568 3186 2629; x_wconf 90' lang='lat' dir='ltr'>ultimam</span> 
     </span>
     <span class='ocr_line' id='line_1_21' title="bbox 572 2663 3185 2757; baseline 0 -23"><span class='ocrx_word' id='word_1_192' title='bbox 572 2693 782 2735; x_wconf 80' lang='lat' dir='ltr'>versus</span> <span class='ocrx_word' id='word_1_193' title='bbox 820 2671 1014 2736; x_wconf 77' lang='lat' dir='ltr'>omnis</span> <span class='ocrx_word' id='word_1_194' title='bbox 1052 2675 1330 2756; x_wconf 88' lang='lat' dir='ltr'>syllabam</span> <span class='ocrx_word' id='word_1_195' title='bbox 1377 2677 1786 2739; x_wconf 80' lang='lat' dir='ltr'>indifferenter</span> <span class='ocrx_word' id='word_1_196' title='bbox 1824 2679 2140 2757; x_wconf 89' lang='lat' dir='ltr'>accipiunt.</span> <span class='ocrx_word' id='word_1_197' title='bbox 2170 2663 2468 2757; x_wconf 70' lang='lat' dir='ltr'>‘alioquin</span> <span class='ocrx_word' id='word_1_198' title='bbox 2504 2676 2832 2757; x_wconf 86' lang='lat' dir='ltr'>legitimum</span> <span class='ocrx_word' id='word_1_199' title='bbox 2871 2694 3185 2738; x_wconf 90' lang='lat' dir='ltr'>numerum</span> 
     </span>
     <span class='ocr_line' id='line_1_22' title="bbox 575 2783 3271 2868; baseline 0.001 -26"><span class='ocrx_word' id='word_1_200' title='bbox 575 2784 780 2861; x_wconf 83' lang='lat' dir='ltr'>viginti</span> <span class='ocrx_word' id='word_1_201' title='bbox 828 2792 1108 2863; x_wconf 87' lang='lat' dir='ltr'>quattuor</span> <span class='ocrx_word' id='word_1_202' title='bbox 1156 2792 1493 2865; x_wconf 89' lang='lat' dir='ltr'>temporum</span> <span class='ocrx_word' id='word_1_203' title='bbox 1539 2805 1749 2847; x_wconf 85' lang='lat' dir='ltr'>versus</span> <span class='ocrx_word' id='word_1_204' title='bbox 1803 2784 2150 2847; x_wconf 84' lang='lat' dir='ltr'>hexameter</span> <span class='ocrx_word' id='word_1_205' title='bbox 2195 2804 2315 2846; x_wconf 91' lang='lat' dir='ltr'>non</span> <span class='ocrx_word' id='word_1_206' title='bbox 2373 2785 2637 2868; x_wconf 88' lang='lat' dir='ltr'>habebit,</span> <span class='ocrx_word' id='word_1_207' title='bbox 2694 2788 2831 2865; x_wconf 92' lang='lat' dir='ltr'>quia</span> <span class='ocrx_word' id='word_1_208' title='bbox 2878 2792 2968 2846; x_wconf 89' lang='lat' dir='ltr'>tot</span> <span class='ocrx_word' id='word_1_209' title='bbox 3022 2783 3187 2845; x_wconf 90' lang='lat' dir='ltr'>illum</span> <span class='ocrx_word' id='word_1_210' title='bbox 3217 2800 3271 2837; x_wconf 80' lang='lat'>2⁰</span> 
     </span>
     <span class='ocr_line' id='line_1_23' title="bbox 573 2891 3186 2975; baseline 0 -25"><span class='ocrx_word' id='word_1_211' title='bbox 573 2908 683 2969; x_wconf 93' lang='lat' dir='ltr'>pro</span> <span class='ocrx_word' id='word_1_212' title='bbox 744 2892 838 2951; x_wconf 92' lang='lat' dir='ltr'>sui</span> <span class='ocrx_word' id='word_1_213' title='bbox 897 2892 1266 2971; x_wconf 78' lang='lat' dir='ltr'>perfectione</span> <span class='ocrx_word' id='word_1_214' title='bbox 1328 2892 1547 2954; x_wconf 89' lang='lat' dir='ltr'>habere</span> <span class='ocrx_word' id='word_1_215' title='bbox 1609 2892 1887 2975; x_wconf 85' lang='lat' dir='ltr'>decebat,</span> <span class='ocrx_word' id='word_1_216' title='bbox 1948 2900 2095 2972; x_wconf 89' lang='lat' dir='ltr'>quot</span> <span class='ocrx_word' id='word_1_217' title='bbox 2154 2892 2331 2954; x_wconf 87' lang='lat' dir='ltr'>habet</span> <span class='ocrx_word' id='word_1_218' title='bbox 2390 2891 2540 2953; x_wconf 88' lang='lat' dir='ltr'>libra</span> <span class='ocrx_word' id='word_1_219' title='bbox 2601 2892 2773 2974; x_wconf 88' lang='lat' dir='ltr'>plena</span> <span class='ocrx_word' id='word_1_220' title='bbox 2836 2892 3186 2953; x_wconf 88' lang='lat' dir='ltr'>semuncias.</span> 
     </span>
     <span class='ocr_line' id='line_1_24' title="bbox 574 2996 1137 3078; baseline 0.004 -22"><span class='ocrx_word' id='word_1_221' title='bbox 574 2996 753 3059; x_wconf 90' lang='lat' dir='ltr'>buius</span> <span class='ocrx_word' id='word_1_222' title='bbox 801 2997 1137 3078; x_wconf 85' lang='lat' dir='ltr'>exemplum</span> 
     </span>
    </p>

    <p class='ocr_par' dir='ltr' id='par_1_5' title="bbox 576 3104 3269 3402">
     <span class='ocr_line' id='line_1_25' title="bbox 894 3104 2829 3186; baseline 0.001 -21"><span class='ocrx_word' id='word_1_223' title='bbox 894 3104 1206 3166; x_wconf 90' lang='lat' dir='ltr'>culmina</span> <span class='ocrx_word' id='word_1_224' title='bbox 1255 3104 1470 3166; x_wconf 91' lang='lat' dir='ltr'>multa</span> <span class='ocrx_word' id='word_1_225' title='bbox 1518 3105 1720 3186; x_wconf 93' lang='lat' dir='ltr'>polos</span> <span class='ocrx_word' id='word_1_226' title='bbox 1769 3105 2089 3168; x_wconf 89' lang='lat' dir='ltr'>radianti</span> <span class='ocrx_word' id='word_1_227' title='bbox 2135 3107 2401 3167; x_wconf 89' lang='lat' dir='ltr'>lumine</span> <span class='ocrx_word' id='word_1_228' title='bbox 2449 3105 2829 3185; x_wconf 88' lang='lat' dir='ltr'>complent.</span> 
     </span>
     <span class='ocr_line' id='line_1_26' title="bbox 576 3211 3188 3294; baseline -0.001 -21"><span class='ocrx_word' id='word_1_229' title='bbox 576 3213 690 3274; x_wconf 91' lang='lat' dir='ltr'>hoc</span> <span class='ocrx_word' id='word_1_230' title='bbox 737 3222 993 3275; x_wconf 90' lang='lat' dir='ltr'>metrum</span> <span class='ocrx_word' id='word_1_231' title='bbox 1041 3223 1179 3294; x_wconf 88' lang='lat' dir='ltr'>post</span> <span class='ocrx_word' id='word_1_232' title='bbox 1213 3212 1540 3274; x_wconf 86' lang='lat' dir='ltr'>Homerum</span> <span class='ocrx_word' id='word_1_233' title='bbox 1586 3213 1813 3275; x_wconf 90' lang='lat' dir='ltr'>heroici</span> <span class='ocrx_word' id='word_1_234' title='bbox 1859 3232 2076 3275; x_wconf 91' lang='lat' dir='ltr'>nomen</span> <span class='ocrx_word' id='word_1_235' title='bbox 2121 3215 2375 3294; x_wconf 86' lang='lat' dir='ltr'>accepit,</span> <span class='ocrx_word' id='word_1_236' title='bbox 2420 3213 2689 3293; x_wconf 87' lang='lat' dir='ltr'>pythium</span> <span class='ocrx_word' id='word_1_237' title='bbox 2728 3221 2897 3274; x_wconf 90' lang='lat' dir='ltr'>antea</span> <span class='ocrx_word' id='word_1_238' title='bbox 2945 3211 3188 3292; x_wconf 88' lang='lat' dir='ltr'>dictum,</span> 
     </span>
     <span class='ocr_line' id='line_1_27' title="bbox 576 3319 3269 3402; baseline 0 -22"><span class='ocrx_word' id='word_1_239' title='bbox 576 3339 646 3380; x_wconf 95' lang='lat' dir='ltr'>eo</span> <span class='ocrx_word' id='word_1_240' title='bbox 694 3320 851 3402; x_wconf 89' lang='lat' dir='ltr'>quod</span> <span class='ocrx_word' id='word_1_241' title='bbox 900 3320 1186 3400; x_wconf 76' lang='lat' dir='ltr'>ApoIIInis</span> <span class='ocrx_word' id='word_1_242' title='bbox 1233 3320 1468 3381; x_wconf 90' lang='lat' dir='ltr'>oracula</span> <span class='ocrx_word' id='word_1_243' title='bbox 1515 3319 1615 3380; x_wconf 92' lang='lat' dir='ltr'>illo</span> <span class='ocrx_word' id='word_1_244' title='bbox 1663 3321 1783 3381; x_wconf 87' lang='lat' dir='ltr'>sint</span> <span class='ocrx_word' id='word_1_245' title='bbox 1831 3328 2021 3381; x_wconf 86' lang='lat' dir='ltr'>metro</span> <span class='ocrx_word' id='word_1_246' title='bbox 2070 3319 2243 3381; x_wconf 85' lang='lat' dir='ltr'>edita.</span> <span class='ocrx_word' id='word_1_247' title='bbox 3215 3334 3269 3372; x_wconf 75' lang='lat'>25</span> 
     </span>
    </p>

    <p class='ocr_par' dir='ltr' id='par_1_6' title="bbox 575 3426 3193 3826">
     <span class='ocr_line' id='line_1_28' title="bbox 754 3426 3191 3508; baseline -0.001 -21"><span class='ocrx_word' id='word_1_248' title='bbox 754 3427 907 3489; x_wconf 90' lang='lat' dir='ltr'>Huic</span> <span class='ocrx_word' id='word_1_249' title='bbox 955 3435 1272 3506; x_wconf 87' lang='lat' dir='ltr'>cognatum</span> <span class='ocrx_word' id='word_1_250' title='bbox 1312 3435 1405 3487; x_wconf 89' lang='lat' dir='ltr'>est</span> <span class='ocrx_word' id='word_1_251' title='bbox 1451 3433 1511 3487; x_wconf 92' lang='lat' dir='ltr'>et</span> <span class='ocrx_word' id='word_1_252' title='bbox 1557 3429 1725 3506; x_wconf 90' lang='lat' dir='ltr'>quasi</span> <span class='ocrx_word' id='word_1_253' title='bbox 1774 3426 2141 3487; x_wconf 78' lang='lat' dir='ltr'>familiariter</span> <span class='ocrx_word' id='word_1_254' title='bbox 2179 3426 2539 3508; x_wconf 79' lang='lat' dir='ltr'>adhaerenS,</span> <span class='ocrx_word' id='word_1_255' title='bbox 2584 3428 2663 3487; x_wconf 86' lang='lat' dir='ltr'>ita</span> <span class='ocrx_word' id='word_1_256' title='bbox 2711 3434 2780 3488; x_wconf 92' lang='lat' dir='ltr'>ut</span> <span class='ocrx_word' id='word_1_257' title='bbox 2825 3429 2952 3487; x_wconf 90' lang='lat' dir='ltr'>sine</span> <span class='ocrx_word' id='word_1_258' title='bbox 3000 3427 3191 3506; x_wconf 90' lang='lat' dir='ltr'>ipsius</span> 
     </span>
     <span class='ocr_line' id='line_1_29' title="bbox 577 3532 3193 3616; baseline 0 -23"><span class='ocrx_word' id='word_1_259' title='bbox 577 3534 870 3615; x_wconf 89' lang='lat' dir='ltr'>praesidio</span> <span class='ocrx_word' id='word_1_260' title='bbox 919 3551 1241 3613; x_wconf 89' lang='lat' dir='ltr'>numquam</span> <span class='ocrx_word' id='word_1_261' title='bbox 1289 3532 1370 3616; x_wconf 27' lang='lat' dir='ltr'>id,</span> <span class='ocrx_word' id='word_1_262' title='bbox 1396 3535 1656 3613; x_wconf 90' lang='lat' dir='ltr'>positum</span> <span class='ocrx_word' id='word_1_263' title='bbox 1703 3534 1980 3615; x_wconf 81' lang='lat' dir='ltr'>viderIm,</span> <span class='ocrx_word' id='word_1_264' title='bbox 2026 3542 2286 3596; x_wconf 88' lang='lat' dir='ltr'>metrum</span> <span class='ocrx_word' id='word_1_265' title='bbox 2333 3533 2684 3614; x_wconf 88' lang='lat' dir='ltr'>dactylicum</span> <span class='ocrx_word' id='word_1_266' title='bbox 2735 3543 3193 3615; x_wconf 88' lang='lat' dir='ltr'>pentametrum,</span> 
     </span>
     <span class='ocr_line' id='line_1_30' title="bbox 576 3638 3193 3724; baseline -0.001 -23"><span class='ocrx_word' id='word_1_267' title='bbox 576 3640 732 3718; x_wconf 91' lang='lat' dir='ltr'>quod</span> <span class='ocrx_word' id='word_1_268' title='bbox 792 3643 1005 3722; x_wconf 89' lang='lat' dir='ltr'>recipit</span> <span class='ocrx_word' id='word_1_269' title='bbox 1060 3639 1389 3721; x_wconf 88' lang='lat' dir='ltr'>spondeum</span> <span class='ocrx_word' id='word_1_270' title='bbox 1446 3640 1576 3701; x_wconf 94' lang='lat' dir='ltr'>loco</span> <span class='ocrx_word' id='word_1_271' title='bbox 1633 3643 1827 3724; x_wconf 83' lang='lat' dir='ltr'>primo</span> <span class='ocrx_word' id='word_1_272' title='bbox 1885 3648 1944 3701; x_wconf 93' lang='lat' dir='ltr'>et</span> <span class='ocrx_word' id='word_1_273' title='bbox 1999 3641 2290 3722; x_wconf 90' lang='lat' dir='ltr'>secundo,</span> <span class='ocrx_word' id='word_1_274' title='bbox 2346 3639 2643 3720; x_wconf 89' lang='lat' dir='ltr'>dactylum</span> <span class='ocrx_word' id='word_1_275' title='bbox 2697 3640 2845 3701; x_wconf 90' lang='lat' dir='ltr'>locis</span> <span class='ocrx_word' id='word_1_276' title='bbox 2897 3638 3193 3719; x_wconf 80' lang='lat' dir='ltr'>omnibuS,</span> 
     </span>
     <span class='ocr_line' id='line_1_31' title="bbox 575 3746 2172 3826; baseline 0 -19"><span class='ocrx_word' id='word_1_277' title='bbox 575 3746 903 3809; x_wconf 87' lang='lat' dir='ltr'>catalecton</span> <span class='ocrx_word' id='word_1_278' title='bbox 949 3750 1010 3809; x_wconf 92' lang='lat' dir='ltr'>in</span> <span class='ocrx_word' id='word_1_279' title='bbox 1057 3747 1251 3808; x_wconf 90' lang='lat' dir='ltr'>medio</span> <span class='ocrx_word' id='word_1_280' title='bbox 1298 3755 1360 3807; x_wconf 92' lang='lat' dir='ltr'>et</span> <span class='ocrx_word' id='word_1_281' title='bbox 1404 3746 1538 3808; x_wconf 90' lang='lat' dir='ltr'>fine.</span> <span class='ocrx_word' id='word_1_282' title='bbox 1613 3747 1790 3808; x_wconf 90' lang='lat' dir='ltr'>huius</span> <span class='ocrx_word' id='word_1_283' title='bbox 1840 3746 2172 3826; x_wconf 82' lang='lat' dir='ltr'>exemplum</span> 
     </span>
    </p>

    <p class='ocr_par' dir='ltr' id='par_1_7' title="bbox 586 3853 3275 4042">
     <span class='ocr_line' id='line_1_32' title="bbox 897 3853 3275 3935; baseline 0 -21"><span class='ocrx_word' id='word_1_284' title='bbox 897 3853 1412 3935; x_wconf 86' lang='lat' dir='ltr'>laetanturque</span> <span class='ocrx_word' id='word_1_285' title='bbox 1457 3856 1605 3933; x_wconf 91' lang='lat' dir='ltr'>piis</span> <span class='ocrx_word' id='word_1_286' title='bbox 1652 3856 1927 3933; x_wconf 83' lang='lat' dir='ltr'>agmina</span> <span class='ocrx_word' id='word_1_287' title='bbox 1974 3861 2218 3914; x_wconf 89' lang='lat' dir='ltr'>sancta</span> <span class='ocrx_word' id='word_1_288' title='bbox 2265 3854 2524 3916; x_wconf 75' lang='lat' dir='ltr'>choi-ie.</span> <span class='ocrx_word' id='word_1_289' title='bbox 3220 3866 3275 3906; x_wconf 71' lang='lat'>⁸0</span> 
     </span>
     <span class='ocr_line' id='line_1_33' title="bbox 586 3957 3192 4042; baseline -0.001 -21"><span class='ocrx_word' id='word_1_290' title='bbox 586 3961 765 4022; x_wconf 88' lang='lat' dir='ltr'>huius</span> <span class='ocrx_word' id='word_1_291' title='bbox 803 3963 980 4022; x_wconf 87' lang='lat' dir='ltr'>metri</span> <span class='ocrx_word' id='word_1_292' title='bbox 1026 3978 1236 4022; x_wconf 86' lang='lat' dir='ltr'>versus</span> <span class='ocrx_word' id='word_1_293' title='bbox 1275 3961 1511 4042; x_wconf 89' lang='lat' dir='ltr'>quidam</span> <span class='ocrx_word' id='word_1_294' title='bbox 1559 3964 1640 4022; x_wconf 84' lang='lat' dir='ltr'>ita</span> <span class='ocrx_word' id='word_1_295' title='bbox 1678 3959 2047 4022; x_wconf 88' lang='lat' dir='ltr'>scandendos</span> <span class='ocrx_word' id='word_1_296' title='bbox 2087 3960 2429 4038; x_wconf 88' lang='lat' dir='ltr'>adstruunt,</span> <span class='ocrx_word' id='word_1_297' title='bbox 2478 3968 2545 4021; x_wconf 91' lang='lat' dir='ltr'>ut</span> <span class='ocrx_word' id='word_1_298' title='bbox 2591 3962 2853 4040; x_wconf 89' lang='lat' dir='ltr'>quinque</span> <span class='ocrx_word' id='word_1_299' title='bbox 2892 3957 3192 4020; x_wconf 87' lang='lat' dir='ltr'>absolutos</span> 
     </span>
    </p>
   </div>
   <div class='ocr_carea' id='block_1_5' title="bbox 475 4066 3193 4151">
    <p class='ocr_par' dir='ltr' id='par_1_8' title="bbox 475 4066 3193 4151">
     <span class='ocr_line' id='line_1_34' title="bbox 475 4066 3193 4151; baseline -0.001 -21"><span class='ocrx_word' id='word_1_300' title='bbox 475 4134 488 4151; x_wconf 23' lang='grc' dir='ltr'><strong><em>κ</em></strong></span> <span class='ocrx_word' id='word_1_301' title='bbox 579 4068 764 4150; x_wconf 89' lang='lat' dir='ltr'>pedes</span> <span class='ocrx_word' id='word_1_302' title='bbox 811 4070 898 4130; x_wconf 90' lang='lat' dir='ltr'>eis</span> <span class='ocrx_word' id='word_1_303' title='bbox 944 4070 1140 4131; x_wconf 91' lang='lat' dir='ltr'>inesse</span> <span class='ocrx_word' id='word_1_304' title='bbox 1189 4068 1466 4150; x_wconf 89' lang='lat' dir='ltr'>doceant,</span> <span class='ocrx_word' id='word_1_305' title='bbox 1514 4067 1845 4147; x_wconf 89' lang='lat' dir='ltr'>spondeum</span> <span class='ocrx_word' id='word_1_306' title='bbox 1884 4069 2005 4128; x_wconf 84' lang='lat' dir='ltr'>sive</span> <span class='ocrx_word' id='word_1_307' title='bbox 2053 4066 2348 4147; x_wconf 88' lang='lat' dir='ltr'>dactylum</span> <span class='ocrx_word' id='word_1_308' title='bbox 2393 4066 2525 4128; x_wconf 93' lang='lat' dir='ltr'>loco</span> <span class='ocrx_word' id='word_1_309' title='bbox 2571 4069 2763 4148; x_wconf 88' lang='lat' dir='ltr'>primo</span> <span class='ocrx_word' id='word_1_310' title='bbox 2807 4075 2867 4128; x_wconf 92' lang='lat' dir='ltr'>et</span> <span class='ocrx_word' id='word_1_311' title='bbox 2912 4067 3193 4148; x_wconf 90' lang='lat' dir='ltr'>secundo,</span> 
     </span>
    </p>
   </div>
   <div class='ocr_carea' id='block_1_6' title="bbox 577 4168 3192 4365">
    <p class='ocr_par' dir='ltr' id='par_1_9' title="bbox 577 4168 3192 4365">
     <span class='ocr_line' id='line_1_35' title="bbox 577 4168 3192 4258; baseline -0.001 -21"><span class='ocrx_word' id='word_1_312' title='bbox 577 4176 903 4258; x_wconf 90' lang='lat' dir='ltr'>spondeum</span> <span class='ocrx_word' id='word_1_313' title='bbox 949 4179 1125 4237; x_wconf 89' lang='lat' dir='ltr'>tertio</span> <span class='ocrx_word' id='word_1_314' title='bbox 1147 4194 1419 4257; x_wconf 55' lang='lat' dir='ltr'>semper,</span> <span class='ocrx_word' id='word_1_315' title='bbox 1458 4183 1670 4254; x_wconf 89' lang='lat' dir='ltr'>quarto</span> <span class='ocrx_word' id='word_1_316' title='bbox 1709 4185 1770 4236; x_wconf 90' lang='lat' dir='ltr'>et</span> <span class='ocrx_word' id='word_1_317' title='bbox 1808 4176 2016 4253; x_wconf 90' lang='lat' dir='ltr'>quinto</span> <span class='ocrx_word' id='word_1_318' title='bbox 2055 4182 2422 4256; x_wconf 78' lang='lat' dir='ltr'>anapaestoS,</span> <span class='ocrx_word' id='word_1_319' title='bbox 2460 4173 2642 4235; x_wconf 84' lang='lat' dir='ltr'>veluti</span> <span class='ocrx_word' id='word_1_320' title='bbox 2689 4175 2740 4235; x_wconf 92' lang='lat' dir='ltr'>si</span> <span class='ocrx_word' id='word_1_321' title='bbox 2791 4174 2951 4235; x_wconf 89' lang='lat' dir='ltr'>dicas</span> <span class='ocrx_word' id='word_1_322' title='bbox 2989 4168 3192 4252; x_wconf 71' lang='lat' dir='ltr'>‘quae-</span> 
     </span>
     <span class='ocr_line' id='line_1_36' title="bbox 578 4274 3191 4365; baseline -0.002 -20"><span class='ocrx_word' id='word_1_323' title='bbox 578 4287 690 4345; x_wconf 89' lang='lat' dir='ltr'>rite</span> <span class='ocrx_word' id='word_1_324' title='bbox 748 4302 928 4364; x_wconf 85' lang='lat' dir='ltr'>regna</span> <span class='ocrx_word' id='word_1_325' title='bbox 987 4282 1133 4365; x_wconf 89' lang='lat' dir='ltr'>poli,</span> <span class='ocrx_word' id='word_1_326' title='bbox 1201 4284 1470 4361; x_wconf 90' lang='lat' dir='ltr'>quaerite</span> <span class='ocrx_word' id='word_1_327' title='bbox 1532 4298 1714 4360; x_wconf 86' lang='lat' dir='ltr'>regna</span> <span class='ocrx_word' id='word_1_328' title='bbox 1778 4274 1952 4361; x_wconf 88' lang='lat' dir='ltr'>poli&#39;,</span> <span class='ocrx_word' id='word_1_329' title='bbox 2009 4283 2275 4359; x_wconf 90' lang='lat' dir='ltr'>quaerite</span> <span class='ocrx_word' id='word_1_330' title='bbox 2333 4280 2625 4362; x_wconf 80' lang='lat' dir='ltr'>dactyluS,</span> <span class='ocrx_word' id='word_1_331' title='bbox 2681 4297 2940 4360; x_wconf 87' lang='lat' dir='ltr'>regnapo</span> <span class='ocrx_word' id='word_1_332' title='bbox 2996 4279 3191 4359; x_wconf 90' lang='lat' dir='ltr'>dacty-</span> 
     </span>
    </p>
   </div>
   <div class='ocr_carea' id='block_1_7' title="bbox 575 4408 1002 4417">
    <p class='ocr_par' dir='ltr' id='par_1_10' title="bbox 575 4408 1002 4417">
     <span class='ocr_line' id='line_1_37' title="bbox 575 4408 1002 4417; baseline 0 1111"><span class='ocrx_word' id='word_1_333' title='bbox 575 4408 1002 4417; x_wconf 95' lang='lat' dir='ltr'> </span> 
     </span>
    </p>
   </div>
   <div class='ocr_carea' id='block_1_8' title="bbox 577 4408 3194 4607">
    <p class='ocr_par' dir='ltr' id='par_1_11' title="bbox 577 4408 3194 4607">
     <span class='ocr_line' id='line_1_38' title="bbox 757 4408 3194 4521; baseline -0.002 -10"><span class='ocrx_word' id='word_1_334' title='bbox 757 4463 821 4511; x_wconf 89' lang='lat'>11</span> <span class='ocrx_word' id='word_1_335' title='bbox 864 4453 1063 4512; x_wconf 78' lang='lat' dir='ltr'>ceteris</span> <span class='ocrx_word' id='word_1_336' title='bbox 1094 4486 1161 4494; x_wconf 89' lang='lat'>—</span> <span class='ocrx_word' id='word_1_337' title='bbox 1194 4459 1257 4509; x_wconf 78' lang='lat'>15</span> <span class='ocrx_word' id='word_1_338' title='bbox 1296 4408 1516 4509; x_wconf 72' lang='lat' dir='ltr'>tantum</span> <span class='ocrx_word' id='word_1_339' title='bbox 1545 4451 1748 4506; x_wconf 72' lang='lat' dir='ltr'>ultimo</span> <span class='ocrx_word' id='word_1_340' title='bbox 1790 4451 1957 4507; x_wconf 81' lang='lat' dir='ltr'>Mau.</span> <span class='ocrx_word' id='word_1_341' title='bbox 1993 4452 2193 4509; x_wconf 75' lang='lat' dir='ltr'>Theod.</span> <span class='ocrx_word' id='word_1_342' title='bbox 2226 4458 2356 4520; x_wconf 79' lang='lat'>589,</span> <span class='ocrx_word' id='word_1_343' title='bbox 2384 4456 2461 4510; x_wconf 80' lang='lat'>23</span> <span class='ocrx_word' id='word_1_344' title='bbox 2571 4457 2638 4505; x_wconf 77' lang='lat'>27</span> <span class='ocrx_word' id='word_1_345' title='bbox 2677 4453 2919 4507; x_wconf 78' lang='lat' dir='ltr'>metrum</span> <span class='ocrx_word' id='word_1_346' title='bbox 2956 4450 3194 4521; x_wconf 75' lang='lat' dir='ltr'>dactyli·</span> 
     </span>
     <span class='ocr_line' id='line_1_39' title="bbox 577 4533 1850 4607; baseline -0.002 -16"><span class='ocrx_word' id='word_1_347' title='bbox 577 4554 704 4592; x_wconf 85' lang='lat' dir='ltr'>cum</span> <span class='ocrx_word' id='word_1_348' title='bbox 740 4537 1156 4607; x_wconf 71' lang='lat' dir='ltr'>pentametrum</span> <span class='ocrx_word' id='word_1_349' title='bbox 1197 4534 1361 4589; x_wconf 75' lang='lat' dir='ltr'>Mau.</span> <span class='ocrx_word' id='word_1_350' title='bbox 1404 4533 1605 4589; x_wconf 80' lang='lat' dir='ltr'>Theod.</span> <span class='ocrx_word' id='word_1_351' title='bbox 1646 4538 1773 4599; x_wconf 86' lang='lat'>590,</span> <span class='ocrx_word' id='word_1_352' title='bbox 1810 4537 1850 4588; x_wconf 82' lang='lat'><em>2</em></span> 
     </span>
    </p>
   </div>
   <div class='ocr_carea' id='block_1_9' title="bbox 576 4648 1004 4657">
    <p class='ocr_par' dir='ltr' id='par_1_12' title="bbox 576 4648 1004 4657">
     <span class='ocr_line' id='line_1_40' title="bbox 576 4648 1004 4657; baseline 0 871"><span class='ocrx_word' id='word_1_353' title='bbox 576 4648 1004 4657; x_wconf 95' lang='lat' dir='ltr'> </span> 
     </span>
    </p>
   </div>
   <div class='ocr_carea' id='block_1_10' title="bbox 577 4689 3205 5008">
    <p class='ocr_par' dir='ltr' id='par_1_13' title="bbox 759 4689 3198 4765">
     <span class='ocr_line' id='line_1_41' title="bbox 759 4689 3198 4765; baseline -0.002 -13"><span class='ocrx_word' id='word_1_354' title='bbox 759 4705 826 4754; x_wconf 88' lang='lat'>10</span> <span class='ocrx_word' id='word_1_355' title='bbox 863 4702 922 4756; x_wconf 80' lang='lat' dir='ltr'>et</span> <span class='ocrx_word' id='word_1_356' title='bbox 957 4714 1057 4753; x_wconf 86' lang='lat' dir='ltr'>om.</span> <span class='ocrx_word' id='word_1_357' title='bbox 1098 4696 1208 4765; x_wconf 81' lang='grc' dir='ltr'>ςΡ,</span> <span class='ocrx_word' id='word_1_358' title='bbox 1245 4696 1373 4752; x_wconf 80' lang='lat' dir='ltr'>add.</span> <span class='ocrx_word' id='word_1_359' title='bbox 1416 4694 1538 4748; x_wconf 89' lang='lat' dir='ltr'>FL</span> <span class='ocrx_word' id='word_1_360' title='bbox 1687 4698 1752 4746; x_wconf 86' lang='grc'>16</span> <span class='ocrx_word' id='word_1_361' title='bbox 1790 4692 2064 4747; x_wconf 78' lang='lat' dir='ltr'>definiunt</span> <span class='ocrx_word' id='word_1_362' title='bbox 2100 4689 2253 4748; x_wconf 85' lang='lat' dir='ltr'>FPl</span> <span class='ocrx_word' id='word_1_363' title='bbox 2290 4692 2543 4748; x_wconf 79' lang='lat' dir='ltr'>definiuit</span> <span class='ocrx_word' id='word_1_364' title='bbox 2579 4692 2662 4746; x_wconf 82' lang='lat' dir='ltr'>L.-</span> <span class='ocrx_word' id='word_1_365' title='bbox 2707 4695 2777 4761; x_wconf 81' lang='lat' dir='ltr'>cf.</span> <span class='ocrx_word' id='word_1_366' title='bbox 2827 4692 3090 4749; x_wconf 61' lang='lat' dir='ltr'>Victorino.</span> <span class='ocrx_word' id='word_1_367' title='bbox 3129 4693 3198 4748; x_wconf 78' lang='lat' dir='ltr'>de</span> 
     </span>
    </p>

    <p class='ocr_par' dir='ltr' id='par_1_14' title="bbox 577 4771 3205 4848">
     <span class='ocr_line' id='line_1_42' title="bbox 577 4771 3205 4848; baseline -0.002 -16"><span class='ocrx_word' id='word_1_368' title='bbox 577 4783 726 4834; x_wconf 80' lang='lat' dir='ltr'>metr.</span> <span class='ocrx_word' id='word_1_369' title='bbox 758 4784 974 4848; x_wconf 57' lang='lat'>12208,</span> <span class='ocrx_word' id='word_1_370' title='bbox 1001 4782 1083 4835; x_wconf 83' lang='lat'>26</span> <span class='ocrx_word' id='word_1_371' title='bbox 1213 4782 1279 4831; x_wconf 90' lang='lat'>18</span> <span class='ocrx_word' id='word_1_372' title='bbox 1317 4775 1453 4846; x_wconf 79' lang='lat' dir='ltr'>quia</span> <span class='ocrx_word' id='word_1_373' title='bbox 1479 4776 1544 4829; x_wconf 77' lang='lat' dir='ltr'>ut</span> <span class='ocrx_word' id='word_1_374' title='bbox 1571 4774 1625 4827; x_wconf 89' lang='lat' dir='ltr'><strong><em>L</em></strong></span> <span class='ocrx_word' id='word_1_375' title='bbox 1743 4778 1812 4826; x_wconf 79' lang='grc'>20</span> <span class='ocrx_word' id='word_1_376' title='bbox 1841 4771 1975 4841; x_wconf 81' lang='lat' dir='ltr'>quia</span> <span class='ocrx_word' id='word_1_377' title='bbox 1999 4773 2090 4826; x_wconf 74' lang='lat' dir='ltr'>tot</span> <span class='ocrx_word' id='word_1_378' title='bbox 2116 4773 2170 4827; x_wconf 93' lang='lat' dir='ltr'><strong><em>L</em></strong></span> <span class='ocrx_word' id='word_1_379' title='bbox 2198 4790 2342 4842; x_wconf 80' lang='lat' dir='ltr'>quae</span> <span class='ocrx_word' id='word_1_380' title='bbox 2372 4776 2531 4844; x_wconf 81' lang='lat' dir='ltr'>(corr.</span> <span class='ocrx_word' id='word_1_381' title='bbox 2561 4775 2693 4842; x_wconf 63' lang='lat' dir='ltr'>qm)</span> <span class='ocrx_word' id='word_1_382' title='bbox 2722 4774 2813 4829; x_wconf 73' lang='lat' dir='ltr'>tot</span> <span class='ocrx_word' id='word_1_383' title='bbox 2840 4774 2902 4828; x_wconf 82' lang='lat' dir='ltr'><em>F</em></span> <span class='ocrx_word' id='word_1_384' title='bbox 2923 4776 3121 4844; x_wconf 75' lang='lat' dir='ltr'>q..tot</span> <span class='ocrx_word' id='word_1_385' title='bbox 3147 4773 3205 4828; x_wconf 86' lang='lat' dir='ltr'><em>P</em></span> 
     </span>
    </p>

    <p class='ocr_par' dir='ltr' id='par_1_15' title="bbox 579 4852 3197 5008">
     <span class='ocr_line' id='line_1_43' title="bbox 676 4852 3197 4929; baseline -0.001 -17"><span class='ocrx_word' id='word_1_386' title='bbox 676 4864 745 4912; x_wconf 77' lang='lat'>24</span> <span class='ocrx_word' id='word_1_387' title='bbox 782 4858 991 4929; x_wconf 75' lang='lat' dir='ltr'>accipit</span> <span class='ocrx_word' id='word_1_388' title='bbox 1028 4858 1090 4912; x_wconf 89' lang='lat' dir='ltr'><strong><em>F</em></strong></span> <span class='ocrx_word' id='word_1_389' title='bbox 1230 4862 1299 4911; x_wconf 81' lang='lat'>25</span> <span class='ocrx_word' id='word_1_390' title='bbox 1338 4856 1453 4911; x_wconf 76' lang='lat' dir='ltr'>sint</span> <span class='ocrx_word' id='word_1_391' title='bbox 1487 4857 1668 4911; x_wconf 76' lang='lat' dir='ltr'>metro</span> <span class='ocrx_word' id='word_1_392' title='bbox 1706 4853 1762 4906; x_wconf 93' lang='lat' dir='ltr'><strong><em>P</em></strong></span> <span class='ocrx_word' id='word_1_393' title='bbox 1790 4854 1970 4907; x_wconf 75' lang='lat' dir='ltr'>metro</span> <span class='ocrx_word' id='word_1_394' title='bbox 2010 4852 2122 4907; x_wconf 80' lang='lat' dir='ltr'>sint</span> <span class='ocrx_word' id='word_1_395' title='bbox 2158 4852 2211 4906; x_wconf 91' lang='lat' dir='ltr'><strong><em>L</em></strong></span> <span class='ocrx_word' id='word_1_396' title='bbox 2249 4855 2379 4908; x_wconf 76' lang='lat' dir='ltr'>sunt</span> <span class='ocrx_word' id='word_1_397' title='bbox 2413 4854 2594 4907; x_wconf 75' lang='lat' dir='ltr'>metro</span> <span class='ocrx_word' id='word_1_398' title='bbox 2634 4852 2694 4906; x_wconf 89' lang='lat' dir='ltr'><em>F</em></span> <span class='ocrx_word' id='word_1_399' title='bbox 2833 4860 2902 4909; x_wconf 82' lang='grc'>33</span> <span class='ocrx_word' id='word_1_400' title='bbox 2941 4853 3197 4924; x_wconf 71' lang='lat' dir='ltr'>quaerite</span> 
     </span>
     <span class='ocr_line' id='line_1_44' title="bbox 579 4932 3065 5008; baseline -0.001 -17"><span class='ocrx_word' id='word_1_401' title='bbox 579 4955 752 5007; x_wconf 82' lang='lat' dir='ltr'>regna</span> <span class='ocrx_word' id='word_1_402' title='bbox 789 4938 905 5008; x_wconf 88' lang='lat' dir='ltr'>poli</span> <span class='ocrx_word' id='word_1_403' title='bbox 944 4938 1101 4992; x_wconf 76' lang='lat' dir='ltr'>semel</span> <span class='ocrx_word' id='word_1_404' title='bbox 1136 4937 1404 5007; x_wconf 54' lang='lat' dir='ltr'>scriptum</span> <span class='ocrx_word' id='word_1_405' title='bbox 1438 4935 1639 4990; x_wconf 75' lang='lat' dir='ltr'>habent</span> <span class='ocrx_word' id='word_1_406' title='bbox 1675 4932 1815 5000; x_wconf 89' lang='lat' dir='ltr'>LF,</span> <span class='ocrx_word' id='word_1_407' title='bbox 1840 4939 2038 5002; x_wconf 65' lang='lat' dir='ltr'>postea</span> <span class='ocrx_word' id='word_1_408' title='bbox 2074 4935 2303 4990; x_wconf 73' lang='lat' dir='ltr'>deletum</span> <span class='ocrx_word' id='word_1_409' title='bbox 2338 4936 2404 4989; x_wconf 75' lang='lat' dir='ltr'>in</span> <span class='ocrx_word' id='word_1_410' title='bbox 2441 4935 2512 5002; x_wconf 86' lang='lat' dir='ltr'>L,</span> <span class='ocrx_word' id='word_1_411' title='bbox 2551 4936 2635 4989; x_wconf 75' lang='lat' dir='ltr'>bis</span> <span class='ocrx_word' id='word_1_412' title='bbox 2669 4934 2935 5005; x_wconf 73' lang='lat' dir='ltr'>scriptum</span> <span class='ocrx_word' id='word_1_413' title='bbox 2971 4934 3065 5001; x_wconf 82' lang='lat' dir='ltr'>Pf</span> 
     </span>
    </p>
   </div>
  </div>
 </body>
</html>
