3613 5528
1340 422 1438 479 DE
1476 418 2060 499 onrnoeRAPms
2916 410 2999 477 89

395 622 610 683 artium
670 622 995 700 scriptores
1055 625 1278 699 pateat,
1348 636 1467 678 non
1529 635 1599 678 ex
1659 618 1733 680 iis
1793 614 1936 678 solis
1997 634 2146 697 quae
2208 610 2444 676 nomine
2507 608 2636 674 eius
2702 602 3000 690 adscripto

395 725 578 788 relata
623 735 764 787 sunt
808 724 1266 786 existimandum
1313 732 1420 786 est.
1497 743 1690 804 neque
1748 726 1908 785 enim
1962 724 2220 786 dubitari
2274 731 2473 804 potest
2518 723 2661 802 quin
2707 717 3002 800 permulta

393 836 455 895 in
503 831 720 912 quibus
768 849 982 893 nomen
1020 829 1378 911 appellatum
1414 848 1535 891 non
1573 837 1665 891 est
1702 848 1772 890 ex
1813 832 1941 891 eius
1977 829 2145 891 libris
2183 839 2421 911 recepta
2458 832 2594 891 sint.
2672 826 3000 888 certissima

394 943 524 1002 eius
577 940 815 1019 generis
868 938 1084 999 indicia
1142 945 1283 998 sunt
1336 938 1489 1019 apud
1546 937 1936 1001 Priscianum.
2021 941 2071 1001 is
2128 941 2286 1000 enim
2344 946 2405 1000 et
2463 939 2524 998 in
2583 937 2789 1015 quinto
2849 933 3002 995 libro

394 1048 467 1109 de
525 1045 846 1127 generibus
902 1047 1209 1107 nominum
1256 1044 1514 1126 Caprum
1571 1044 1685 1106 sibi
1730 1052 2037 1106 auctorem
2084 1045 2268 1106 fuisse
2315 1044 2536 1107 indicat
2580 1041 2775 1103 verbis
2822 1058 3003 1120 supra

393 1156 628 1236 positis,
686 1172 836 1233 quae
893 1155 948 1213 ei
994 1152 1382 1232 disputationi
1428 1151 1762 1232 subscripta
1811 1161 1953 1214 sunt
1996 1172 2052 1232 p.
2105 1150 2257 1234 171,
2309 1150 2418 1234 14,
2462 1169 2654 1229 supra
2701 1152 3002 1212 dictorum

394 1267 593 1324 tamen
638 1263 943 1323 nominum
990 1279 1134 1321 usus
1179 1266 1237 1321 et
1293 1261 1463 1336 apud
1514 1261 1777 1336 Caprum
1824 1268 1884 1321 et
1929 1263 2100 1337 apud
2144 1261 2407 1321 Probum
2457 1263 2533 1321 de
2579 1259 2780 1320 dubiis
2821 1273 3002 1333 aene—

393 1372 566 1431 ribus
614 1372 859 1445 invenis,
908 1376 967 1430 et
1013 1370 1074 1428 in
1124 1375 1331 1429 octavo
1377 1367 1530 1428 libro
1578 1368 1989 1429 adnotationes
2035 1367 2108 1429 de
2156 1369 2342 1429 activa
2391 1365 2480 1428 vel
2525 1364 2756 1447 passiva
2793 1357 3001 1424 verbo·

395 1495 527 1539 rum
572 1476 966 1539 declinatione
1014 1493 1085 1536 ex
1134 1474 1341 1536 eodem
1390 1476 1551 1536 sonte
1599 1475 1808 1537 ductas
1854 1493 1987 1536 esse
2035 1473 2308 1535 similiter
2346 1474 2637 1556 significat
2671 1492 2728 1554 p.
2758 1467 2908 1553 393,
2946 1466 3006 1551 8,

392 1587 504 1647 sed
544 1574 605 1646 et
648 1602 858 1646 eorum
904 1591 964 1646 et
1006 1587 1392 1661 superiorum
1438 1587 1699 1646 omnium
1755 1604 1900 1646 usus
1956 1592 2079 1645 tam
2125 1585 2296 1661 apud
2344 1585 2609 1661 Capram
2654 1599 2836 1661 quam
2883 1581 3006 1641 Pli-

394 1697 559 1755 m'um
614 1699 673 1754 et
728 1692 993 1753 Probum
1052 1694 1334 1752 invenies.
1410 1694 1691 1768 passivas
1746 1710 1985 1768 quoque
2032 1710 2150 1769 pro
2207 1694 2424 1753 activis
2477 1696 2574 1755 vel
2628 1692 3008 1754 neutralibus

392 1803 640 1863 vocibus
694 1818 775 1861 ex
827 1801 1144 1860 contrario
1202 1801 1358 1859 idem
1413 1803 1822 1875 antiquissimi
1865 1799 2291 1877 proferebant,
2357 1816 2581 1860 careor
2637 1817 2756 1875 pro
2822 1816 3008 1859 careo

393 1910 662 1970 dieentes
707 1915 767 1969 et
802 1908 1063 1968 obsonor
1101 1924 1221 1984 pro
1258 1908 1478 1968 obsono
1516 1915 1577 1970 et
1614 1912 1866 1985 copulor
1905 1926 2024 1985 pro
2061 1912 2275 1985 copulo
2313 1914 2372 1969 et
2408 1909 2617 1968 ealeor
2657 1923 2774 1983 pro
2815 1907 3003 1977 caleb,

392 2032 649 2093 quorum
687 2022 974 2076 auctores
1011 2016 1182 2092 apud
1221 2015 1486 2092 Capram
1523 2019 1731 2090 leqant
1765 2018 1875 2090 qui
1908 2032 2007 2075 eos
2044 2017 2208 2076 scire
2244 2016 2613 2076 desiderant.
2679 2030 2812 2073 nam
2850 2010 3008 2091 quod

393 2141 511 2184 una
556 2140 695 2183 cum
742 2120 933 2201 Capro
979 2119 1241 2182 Probum
1288 2129 1348 2181 et
1395 2120 1651 2183 Plinium
1700 2122 1971 2203 appellat,
2019 2123 2175 2183 sicut
2218 2141 2274 2202 p.
2323 2118 2473 2202 490,
2519 2118 2560 2181 9
2608 2129 2669 2181 et
2716 2115 2865 2203 534,
2921 2116 3006 2180 26

392 2228 653 2290 Probum
699 2236 760 2288 et
804 2247 859 2308 p.
900 2224 1049 2309 513,
1097 2225 1133 2287 7
1175 2226 1436 2289 Probum
1476 2236 1538 2289 et
1583 2228 1910 2290 Pollionem
1956 2238 2016 2291 et
2061 2229 2320 2290 Plinium
2368 2246 2506 2289 cum
2543 2227 2642 2289 illo
2683 2228 3040 2307 coniunxit„

394 2355 512 2398 non
559 2337 685 2415 ipse
734 2337 1135 2414 antiquiorum
1182 2337 1701 2414 grammaticorum
1741 2336 1925 2397 libros
1963 2336 2174 2415 legisse
2213 2334 2513 2414 putandus
2552 2342 2661 2416 est,
2709 2333 2813 2395 sed
2851 2335 3007 2414 apud

395 2442 650 2523 Caprum
714 2445 951 2504 nomina
1008 2450 1067 2503 et
1123 2450 1439 2522 praecepta
1495 2461 1702 2504 eorum
1760 2444 2081 2504 invenerat.
2164 2442 2427 2504 Probum
2485 2443 2722 2523 quidem
2779 2442 2852 2503 ab
2909 2442 3009 2503 illo

397 2552 763 2612 nominatum
817 2549 1068 2629 legimus
1123 2551 1183 2610 in
1244 2551 1544 2629 excerptis
1601 2549 1731 2611 lulii
1778 2549 2026 2610 Romani
2086 2549 2242 2628 apud
2290 2549 2621 2611 Charisium
2668 2570 2726 2630 p.
2779 2547 2923 2631 118,
2974 2547 3005 2611 1

396 2661 483 2719 ΓΙ.
532 2666 729 2720 tamen
792 2658 991 2734 Caper
1046 2658 1274 2719 Allecto
1333 2664 1714 2734 monoptoton
1774 2676 1903 2718 esse
1965 2658 2269 2718 Valerium
2310 2658 2574 2719 Probum
2623 2666 2852 2733 putare
2906 2660 3010 2718 ait.

396 2766 500 2826 sed
547 2764 701 2846 apud
748 2764 1118 2825 Priscianum
1164 2763 1306 2825 illud
1356 2767 1531 2826 etiam
1585 2764 1820 2845 longius
1865 2768 2142 2845 pertinet.
2217 2783 2353 2825 nam
2400 2766 2678 2845 quoniam
2724 2768 2786 2825 in
2835 2783 3011 2845 expo-

396 2878 611 2936 sitione
666 2872 831 2934 verbi
889 2890 1026 2932 eum
1081 2891 1256 2951 saepe
1323 2890 1459 2932 cum
1517 2871 1826 2946 Diomede,
1885 2891 2062 2952 quem
2108 2870 2290 2932 Probi
2347 2874 2533 2951 copiis
2580 2872 2641 2930 in
2688 2871 2796 2931 hac
2843 2880 3010 2950 parte

397 2999 573 3043 usum
618 2997 750 3041 esse
797 2980 1048 3058 seimus,
1094 2979 1566 3039 consentientem
1613 2979 1948 3039 invenimus
1961 3027 1979 3059 ,
2025 2978 2138 3038 hoc
2187 2977 2442 3039 duorum
2489 2980 3007 3057 grammaticorum

398 3106 696 3150 consensu
751 3104 822 3147 eo
881 3086 1182 3166 ducimur,
1241 3093 1308 3146 ut
1363 3104 1515 3164 quae
1562 3084 1876 3146 Diomedes
1924 3084 2118 3146 Probo
2180 3092 2422 3145 auctore
2479 3092 2761 3164 posuerat
2805 3084 3009 3145 eadem

398 3216 470 3257 ex
519 3194 691 3275 Capri
736 3193 1327 3271 librisPriscianum
1384 3195 1683 3273 recepisse
1732 3192 2028 3272 dicamuS,
2083 3194 2240 3253 sicut
2287 3193 2407 3253 dixi
2453 3209 2696 3272 gramm.
2743 3190 2839 3252 lat.
2887 3210 2936 3251 v.
2986 3190 3006 3251 1

395 3322 452 3382 p.
502 3301 603 3361 Lll
651 3309 710 3363 et
754 3320 805 3361 v.
852 3300 927 3362 lv
982 3320 1036 3380 p.
1085 3299 1286 3361 xvln.
1375 3303 1435 3360 in
1494 3298 1836 3361 nominibus
1891 3319 2031 3360 vero
2088 3309 2327 3380 praeter
2385 3317 2522 3360 eum
2577 3298 2773 3359 locum
2830 3317 3007 3378 quem

397 3427 577 3489 snpra
622 3408 871 3469 indicavi
919 3410 1102 3469 certis
1148 3408 1397 3470 aliorum
1445 3415 1756 3468 auctorum
1805 3409 2161 3468 testimoniis
2200 3407 2390 3486 Capro
2439 3406 2811 3467 vindicantur
2848 3405 3011 3481 haec,

396 3515 470 3577 de
509 3534 559 3577 v.
595 3515 794 3592 sames
831 3514 867 3575 l.
906 3515 980 3576 Vl
1018 3535 1073 3595 p.
1112 3513 1264 3596 243,
1308 3513 1387 3576 12
1426 3523 1486 3576 et
1522 3513 1558 3574 l.
1598 3513 1699 3574 Vll
1738 3533 1792 3594 p.
1833 3510 1983 3595 349,
2026 3510 2106 3575 13
2155 3513 2285 3573 coll.
2334 3513 2594 3592 Pompei.
2642 3533 2697 3592 p.
2735 3509 2878 3592 175,
2906 3509 3012 3593 30,

397 3622 625 3702 explan.
672 3623 732 3682 in
782 3620 926 3682 Don.
973 3642 1029 3702 p.
1077 3620 1227 3704 496,
1275 3620 1334 3704 8,
1380 3631 1440 3682 et
1487 3621 1560 3682 de
1607 3640 1656 3682 v.
1709 3621 1916 3698 femur
1966 3621 1999 3682 Ι.
2048 3620 2123 3682 v1
2169 3641 2223 3701 p.
2271 3618 2423 3703 238,
2471 3617 2510 3680 9
2560 3618 2689 3680 coll.
2741 3619 2902 3680 Serv.
2952 3622 3011 3679 in

395 3728 565 3808 Verg.
613 3729 754 3790 Aen.
803 3727 853 3788 X
900 3725 1046 3790 344.
1099 3727 1243 3793 788.
1318 3730 1473 3810 apud
1531 3729 1862 3790 Charisium
1919 3747 2158 3809 quoque
2216 3729 2525 3790 manifesta
2585 3729 2828 3805 vestigia
2873 3727 3010 3788 doc-

397 3836 586 3896 trinae
636 3853 706 3894 ex
754 3834 928 3914 Capri
974 3835 1143 3897 libris
1190 3837 1402 3898 ductae
1449 3844 1751 3915 apparent.
1827 3844 2065 3915 praeter
2113 3844 2391 3915 excerpta
2437 3835 2571 3896 Iulii
2616 3835 2893 3914 Romani,
2948 3838 3010 3894 in

394 3940 614 4022 quibus
670 3940 825 4002 haud
882 3941 1060 4003 dubie
1118 3943 1300 4005 multa
1356 3941 1574 4022 quibus
1628 3960 1845 4003 nomen
1905 3945 2274 4022 grammatici
2330 3943 2695 4023 adscriptum
2752 3960 2870 4002 non
2920 3950 3012 4003 est

396 4047 469 4109 ab
516 4066 587 4108 eo
634 4047 946 4129 desumpta
994 4057 1151 4131 sunt,
1197 4052 1258 4110 in
1304 4051 1514 4130 primis
1561 4048 1678 4110 huc
1724 4052 2029 4128 pertinent
2076 4069 2144 4110 ea
2191 4068 2341 4129 quae
2389 4051 2461 4111 de
2511 4050 2903 4112 declinatione
2952 4059 3014 4112 et

395 4154 469 4215 de
516 4152 836 4234 generibus
885 4157 1189 4217 nominum
1236 4158 1454 4236 scripta
1512 4163 1652 4217 sunt
1708 4157 1768 4216 in
1828 4156 2001 4217 titulo
2060 4157 2131 4217 de
2181 4157 2657 4219 extremitatibus
2703 4160 3011 4218 nominum

396 4270 457 4322 et
512 4261 586 4320 de
641 4261 893 4321 diversis
949 4261 1395 4341 quaestionibus
1451 4282 1505 4342 p.
1554 4259 1897 4323 50—112.
1986 4281 2161 4342 quem
2220 4264 2458 4325 titulum
2515 4264 2654 4325 olim
2717 4263 3012 4325 Christius

396 4366 602 4428 Philol.
653 4387 700 4428 v.
742 4365 922 4428 xvln
968 4387 1025 4447 p.
1072 4366 1194 4430 169
1244 4386 1313 4428 ex
1360 4367 1529 4429 libris
1576 4369 1648 4429 de
1690 4368 1978 4431 latinitate
2019 4379 2368 4450 excerptum
2407 4379 2468 4431 et
2504 4370 2622 4432 buc
2661 4370 3011 4430 translatum

398 4492 529 4534 esse
586 4476 856 4535 coniecit.
942 4478 1167 4537 rectius
1223 4493 1416 4554 nuper
1462 4473 1524 4535 C.
1572 4475 1645 4536 de
1693 4476 2009 4537 Morawski
2064 4486 2336 4539 accurata
2396 4477 2468 4538 de
2525 4478 2632 4538 hac
2677 4485 2845 4557 parte
2894 4474 3009 4535 dis-

395 4584 703 4662 putatione
760 4580 957 4644 Herm.
1017 4602 1067 4644 v.
1122 4581 1201 4642 XI
1259 4576 1337 4664 (a.
1398 4577 1597 4666 1876)
1652 4602 1707 4663 p.
1767 4579 1898 4644 339
1956 4602 2081 4663 sqq.
2141 4585 2335 4645 sontes
2400 4592 2459 4644 et
2523 4585 3010 4664 compositionem

401 4706 610 4750 eorum
655 4690 919 4750 omnium
974 4708 1125 4768 quae
1172 4708 1244 4751 eo
1290 4689 1420 4750 loco
1469 4692 1689 4769 scripta
1737 4699 1879 4751 sunt
1924 4690 2362 4752 demonstravit.
2439 4689 2543 4751 sed
2589 4690 2733 4752 illud
2780 4699 3010 4752 certum

402 4805 511 4876 est,
555 4799 615 4857 in
658 4796 1104 4874 quaestionibus
1143 4799 1449 4857 nominum
1491 4797 1629 4857 huic
1670 4799 1827 4876 parti
1865 4798 2129 4876 adiectiS,
2167 4814 2418 4876 quarum
2456 4815 2595 4877 pars
2624 4800 2685 4858 in
2715 4801 3011 4879 excerptis

402 4900 534 4963 Iulii
578 4900 833 4963 Romani
879 4905 1124 4981 repetita
1174 4913 1292 4985 est,
1340 4904 1521 4965 multa
1570 4903 1760 4985 Capro
1809 4904 2030 4966 deberi.
2107 4904 2356 4966 aliorum
2403 4904 2644 4985 quidem
2698 4914 3005 4968 auctorum
