3613 5528
609 406 696 469 52
1691 403 1893 460 VELII
1927 402 2152 459 LONGI

609 517 653 553 p.
682 507 800 547 221⁷.
831 508 880 547 rs
907 507 958 546 Ρ.

609 599 713 653 aut
756 586 791 667 ξ
837 594 1083 669 dixerit,
1129 591 1515 651 novissimum
1560 588 1760 651 audiet
1806 607 1853 672 S,
1900 607 1973 649 ex
2020 586 2324 669 prioribus
2370 594 2567 648 autem
2615 586 2847 669 litteriS‚
2898 585 3056 648 unde
3103 586 3212 647 hae

608 697 874 779 duplices
919 699 1237 780 incipiunt,
1285 715 1497 758 sonum
1544 695 1790 758 nullum.

784 805 871 865 Ex
908 808 1090 866 mutis
1128 804 1389 866 evellunt
1426 802 1664 883 quidam
1700 817 1751 864 Η
1786 802 2064 878 litteram,
2114 811 2410 881 tamquam
2451 819 2634 862 sonus
2671 803 2855 881 magis
2895 803 2989 883 sit,
3036 818 3214 880 quam

605 912 818 995 littera,
865 920 928 973 et
972 910 1262 974 accedens
1309 911 1572 991 litterae3
1621 917 1679 970 et
1724 918 1977 971 utuntur
2025 910 2375 971 auctoritate
2423 907 2813 990 Graecorum,
2860 906 3012 988 apud
3063 925 3213 987 quos

609 1026 678 1080 ut
723 1037 1088 1100 supervacua
1136 1017 1365 1080 sublata
1414 1024 1522 1078 est.
1614 1017 1799 1078 fuisse
1846 1025 2043 1078 tamen
2093 1026 2154 1078 et
2200 1016 2354 1097 apud
2400 1016 2532 1077 illos
2579 1015 2956 1076 manifestum
3002 1022 3096 1075 est
3140 1032 3212 1075 ex
3243 1031 3268 1071 5

606 1125 905 1187 veteribus
962 1127 1201 1206 scriptis
1257 1132 1317 1186 et
1374 1143 1445 1184 ex
1502 1142 1593 1205 eo,
1653 1122 1809 1204 quod
1869 1123 2073 1207 hodie,
2133 1141 2269 1184 cum
2326 1122 2480 1203 apud
2539 1122 2672 1183 illos
2729 1123 2962 1183 numeri
3020 1123 3214 1201 prima

603 1249 839 1312 semper
884 1233 1081 1294 littera
1127 1234 1384 1293 nominis
1430 1250 1548 1310 quo
1589 1233 2000 1311 significantur
2044 1238 2348 1310 notentur,
2394 1238 2462 1290 ut
2510 1230 2576 1289 A
2623 1223 2811 1308 δέκα,
2861 1228 2936 1288 Π
2971 1220 3208 1306 πεντή-

599 1357 822 1418 κοντα,
869 1331 1107 1400 ἑκατόν
1153 1356 1262 1417 per
1307 1337 1385 1397 H
1421 1345 1649 1398 notant.
1724 1337 1882 1399 unde
1929 1346 2175 1418 apparet
2220 1337 2371 1399 hanc
2418 1335 2677 1397 litteram
2723 1334 2853 1394 loco
2902 1334 3208 1413 aspiratio-

603 1445 696 1504 nis
742 1462 861 1505 non
910 1445 1120 1506 fuisse:
1177 1444 1435 1523 alioquin
1483 1463 1591 1523 per
1638 1445 1702 1505 E
1745 1453 2036 1507 notarent.
2130 1446 2229 1524 qui
2278 1445 2459 1523 igitur
2507 1441 2662 1502 illam
2719 1440 2977 1501 litteram
3023 1439 3208 1501 vindi·

602 1558 765 1632 cant,
820 1550 1144 1612 ostendunt
1190 1569 1318 1612 eam
1367 1549 1632 1612 eiusdem
1682 1569 1815 1613 esse
1855 1555 2199 1629 potestatis,
2248 1568 2397 1630 quae
2446 1549 2827 1609 consonantis
2874 1554 2982 1607 est.
3073 1564 3208 1606 nam
3242 1565 3292 1604 ιο

603 1664 664 1717 et
708 1658 768 1717 in
827 1665 1018 1718 metro
1074 1660 1289 1719 asserit
1344 1656 1457 1718 sibi
1511 1657 1663 1719 hanc
1718 1665 2103 1738 potestatem:
2169 1655 2323 1717 unde
2382 1663 2442 1716 et
2496 1653 2652 1736 apud
2710 1653 3034 1714 Homerum
3091 1670 3210 1713 non

602 1762 877 1823 videntur
925 1764 1119 1824 vitiosi
1166 1782 1377 1825 versus
1424 1765 1526 1844 qui
1572 1763 1681 1824 hac
1728 1764 2126 1844 adspiratione
2175 1762 2570 1843 supplentur,-

916 1854 959 1950 ἦ
1008 1861 1242 1949 ὀλίγον
1291 1867 1362 1933 οἱ
1401 1868 1611 1932 παῖδα
1657 1864 2232 1959 ἐοικόταιγείνατο
2291 1861 2563 1942 Τυδεύς.

598 1982 659 2035 et
702 1974 816 2035 hoc
862 1977 1113 2057 amplius
1159 1977 1304 2038 adeo
1350 1976 1549 2038 littera
1595 1985 1720 2060 est,
1770 1985 1838 2038 ut
1882 1978 2072 2057 possit
2109 1975 2296 2037 videri
2344 1978 2517 2036 etiam
2556 1977 2742 2035 vicem
2782 1972 3030 2034 duarum
3071 1992 3208 2034 con·

501 2100 509 2109 ·
602 2084 943 2144 sonantium
988 2082 1265 2166 implere,
1311 2092 1381 2145 ut
3239 2099 3290 2138 ¹⁶

921 2179 1009 2263 ὥς
1055 2181 1260 2252 εἰπὼν
1305 2182 1506 2265 τόξον
1554 2183 1679 2270 μὲν
1725 2181 1854 2251 ἀπὸ
1908 2184 1977 2252 ἕο
2022 2186 2194 2269 θῆκε
2240 2187 2499 2270 χαμᾶζε.

604 2303 664 2355 et
707 2295 823 2356 tale
872 2296 1108 2375 quidem
1151 2290 1162 2379 Ι
1204 2296 1538 2375 exemplum
1584 2295 1738 2377 apud
1787 2314 1898 2357 nos
1946 2315 2066 2358 uon
2113 2295 2517 2379 animadverti,
2564 2302 2830 2356 ceterum
2880 2295 3206 2373 superioris

611 2402 822 2463 similia
866 2402 1077 2486 multa,
1124 2411 1192 2464 ut
2485 2388 2502 2397 ’

923 2508 1048 2570 ille
1094 2510 1286 2571 latus
1330 2512 1616 2573 niveum
1662 2512 1860 2574 molli
1908 2511 2136 2572 fultus
2183 2509 2588 2589 hyacintho.

601 2615 830 2676 accedit
874 2614 992 2676 huc
1041 2615 1217 2696 quod,
1265 2618 1314 2676 si
1352 2617 1642 2678 accedens
1687 2618 1921 2679 litterae
1970 2623 2148 2698 esset,
2196 2634 2330 2677 cum
2368 2617 2495 2694 ipsa
2533 2615 2731 2676 littera
2778 2615 3207 2675 enuntiaretur.
3237 2634 3292 2673 so

554 2734 563 2745 '
599 2739 759 2783 nunc
805 2739 947 2783 vero
995 2730 1054 2784 et
1102 2729 1237 2784 ante
1282 2722 1544 2785 vocalem
1582 2732 1641 2787 et
1676 2731 1815 2804 post
1861 2723 2121 2785 vocalem
2168 2730 2365 2784 sonat:
2414 2720 2556 2800 [sic]
2598 2741 2715 2803 quo
2755 2720 2928 2784 modo
2966 2720 3075 2782 alia
3114 2728 3208 2781 est

601 2828 819 2908 syllaba
866 2847 951 2904 ca,
997 2829 1107 2890 alia
1154 2848 1240 2912 ac,
1286 2839 1346 2891 et
1391 2831 1500 2892 alia
1547 2830 1639 2910 ba,
1685 2830 1796 2891 alia
1843 2830 1934 2913 ab,
1981 2833 2067 2918 sic
2114 2829 2225 2890 alia
2268 2829 2518 2916 batalia
2565 2829 2655 2891 ah.
2747 2848 2882 2891 nam
2929 2829 3087 2910 quod
3135 2846 3208 2888 ex

600 2934 713 2995 hoc
762 2954 999 3016 quoque
1048 2939 1386 2998 existimant
1433 2936 1670 3017 quidam
1719 2935 1914 3016 colligi
1960 2955 2136 3016 posse
2185 2945 2608 2999 consonantem
2651 2955 2780 2998 esse
2817 2944 2877 2997 et
2912 2935 3207 3016 adsignifi-

600 3051 858 3124 cantem‚
916 3043 1074 3124 quod
1131 3052 1231 3106 aut
1289 3043 1577 3106 accedens
1624 3051 1725 3105 aut
1781 3043 2069 3105 recedens
2123 3045 2397 3106 immutat
2453 3044 2970 3125 significationem,
3027 3043 3207 3120 siqui-

602 3147 738 3209 dem
785 3149 943 3210 aliud
992 3159 1084 3211 est
1130 3150 1276 3233 hira,
1328 3150 1485 3211 aliud
1533 3153 1621 3212 ira
1664 3146 1712 3228 †
1759 3168 1966 3211 canam
2021 3151 2372 3230 exemplum.
2464 3169 2598 3212 nam
2637 3149 2819 3211 multa
2866 3151 3103 3210 nomina
3149 3155 3211 3207 et
3240 3167 3291 3206 2⁵

604 3264 881 3335 correpta
926 3256 1141 3336 syllaba
1189 3256 1347 3318 aliud
1396 3257 1727 3336 significant
1774 3263 1835 3316 et
1880 3255 2185 3336 producta,
2234 3276 2352 3336 quo
2398 3256 2572 3317 modo
2621 3255 2777 3316 aliud
2824 3263 2938 3338 est,
2983 3257 3033 3316 si
3070 3272 3206 3335 pro-

778 3445 959 3500 C'odeoe
998 3445 1298 3500 Parrhasii
1372 3452 1401 3500 7
1439 3447 1501 3499 ut
1540 3443 1683 3499 δέκα
1719 3438 2072 3512 πεντήκοντα
2113 3441 2316 3502 ἕκατον
2351 3464 2453 3516 per
2492 3450 2554 3500 H
2582 3447 2851 3501 notantur
2997 3449 3063 3497 10
3108 3459 3208 3513 po·

598 3524 823 3580 testatis
861 3541 961 3580 om.
1112 3532 1177 3580 1ss
1225 3520 1302 3588 ὡς
1339 3520 1516 3580 εἰπών
1553 3555 1620 3567 -
1658 3525 1873 3596 χαμᾶζε
1913 3541 2013 3581 om.
2056 3526 2123 3592 G,
2161 3527 2289 3583 add.
2327 3543 2356 3582 c
2498 3523 2630 3597 μὲν]
2678 3529 2813 3580 αλεν
2956 3529 3025 3578 20
3071 3522 3205 3594 huc]

597 3655 729 3711 huic
880 3662 948 3711 22
988 3675 1055 3713 ex
1093 3659 1145 3713 h.
1185 3676 1410 3728 quoque
1563 3665 1630 3714 23
1670 3675 1789 3714 esse
1827 3675 1928 3715 om.
2092 3665 2162 3714 24
2200 3660 2351 3729 quod
2370 3609 2726 3727 ‘gtaeoedens
2740 3610 2820 3728 ’ἐι
2835 3656 3098 3712 recedens
3137 3657 3204 3712 0:

595 3737 695 3790 aut
728 3751 995 3805 super-scr.
1035 3753 1065 3793 c
1233 3745 1301 3794 25
1338 3738 1447 3811 ira]
1486 3737 1610 3794 dira.
1776 3738 1981 3809 multa]
2020 3741 2178 3794 muta.
2347 3745 2416 3794 26
2456 3739 2736 3811 correpta]
2776 3739 3065 3794 contracta

596 3814 751 3870 aliud
788 3815 837 3870 si
869 3817 1145 3887 producas
1182 3818 1302 3888 pila
1337 3820 1397 3874 et
1432 3816 1704 3888 corripias
1739 3818 1860 3889 pila

774 3990 806 4038 6
842 3984 1121 4055 hodieque
1159 4003 1285 4040 cum
1322 3985 1592 4043 Semleme
1768 3995 1801 4043 7
1850 3991 1915 4044 ut
1951 3986 2121 4058 δέκα,
2160 3983 2541 4058 πεντήρεοντα,
2592 3983 2798 4042 ἑκατὸν
2835 3987 3096 4042 notentur
3132 3985 3205 4054 R,

596 4068 662 4120 ut
698 4066 735 4118 δ
770 4064 938 4135 δέκα,
976 4083 1019 4119 π
1052 4059 1432 4134 πεντήκοντα,
1473 4086 1500 4122 ε
1541 4062 1747 4122 ἑκατὸν
1782 4070 2049 4123 notentur
2077 4070 2316 4122 Iunius.-
2353 4068 2423 4134 cf.
2454 4067 2730 4122 Priscian.
2761 4067 2826 4121 de
2859 4067 3021 4135 fiywr.
3051 4082 3200 4120 num.

585 4163 648 4215 p.
686 4150 815 4212 406,
852 4151 905 4200 8.
967 4146 1177 4201 Terent.
1217 4145 1412 4203 Scaur.
1442 4163 1503 4216 p.
1543 4152 1641 4213 23,
1668 4151 1703 4200 4
1866 4154 1896 4202 9
1935 4149 2218 4219 notarent]
2260 4149 2551 4203 notaretur
2586 4146 2642 4200 R
2763 4205 2776 4216 κ
2806 4152 2871 4200 10
2907 4144 3204 4214 potestatis

594 4241 693 4281 om.
732 4224 815 4292 R,
852 4225 1071 4280 addidit
1101 4225 1369 4280 Semlerus
1515 4231 1578 4278 12
1618 4226 1929 4296 suppleturi
1964 4227 2020 4282 R
2168 4236 2230 4284 13
2268 4220 2305 4298 ἦ
2343 4222 2556 4299 ὀλίγον]
2598 4226 2760 4282 Hom.
2792 4226 2869 4280 Π.
2915 4228 2957 4278 Ζ
2986 4231 3100 4280 800

596 4312 661 4361 16
710 4300 787 4368 ὥς
836 4300 1034 4375 εἰπών]
1073 4304 1235 4358 Hom.
1279 4303 1380 4359 od.
1419 4324 1462 4372 φ
1499 4309 1612 4360 136
1788 4303 1957 4373 τόξον
2003 4305 2152 4362 εἷλεν
2188 4302 2284 4362 ἀπ’
2326 4305 2386 4361 ἔο
2432 4306 2488 4360 R
2670 4312 2734 4361 17
2779 4306 3011 4374 fortasse
3054 4305 3205 4375 apud

593 4389 813 4442 nostros
997 4389 1060 4439 19
1105 4384 1227 4455 ille]
1280 4385 1434 4456 Very.
1485 4387 1655 4440 bucol.
1705 4391 1768 4453 6,
1808 4391 1880 4441 53
2061 4391 2128 4441 20
2176 4386 2394 4442 accedit
2442 4385 2596 4452 huic,
2644 4385 2797 4454 quod
2841 4384 2890 4440 si
2935 4385 3205 4440 accedens

592 4465 788 4521 littera
823 4465 879 4519 R
1022 4469 1087 4519 21
1128 4463 1358 4530 fortasse
1393 4464 1609 4519 scilicet
1644 4481 1755 4532 quo
1793 4465 1959 4520 modo
2115 4473 2182 4522 22
2218 4484 2350 4522 nam
2388 4466 2538 4535 quod
2577 4481 2644 4520 ex
2680 4466 2717 4519 h
2757 4482 2978 4536 quoque
3017 4466 3204 4520 existi-

592 4547 752 4601 mant
788 4545 1017 4614 quidam
1054 4543 1249 4615 colligi
1283 4561 1445 4615 posse
1483 4547 1881 4599 consonantem
1919 4548 1978 4600 et
2012 4547 2494 4619 adsignificantem
2530 4548 2766 4616 apparet
2802 4562 2869 4599 ex
2907 4561 2999 4613 e0,
3051 4547 3203 4615 quod

594 4628 693 4679 aut
727 4625 992 4681 accedens
1027 4624 1084 4678 R
1245 4631 1313 4679 25
1352 4625 1508 4679 aliud
1545 4625 1630 4679 est
1665 4624 1790 4679 hira
1828 4625 1980 4681 aliud
2017 4627 2141 4683 dira.
2178 4643 2400 4694 canam,
2448 4625 2762 4694 exemplum
2799 4625 2871 4681 R.
2927 4624 3080 4679 aliud
3119 4628 3206 4680 est

594 4703 721 4758 hira
746 4704 899 4759 aliud
936 4704 1022 4759 ira
1046 4705 1390 4759 scribendum
1417 4720 1525 4759 esse
1549 4703 1692 4758 vidit
1717 4703 2014 4773 SemZeruS,
2051 4708 2314 4762 dubitans
2348 4708 2414 4761 de
2441 4722 2498 4762 eo
2527 4708 2670 4777 quod
2703 4707 2967 4776 sequitur,
3004 4721 3205 4760 canam

594 4785 925 4855 exemplum.
981 4786 1187 4840 conieci
1222 4802 1419 4855 parum
1457 4782 1778 4853 expeditum
1816 4787 1902 4839 est
1937 4786 2019 4840 vel
2056 4802 2225 4840 causa.
2259 4802 2371 4839 non
2410 4789 2493 4841 est
2528 4789 2662 4857 apta
2805 4791 2874 4842 26
2916 4787 3206 4840 contracta.

593 4862 809 4932 syllaba
843 4862 914 4931 R,
953 4866 1210 4931 correpta.
1246 4863 1465 4932 syllaba.
1502 4864 1769 4926 Semlems
