3613 5528
518 407 603 471 86
1472 402 1682 456 CAPRI
1722 402 1815 455 ET
1851 400 2199 456 AGRoEcn

708 591 1000 671 Excerpta
1050 591 1361 668 utriusque
1411 589 1777 667 grammatici
1824 588 2105 669 leguntur
2151 590 2209 649 in
2255 589 2458 649 codice
2497 587 3138 668 Montepessulano

530 699 581 760 Π
634 696 778 761 160
831 698 1060 759 decimo
1119 695 1355 757 saeculo
1417 697 1667 778 scripto,
1723 697 1827 775 qui
1883 695 2023 756 olim
2083 694 2326 756 Buherii
2383 696 2521 778 fuit,
2578 696 2615 758 s.
2669 693 2877 757 1—3*
2927 699 3141 774 incipit

524 808 672 866 libri
703 806 893 881 Capri
928 806 1003 865 de
1041 805 1381 878 ortoyrafia
1420 820 1528 863 seu
1566 810 1624 863 et
1662 805 1739 863 dc
1774 803 1974 863 verbis
2012 794 2212 863 dicbiis
2241 803 2412 863 Haec
2449 807 2556 864 uia
2594 822 2710 879 quo
2759 806 2928 865 ducit
2975 806 3135 864 dice-

525 930 657 973 mus
710 930 829 973 non
877 913 985 973 ubi
1035 912 1181 971 Cato
1239 912 1553 971 descendit
1598 912 1867 970 dicemus
1912 928 2029 971 non
2079 911 2382 970 discendit
2426 917 2484 970 et
2531 914 2975 986 interroqemus
3021 930 3139 986 quo

525 1038 646 1095 qua
721 1021 877 1080 hora
947 1020 1096 1078 solet
1166 1016 1261 1076 ire
1322 1015 1500 1092 foras
1561 1024 1619 1077 et
1677 1035 1805 1077 esse
1858 1015 2034 1092 soris.
2129 1018 2227 1076 Ad
2274 1021 2684 1092 qramaticnm
2741 1021 2904 1079 uado
2963 1020 3144 1094 Apud

522 1129 819 1188 medicum
876 1127 1043 1185 disco
1092 1156 1177 1165 —
1237 1123 1344 1184 Uir
1400 1125 1571 1184 ducit
1626 1127 1844 1184 mulier
1889 1125 2088 1185 nubet.
2163 1124 2235 1183 cs.
2286 1123 2530 1203 catalog.
2575 1124 2775 1203 gener.
2822 1124 2929 1185 des
2988 1143 3138 1185 man.

527 1253 585 1313 p.
623 1229 770 1294 340.
836 1229 1117 1310 pleraque
1157 1247 1227 1289 ex
1269 1231 1498 1289 minore
1537 1227 1711 1308 Capri
1749 1227 1901 1289 libro
1947 1230 2150 1308 petita,
2198 1229 2301 1290 sed
2352 1229 2532 1291 multa
2581 1232 2757 1291 etiam
2808 1249 2877 1289 ex
2918 1232 3138 1291 maiore

535 1346 595 1400 et
642 1358 714 1399 ex
759 1336 912 1397 libro
952 1337 1223 1415 Agroecii
1271 1336 1484 1417 addita,
1530 1337 1726 1397 omnia
1773 1344 1970 1397 autem
2019 1335 2227 1396 ordine
2275 1335 2607 1398 litterarum
2652 1337 2935 1416 disposita
2982 1345 3137 1397 sunt.

526 1447 671 1508 haec
719 1446 839 1506 dixi
879 1450 1156 1522 excerpta
1194 1440 1706 1522 Montepessulana
1746 1450 1804 1502 et
1852 1460 2055 1523 pauca,
2091 1460 2241 1521 quae
2289 1451 2526 1522 praeter
2573 1453 2910 1505 ceterorum
2958 1444 3135 1505 libro-

531 1571 666 1614 rum
715 1554 1071 1632 scripturam
1111 1549 1464 1610 videbantur
1496 1522 1791 1609 filemoria
1842 1548 2014 1628 digna
2063 1567 2213 1629 esse,
2260 1567 2330 1609 ex
2378 1552 2452 1609 iis
2499 1551 2805 1631 adscripsi.

707 1660 953 1720 Praeter
991 1657 1099 1717 hos
1141 1656 1378 1717 codices
1419 1665 1652 1717 veteres
1690 1655 2016 1716 eorundem
2056 1654 2344 1717 librorum
2384 1658 2620 1718 codices
2660 1677 2975 1739 superesse
3005 1661 3142 1719 novi

533 1768 657 1827 hos,
724 1766 993 1845 Agroecii
1027 1762 1440 1842 orthographia
1473 1771 1532 1823 et
1568 1762 1686 1824 duo
1727 1761 1864 1823 libri
1893 1761 2068 1842 Capri
2107 1764 2169 1823 in
2206 1763 2410 1824 codice
2451 1764 2833 1845 Neapolitano
2875 1764 2949 1825 IV
2978 1767 3023 1825 A
3055 1762 3141 1826 34

537 1891 688 1933 saec.
719 1870 796 1931 XI
826 1870 915 1931 vel
946 1869 1051 1930 ΧΙΙ
1093 1871 1301 1949 scripti
1338 1877 1477 1929 sunt
1505 1876 1658 1930 teste
1687 1868 1969 1930 Iannellio
1999 1868 2164 1929 catal.
2196 1869 2335 1929 bibl.
2364 1870 2459 1932 lat.
2492 1890 2638 1933 mus.
2667 1871 2922 1933 Borbon.
2950 1892 3005 1952 p.
3038 1871 3139 1933 27.

530 1981 697 2060 prior
743 1977 917 2058 Capri
965 1976 1117 2038 liber
1165 1994 1302 2037 cum
1349 1975 1636 2055 Agroecio
1683 1977 1742 2035 in
1792 1975 1995 2035 codice
2046 1976 2408 2056 Sangallensi
2456 1976 2585 2038 249
2634 1997 2785 2040 saec.
2824 1978 2921 2059 IX,
2968 1981 3141 2040 cuius

540 2089 599 2146 in
649 2085 874 2147 Scauro
921 2086 1283 2145 mentionem
1334 2084 1473 2163 feci,
1526 2088 1664 2162 post
1717 2081 2196 2162 orthographiam
2242 2081 2434 2144 Bedae
2482 2084 2725 2165 legitur,
2773 2089 2987 2162 incipit
3041 2105 3148 2146 ars

542 2195 730 2269 Capri
766 2194 841 2253 de
886 2192 1288 2266 ortoqraphia
1335 2207 1509 2251 amen
1557 2191 1729 2250 Haec
1776 2224 1861 2231 —
1907 2194 2218 2252 stellarum
2257 2195 2506 2267 explicit
2542 2211 2648 2253 ars
2693 2194 2882 2269 Capri
2925 2196 3139 2270 incipit

531 2304 821 2379 proloqus
860 2298 1151 2382 Eqroecii
1187 2299 1439 2358 Domino
1477 2331 1561 2341 —
1594 2301 1898 2375 precibus.
1967 2302 2110 2373 finit
2145 2318 2252 2360 ars
2281 2301 2572 2374 Aqroecii
2606 2303 2682 2360 de
2717 2302 3152 2377 ortoqraphia:

535 2411 679 2470 item
725 2409 785 2467 in
834 2404 1036 2466 codice
1084 2404 1405 2483 Reginensi
1453 2400 1625 2467 2078
1675 2424 1720 2465 s,
1767 2405 1874 2479 XI,
1922 2408 2138 2483 incipit
2184 2426 2291 2468 ars
2343 2408 2534 2484 Capri
2585 2410 2661 2467 de
2706 2409 3149 2483 orthographia

538 2516 709 2576 Haec
767 2545 844 2556 —
907 2515 1208 2573 stillarum
1264 2515 1419 2588 expl.
1481 2530 1588 2571 ars
1650 2513 1841 2589 Capri
1892 2515 1967 2572 de
2035 2518 2374 2589 ortoqrafia
2444 2516 2658 2590 incipit
2713 2531 2819 2573 ars
2875 2515 3154 2587 Aproetii

540 2624 793 2684 Domino
843 2651 924 2661 —
971 2620 1274 2696 supplicia
1331 2621 1407 2679 de
1462 2623 1773 2680 tormentis
1830 2622 2127 2681 dicemus:
2185 2628 2244 2680 et
2300 2639 2435 2681 cum
2482 2629 2648 2699 parte
2697 2618 2831 2680 libri
2879 2620 3150 2699 Agroecii

430 2800 441 2809 .
540 2731 601 2790 in
649 2726 918 2788 Parisino
976 2721 1144 2786 7491
1199 2742 1348 2786 saec.
1398 2724 1449 2785 X
1497 2725 1539 2787 f.
1588 2722 1880 2809 85—88,
1936 2730 2152 2804 incipit
2207 2745 2313 2788 ars
2377 2728 2566 2805 Capri
2620 2730 2695 2789 de
2752 2728 3151 2804 ortoqraphia

542 2838 714 2896 Haec
757 2867 831 2876 —
875 2836 1203 2894 stellarum.
1280 2837 1532 2910 explicit
1576 2853 1681 2895 ars
1736 2836 1929 2911 Capri
1973 2838 2186 2911 incipit
2224 2840 2517 2912 prolapus
2564 2837 2855 2911 Aqroecii
2899 2836 3152 2896 Domino

554 2976 625 2986 -
662 2962 718 3022 p.
751 2937 922 3002 2267
956 2942 1287 3016 positiuum
1325 2941 1505 3000 habet
1541 2943 1716 3001 multi
1747 2944 2190 3018 superlatiuum
2230 2945 2495 3018 plurimi.
2556 2950 2830 3021 excerpta
2861 2942 3152 3020 Agroecii,

544 3067 694 3129 quae
741 3050 804 3109 in
852 3045 1056 3107 codice
1105 3044 1395 3107 Beruensi
1441 3044 1572 3109 330
1620 3048 1839 3127 scripta
1888 3064 2020 3107 esse
2067 3047 2216 3129 dixi,
2262 3050 2421 3109 inter
2468 3047 2576 3108 alia
2626 3055 2901 3128 excerpta
2950 3047 3150 3108 ortho-

542 3155 820 3237 graphica
867 3154 1150 3233 leguntur
1196 3155 1373 3214 etiam
1420 3155 1481 3214 in
1541 3153 1742 3214 codice
1801 3153 2296 3232 sangermanensi
2350 3152 2521 3216 1180
2567 3173 2611 3216 s,
2662 3154 2738 3214 {X
2787 3155 2823 3215 f.
2872 3150 3155 3236 35—36‚

548 3265 695 3325 Item
743 3263 1186 3337 orthoqraphia
1224 3261 1511 3335 Ayrctins
1560 3262 1822 3322 libellum
1860 3265 2044 3337 capri
2086 3263 2162 3322 dc
2205 3264 2605 3338 ortoqraphia
2641 3264 2857 3322 misisti
2890 3264 3041 3321 mihi
3074 3295 3148 3303 —

550 3373 832 3431 delictum
874 3386 913 3428 a
943 3368 1280 3444 peccando.
1347 3384 1417 3426 ex
1455 3364 1624 3425 libris
1662 3367 1871 3445 quinto
1909 3366 2140 3427 decimo
2179 3368 2414 3429 saeculo
2453 3370 2690 3448 scriptis
2729 3368 2903 3447 Capri
2941 3366 3158 3428 librum

550 3476 624 3536 de
682 3471 1099 3552 orthographia
1156 3473 1355 3531 inveni
1409 3473 1471 3532 in
1528 3471 1732 3533 codice
1788 3472 2058 3533 Parisino
2117 3474 2306 3554 suppl.
2364 3471 2522 3556 294,
2577 3493 2712 3535 cum
2760 3476 3047 3554 Agroecio
3093 3476 3157 3534 in

549 3582 752 3643 codice
808 3580 1127 3658 Reginensi
1191 3575 1358 3638 1818
1417 3586 1476 3638 et
1531 3581 1592 3638 in
1660 3579 1966 3640 codicibus
2022 3578 2315 3642 Vaticanis
2377 3579 2540 3642 1491
2604 3591 2663 3641 et
2724 3578 2919 3662 1492,
2966 3580 3157 3641 solum

550 3688 820 3766 Agroecii
867 3685 1084 3746 librum
1130 3687 1191 3745 in
1240 3684 1443 3745 codice
1491 3684 1771 3747 Vrbinate
1820 3683 1949 3749 308
1997 3693 2058 3747 et
2103 3686 2378 3750 Leidensi
2425 3687 2562 3749 bibl.
2609 3687 2770 3768 publ.
2824 3682 2963 3748 156.

728 3792 1041 3853 Lectiones
1095 3800 1293 3853 autem
1364 3791 1635 3853 codicum
1693 3810 1844 3871 quos
1899 3793 1970 3853 ad
2028 3793 2348 3855 editionem
2397 3793 2637 3863 adhibui
2685 3795 2773 3856 vel
2822 3797 3158 3855 accuratius

551 3900 875 3959 examinavi
922 3901 1000 3959 ita
1046 3901 1203 3960 inter
1250 3916 1314 3958 se
1363 3899 1738 3981 dissentiunt,
1770 3909 1852 3978 ⁴ut
1887 3909 2149 3962 veterem
2189 3911 2249 3962 et
2285 3904 2690 3982 incorruptam
2730 3903 2942 3962 horum
2981 3900 3156 3962 libro-

553 4023 687 4067 rum
744 4004 836 4065 vel
891 4013 1308 4085 excerptorum
1366 4005 1614 4072 formam
1661 4008 1723 4067 in
1770 4006 1933 4068 nullo
1982 4016 2301 4091 servatam,
2358 4008 2458 4069 sed
2508 4009 2704 4069 studio
2750 4010 3158 4087 grammatico-

554 4131 688 4174 rum
727 4121 787 4173 et
824 4131 938 4173 usu
978 4112 1315 4174 scholarum
1352 4114 1414 4172 in
1451 4112 1727 4174 omnibus
1766 4122 2050 4175 mutatam
2089 4133 2220 4175 esse
2268 4124 2563 4195 appareat.
2639 4115 2741 4175 sed
2782 4118 3060 4194 quoniam
3098 4117 3158 4176 in

556 4228 713 4280 lanta
761 4221 1092 4298 scripturae
1140 4219 1478 4281 diversitate
1525 4223 1703 4282 unius
1749 4221 1971 4281 codicis
2018 4223 2287 4281 recensio
2328 4221 2626 4299 sequenda
2669 4228 2812 4301 erat,
2859 4239 2932 4280 ne
2971 4221 3160 4282 diver-

556 4346 757 4388 sorum
817 4325 1102 4388 librorum
1159 4326 1446 4388 lectiones
1500 4329 1926 4408 miscerentur,
1982 4325 2238 4387 dubitari
2295 4346 2412 4387 non
2471 4329 2663 4407 potuit
2724 4329 2866 4405 quin
2917 4327 3163 4406 reliquis

558 4435 962 4514 praeferretur
995 4433 1580 4514 ,Montepessulanus
1655 4452 1790 4494 nam
1830 4452 2183 4513 quamquam
2230 4437 2289 4495 in
2338 4434 2450 4495 hoc
2489 4453 2725 4513 quoque
2766 4432 2964 4514 multa,
3012 4454 3162 4514 quae

556 4544 780 4601 rectius
827 4542 1047 4621 scripta
1095 4541 1375 4621 leguntur
1418 4544 1479 4602 in
1518 4539 1943 4620 BeruensibuS,
1990 4549 2211 4601 mutata
2251 4541 2339 4600 vel
2377 4544 2612 4622 omissa,
2660 4542 2946 4620 quaedam
2987 4544 3162 4602 etiam

558 4665 707 4726 quae
765 4647 837 4708 ab
892 4647 1009 4708 illis
1064 4647 1281 4709 absunt
1337 4655 1542 4728 postea
1598 4647 1792 4708 addita
1857 4653 2021 4728 sunt,
2078 4655 2275 4707 tamen
2333 4646 2614 4727 pleraque
2672 4649 2894 4707 rectius
2943 4649 3164 4728 scripta

561 4753 800 4815 exhibet
864 4773 1039 4834 quam
1103 4755 1204 4816 illi.
1297 4757 1495 4835 itaque
1544 4755 1720 4815 huius
1785 4753 1921 4815 libri
1986 4756 2397 4815 recensionem
2464 4747 2621 4837 (M),
2686 4762 2972 4833 quantum
3035 4755 3164 4814 fleri

560 4869 820 4941 poterat,
889 4860 1130 4922 exhibui
1191 4879 1471 4942 eamque,
1533 4859 1638 4920 ubi
1696 4860 2009 4922 manifesto
2069 4867 2352 4939 corrupta
2411 4869 2569 4941 erat,
2627 4879 2699 4920 ex
2760 4858 3163 4920 Beruensibus
