3613 5528
1331 426 1442 481 ‘DE
1482 425 2054 482 ORTHOGRAPHIA
2867 421 2999 489 275
3096 485 3105 500 ,

391 537 422 573 p
462 526 580 566 2⁷8⁷.
608 525 662 566 88
688 526 740 565 P.

569 609 928 691 Intempesta
975 629 1091 671 nox
1147 619 1266 686 estx
1297 611 1484 673 media
1529 631 1686 693 μοι,
1743 611 1977 692 quaudo
2035 612 2460 691 quiescendum
2519 619 2636 692 est,
2692 610 2831 671 hinc
2887 612 3000 671 uti-

394 735 511 796 que
544 716 725 800 dicta,
764 720 900 797 quia
937 721 1295 798 inoportuna
1325 728 1417 780 est
1444 721 1664 780 actioni
1703 718 2083 798 vigilantium.
2134 721 2548 798 tempestivum
2579 720 2736 778 enim
2767 727 3002 802 veteres
3096 713 3103 720 ’

395 823 673 887 dixerunt
718 832 1082 905 oportunum
1130 835 1191 887 et
1235 828 1716 906 intempestivum
1764 827 2191 905 inoportunum
2237 823 2417 885 ducto
2456 843 2487 884 a
2526 833 2795 904 tempore
2835 843 3025 902 voca·,

394 925 564 1014 bulo',
609 950 727 992 non
774 951 808 993 a
854 931 1304 1012 perturbatione
1352 935 1535 1015 aeriS,
1580 951 1732 1013 quae
1771 939 2056 993 consuete
2106 938 2428 1010 tempestas
2467 938 2726 992 vocatur.
2802 949 3004 1010 quam·

291 1091 297 1096 .
341 1049 369 1089 5
397 1055 572 1115 quam
619 1039 734 1098 isto
777 1036 960 1098 verbo
1003 1036 1258 1098 licenter
1292 1028 1537 1099 utantur
1582 1038 1881 1121 historici,
1925 1045 1993 1099 ut
2029 1037 2229 1099 dicant
2275 1033 2375 1099 ‘ea
2415 1033 2798 1118 tempestate'
2847 1038 3007 1117 quod

399 1142 717 1220 voluntffleo
755 1153 1023 1224 tempore
1071 1143 1350 1224 intellegi.
1425 1147 1798 1206 inmaturitas
1838 1151 2196 1205 nocturnum
2234 1152 2471 1225 tempus
2518 1150 2636 1226 est,
2683 1142 2838 1222 quod
2890 1160 3007 1202 non

400 1259 492 1311 est
543 1260 868 1332 maturum,
923 1250 983 1311 id
1039 1260 1131 1312 est
1188 1260 1551 1331 oportunum
1601 1259 1666 1313 ut
1721 1260 1929 1331 agatur
1976 1250 2194 1330 aliquid
2260 1250 2577 1332 vigilando,
2623 1249 2781 1329 quod
2829 1250 3007 1310 etiam

399 1356 572 1490 vulgo
627 1358 746 1418 dici
801 1357 953 1419 solet
1017 1358 1161 1419 hora
1226 1360 1571 1440 inportuna,
1637 1377 1847 1439 graece
1905 1347 2148 1441 ἆωρία,
2205 1352 2515 1438 ‘praeveni
2581 1350 3010 1417 inmaturitate'

402 1458 474 1524 ἐν
520 1453 752 1548 ἆωρίᾳ.
840 1464 988 1526 nihil
1039 1484 1180 1526 vero
1236 1467 1489 1526 interest
1543 1465 1614 1525 ad
1674 1466 2056 1546 sententiam,
2115 1470 2315 1524 utrum
2373 1465 2777 1525 inmaturitate
2826 1481 2900 1524 an
2946 1464 3007 1522 in

323 1583 375 1622 ιο
402 1571 806 1631 inmaturitate
860 1571 1113 1651 dicatur,
1169 1591 1287 1653 quo
1344 1572 1520 1633 modo
1575 1571 1721 1632 nihil
1775 1571 1981 1646 distat,
2038 1578 2240 1632 utrum
2294 1573 2429 1651 quis
2485 1570 2643 1632 dicat
2697 1573 2889 1650 egisse
2948 1588 3013 1631 se

402 1675 618 1755 aliquid
666 1677 800 1757 galli
849 1685 1023 1739 cantu
1073 1696 1147 1738 an
1193 1681 1255 1738 in
1302 1678 1437 1759 galli
1484 1687 1677 1740 cantu.

578 1782 862 1846 Iuventus
891 1792 951 1846 et
988 1794 1268 1846 senectus
1303 1784 1517 1865 plurali
1556 1802 1803 1845 numero
1833 1802 1952 1844 non
1982 1784 2322 1846 flectuntur.
2382 1787 2615 1847 iuvenis
2643 1793 2705 1844 et
2739 1783 3013 1845 iuvenior
3098 1799 3109 1810 ·

406 1908 523 1950 non
553 1892 852 1971 recipiunt
879 1890 1332 1972 superlativum,
1362 1893 1518 1953 sicut
1553 1910 1665 1952 nec
1697 1909 1878 1952 senex
1908 1900 1968 1952 et
2006 1893 2221 1952 senior.
2270 1891 2458 1953 solent
2499 1900 2696 1953 autem
2729 1892 2927 1951 iunior
2955 1897 3016 1951 et

408 1998 607 2057 senior
644 1997 715 2058 ad
745 2017 810 2059 se
850 1999 1100 2058 invicem
1130 1997 1248 2058 dici
1288 2000 1483 2058 minor
1511 2005 1571 2059 et
1608 2001 1814 2080 maior,
1851 2000 1964 2059 etsi
2003 2006 2215 2058 neuter
2250 1999 2516 2078 ipsorum
2556 1971 2731 2058 senili
2764 1999 3017 2057 accessit

331 2113 380 2154 1⁵
410 2109 511 2163 aut
537 2106 956 2185 propinquavit
983 2107 1186 2167 aetati:
1214 2100 1612 2166 Ambrosius
1625 2107 1869 2167 iunior
1899 2114 2010 2166 est
2038 2104 2287 2165 herbis
2316 2103 2454 2185 sol,
2482 2106 2726 2164 iunior
2755 2099 3014 2164 faeno'.

584 2209 842 2276 Interior
877 2218 938 2272 et
985 2212 1230 2273 intimus
1268 2230 1387 2273 non
1433 2211 1655 2274 habent
1699 2214 2015 2292 positivum
2062 2210 2336 2292 gradum,
2387 2211 2634 2272 inferior
2669 2218 2731 2271 et
2775 2210 3015 2271 infimus

412 2314 698 2377 similiter.
2621 2387 2625 2391 ,

586 2420 786 2501 Ipsum
825 2432 1040 2486 neutro
1077 2444 1297 2505 genere
1336 2425 1680 2502 dicendum,
1719 2445 1838 2487 non
1876 2426 2080 2506 ipsud,
2118 2432 2184 2487 ut
2229 2424 2372 2487 illud
2411 2433 2472 2486 et
2513 2423 2701 2505 istud,
2740 2426 3017 2504 quoniam

413 2535 646 2588 veteres
691 2532 1116 2593 nominativum
1164 2532 1474 2594 masculini
1520 2551 1640 2595 non
1685 2534 1814 2612 ipse
1862 2530 2166 2611 dicebant,
2213 2531 2317 2592 sed
2364 2533 2547 2611 ipsus

254 2661 260 2666 ·
335 2647 387 2687 2⁰
590 2633 839 2715 Inpingo
885 2637 1026 2699 facit
1068 2638 1403 2719 perfectum
1449 2641 1677 2719 inpinxi
1725 2649 1786 2700 et
1830 2640 2050 2719 inpegi.

591 2740 871 2805 Inmunes
917 2745 1168 2825 periculi
1215 2754 1277 2808 et
1321 2748 1597 2808 inmunes
1644 2764 1676 2807 a
1721 2744 2007 2827 periculo.

590 2845 832 2928 Indigus
869 2859 930 2912 et
965 2852 1252 2932 prodigus
1285 2872 1394 2933 per
1432 2871 1617 2914 unum
1656 2871 1696 2913 u
1735 2851 2075 2932 scribenda,
2117 2847 2126 2930 Ι
2166 2850 2363 2931 indiga
2400 2859 2461 2912 et
2505 2850 2750 2931 prodiga
2788 2853 2917 2912 sine
2954 2871 3023 2912 u:

417 2953 781 3033 Augustinus
843 2952 1177 3020 avaritia
1238 2962 1613 3039 pecuniam
1673 2965 2096 3038 congregat,
2155 2956 2441 3018 luxuria
2509 2958 2811 3038 spargit,
2884 2959 3024 3064 ista

417 3060 659 3141 indiga
705 3070 847 3146 est,
892 3064 1020 3125 illa
1068 3061 1417 3146 prodiga'.
2448 3122 2451 3125 .

345 3180 395 3221 2⁵
595 3167 947 3231 Incredibile
1004 3172 1159 3252 quod
1219 3174 1381 3234 credi
1436 3191 1555 3233 non
1600 3180 1824 3254 potest,
1888 3171 2231 3265 incredulus
2278 3171 2380 3249 qui
2427 3170 2673 3230 credere
2719 3187 2838 3230 non
2883 3167 3026 3229 vult.

596 3274 664 3336 In
717 3281 1077 3357 praepositio
1136 3281 1425 3359 significat
1480 3278 1653 3339 modo
1710 3279 1768 3339 id
1830 3278 1987 3358 quod
2056 3284 2148 3338 est
2203 3275 2366 3336 valde
2422 3284 2511 3337 et.
2537 3278 2653 3336 vim
2712 3274 2875 3336 verbi
2929 3276 3027 3335 cui

423 3383 809 3461 praeponitur
854 3393 1058 3468 auget,
1115 3394 1181 3447 ut
1235 3388 1532 3465 increpuit
1586 3387 1853 3446 insonuit
1912 3385 2184 3464 infregit3
2240 3382 2414 3467 modo
2471 3382 2627 3442 idem
2676 3382 2832 3461 quod
2891 3400 3028 3462 non,

430 3494 493 3548 ut
531 3487 822 3549 invalidus
860 3492 1157 3573 infirmus3
1204 3491 1377 3552 modo
1416 3492 1658 3571 ponitur
1704 3508 1814 3570 pro
1853 3508 1925 3550 eo
1963 3489 2120 3569 quod
2160 3496 2252 3550 est
2286 3491 2469 3569 inter,
2509 3495 2576 3548 ut
2613 3482 3028 3550 ‘benedicta

427 3600 500 3654 tu
555 3596 625 3654 in
681 3593 1174 3679 mulieribus'3
1230 3597 1404 3659 modo
1459 3615 1570 3677 pro
1618 3596 1930 3676 adversuS,
1987 3601 2054 3656 ut
2101 3591 2266 3657 ‘duo
2312 3597 2382 3656 in
2440 3602 2591 3655 tres
2636 3602 2707 3655 et
2760 3604 2912 3656 tres
2958 3598 3028 3655 in

353 3699 605 3760 aeduos
652 3698 1132 3785 dividentur'3
1182 3703 1354 3764 modo
1400 3721 1510 3783 pro
1558 3704 1747 3782 spatio
1793 3702 2132 3782 temporali,
2179 3721 2313 3763 cum
2362 3702 2653 3781 significat
2697 3720 2919 3782 usque,
2964 3707 3033 3761 ut

279 3780 304 3801 ⁶
430 3805 679 3867 dicimus
726 3801 782 3867 ‘a
829 3826 999 3870 mane
1046 3812 1106 3869 in
1154 3804 1415 3871 noctem'
1464 3817 1524 3869 et
1572 3807 1840 3869 volumus
1887 3808 2149 3888 intellegi
2197 3804 2420 3887 ‘usque
2465 3809 2526 3868 in
2574 3803 2855 3869 noctem².

603 3911 862 3975 Interest
908 3924 967 3976 et
1013 3917 1200 3977 rel'ert
1241 3916 1530 3996 producta
1577 3932 1643 3975 re
1689 3933 1875 3976 uuum
1922 3914 2198 3994 idemque
2247 3914 2562 3993 significat,
2618 3913 2774 3992 quod
2822 3931 3032 3993 graece

432 4017 648 4080 dicitur
683 4015 1016 4105 διαφέρει,
1062 4022 1432 4102 dicimusque
1472 4024 1577 4103 ita,
1623 4023 1876 4081 interest
1912 4039 2045 4081 mea
2080 4028 2139 4081 et
2176 4022 2363 4081 refert
2409 4038 2561 4100 mea,
2610 4021 2863 4080 interest
2905 4021 3036 4083 eius

434 4132 492 4186 et
536 4125 721 4187 refert
741 4127 951 4212 illius,
995 4132 1248 4192 interest
1294 4136 1356 4190 et
1399 4128 1587 4189 refert
1631 4137 1861 4208 nostra,
1908 4129 2161 4189 interest
2205 4134 2264 4188 et
2308 4127 2495 4187 refert
2540 4125 2793 4187 illorum.

433 4256 504 4263 —..⁴

572 4330 606 4377 2
637 4325 793 4399 quia]
825 4346 970 4398 quae
1000 4331 1075 4385 Μ
1180 4336 1212 4383 3
1239 4328 1575 4398 inoportuno
1602 4326 1815 4381 dietum
1848 4326 1905 4379 P
2008 4325 2179 4381 ducto
2210 4325 2282 4378 M
2316 4323 2468 4379 dioto
2495 4323 2549 4377 L
2656 4328 2688 4378 5
2716 4323 2957 4377 libenter
2987 4322 3044 4376 P

503 4405 861 4479 tempestate]
899 4411 1177 4479 tempesto
1215 4407 1271 4461 P
1374 4412 1404 4461 7
1441 4409 1507 4461 ut
1542 4408 1744 4478 agatur
1773 4408 1873 4460 aul:
1907 4403 2120 4473 aliquid
2163 4404 2220 4458 P
2324 4411 2355 4458 8
2393 4405 2505 4460 diei
2541 4403 2708 4474 solet]
2748 4401 2954 4457 dicitur
2989 4400 3043 4455 L

507 4483 648 4540 ho'ra.
679 4485 1078 4557 inoportunum
1116 4489 1172 4543 P
1308 4494 1340 4542 9
1379 4504 1512 4542 vero
1549 4502 1650 4541 om.
1690 4485 1746 4539 P
1886 4489 1950 4538 12
1988 4485 2254 4539 quentas
2290 4484 2436 4539 sicut
2470 4487 2528 4540 et
2564 4484 2817 4538 senectus
2856 4480 2931 4534 Μ

440 4580 549 4619 non
584 4565 881 4624 flectuntur
920 4569 994 4622 M
1035 4568 1393 4624 inflectuntur
1429 4566 1528 4624 L5
1572 4563 1824 4619 inflectet
1859 4562 1916 4615 P
2054 4569 2117 4616 13
2154 4579 2257 4617 nec
2294 4579 2395 4618 om.
2437 4564 2513 4618 M
2655 4567 2721 4616 14
2767 4560 3040 4631 ipsorum]

442 4661 626 4702 eorum
656 4648 711 4701 P
813 4655 876 4703 19
914 4664 1026 4703 non
1051 4647 1174 4718 ipse
1202 4647 1465 4703 dicebant
1492 4646 1633 4701 aed
1616 4644 1793 4715 lpsius
1827 4643 1883 4697 P
1906 4659 2015 4698 non
2044 4640 2228 4711 ipsum
2256 4642 2521 4698 dicebant
2556 4640 2653 4696 sed
2688 4639 2853 4710 ipsud
2894 4638 2969 4692 Μ

443 4730 509 4780 20
543 4727 758 4799 inpegi]
795 4728 1013 4799 inpingi
1049 4728 1105 4782 P
1215 4733 1285 4783 23
1322 4727 1621 4798 augustum
1662 4723 1718 4777 P
1835 4722 1971 4793 ista]
2009 4721 2113 4776 ina
2149 4722 2205 4775 P
2313 4728 2382 4777 26
2420 4722 2477 4777 id
2515 4718 2665 4791 quod
2703 4719 2762 4774 et
2799 4718 2968 4773 ualde
2996 4717 3049 4772 L

445 4805 504 4861 id
533 4809 679 4877 quod
719 4816 756 4863 fi
792 4811 879 4864 est
913 4809 1078 4864 ualde
1120 4808 1176 4861 P
1210 4810 1269 4863 et
1303 4808 1470 4864 ualde
1509 4805 1584 4858 M
1705 4808 1773 4857 27
1812 4799 1965 4856 idem
2001 4817 2102 4857 om.
2138 4800 2191 4854 L
2313 4806 2381 4855 29
2420 4800 2480 4855 in
2516 4797 2867 4869 mulieribus]
2904 4799 3051 4853 inter

447 4888 701 4945 mulieres
738 4888 794 4942 P
919 4892 986 4943 ut
1018 4888 1129 4943 duo
1165 4887 1314 4942 inter
1348 4889 1464 4944 tres
1500 4886 1561 4942 in
1595 4887 1706 4941 duo
1747 4882 2074 4939 diuiduntur
2116 4880 2170 4935 P
2303 4886 2370 4935 32
2410 4878 2696 5002 idemqpe]
2734 4878 2886 4933 idem
2927 4877 2985 4932 P

2521 4973 2587 5023 18
