3613 5528
616 393 747 457 202
887 433 894 438 -
1463 364 1470 372 ’
1717 392 2173 449 CAsffloDonn

615 506 659 543 p.
688 494 811 533 2318.
843 495 892 533 ιι
920 493 968 532 P.

619 580 795 658 pinus
840 577 1108 638 hirsutus
1156 577 1350 638 hirtus
1398 576 1752 660 llirtuleiuS,
1800 578 2014 640 Hirrus
2062 580 2398 661 proprium3
2456 582 2569 641 nisi
2616 588 2718 641 aut
2764 578 3230 660 monosyllabum

523 703 526 708 ·
619 686 723 765 sit,
770 693 837 745 ut
881 685 961 765 ir,
1016 693 1117 745 ant
1174 704 1244 744 ex
1293 693 1456 747 motu
1505 684 1701 767 verbi,
1757 694 1826 747 ut
1879 705 1950 747 eo
2005 688 2058 747 is
2103 689 2253 748 irem
2299 688 2420 747 ires
2466 689 2581 769 ire,
2642 690 2747 748 iris
2794 687 2853 748 id
2901 694 2995 747 est
3038 705 3233 767 arcus,

613 800 716 852 aut
771 793 886 852 nisi
939 810 971 850 a
1025 800 1162 868 post
1218 811 1247 852 r
1294 801 1607 871 sequatur:
1665 802 1808 855 tunc
1865 795 2023 854 enim
2078 793 2474 874 adspiratione
2531 803 2719 876 caret,
2779 803 2845 856 ut
2900 796 2987 855 ira
3045 796 3233 855 iratus

614 897 934 959 iracundus
971 902 1197 960 irascor
1237 906 1297 960 et
1334 899 1618 979 quicquid
1656 899 1729 960 ab
1768 918 1890 960 uno
1920 919 2159 981 quoque
2186 919 2393 962 eorum
2433 902 2515 962 fit.
2562 920 2598 961 o
2626 900 2843 963 vocalis
2884 920 2916 961 r
2945 909 3233 980 sequente

616 1005 824 1066 leviter
878 1006 1153 1086 effertur,
1211 1014 1279 1066 ut
1337 1004 1520 1067 orbus
1567 1005 1761 1067 Orcus
1818 1007 2020 1068 ordior
2075 1026 2249 1069 orsus
2305 1010 2467 1069 orior
2523 1011 2723 1069 oriens
2770 1017 2968 1089 ortus,
3022 1008 3081 1068 id
3138 1015 3233 1068 est
3261 1021 3288 1060 ⁵

618 1120 807 1173 natus
878 1115 929 1173 si
976 1131 1116 1173 vero
1172 1113 1282 1174 alia
1339 1132 1371 1173 r
1419 1122 1703 1193 sequatur
1759 1122 1861 1176 aut
1910 1123 1934 1176 t
1987 1133 2136 1194 quae
2193 1134 2312 1177 non
2367 1119 2446 1177 sit
2500 1135 2570 1176 ex
2629 1115 3021 1177 declinatione
3068 1114 3231 1175 verbi

616 1228 768 1302 nata,
806 1229 951 1282 tunc
990 1222 1043 1281 ei
1081 1219 1437 1301 adspiratur,
1474 1229 1542 1281 ut
1576 1220 1815 1299 horreo,
1860 1220 2093 1297 horror,
2141 1221 2442 1304 horreum,
2490 1221 2701 1283 hortus
2748 1222 3036 1303 holerum,
3082 1220 3230 1282 Hor·

621 1330 868 1388 tensius,
938 1334 1178 1388 notatur
1223 1326 1530 1387 hordeum.

790 1433 836 1496 A
885 1433 974 1494 vel
1031 1452 1063 1494 e
1123 1433 1212 1494 vel
1259 1452 1296 1494 u
1346 1432 1576 1494 vocales
1623 1452 1652 1494 s
1714 1433 1910 1495 littera
1967 1445 2254 1513 sequente
2310 1447 2516 1497 carent
2570 1438 2991 1517 adspiratione,
3046 1444 3113 1495 ιιι
3167 1453 3232 1494 as

617 1542 766 1600 assis
812 1548 1043 1602 astutus
1089 1539 1342 1600 ascendo
1393 1541 1613 1619 aspicio
1653 1558 1788 1601 esca
1827 1550 1921 1601 est
1958 1559 2149 1601 essem
2188 1561 2456 1603 essemus
2491 1563 2639 1604 usus
2686 1529 2895 1604 nsura:
2951 1549 3232 1602 notantur
3264 1555 3314 1592 1⁰

616 1647 781 1707 hasta
830 1645 1038 1708 hastile
1085 1644 1131 1722 †
1168 1627 1407 1707 hastinu
1455 1646 1774 1708 hesternus
1822 1642 1944 1729 (est
1989 1650 2146 1709 enim
2192 1648 2264 1709 ab
2311 1649 2441 1710 heri
2488 1643 2798 1732 adverbio)
2846 1657 2906 1709 ct
2944 1647 3231 1727 Hesperia

611 1772 907 1833 graecum.
981 1756 1001 1814 i
1047 1772 1188 1814 vero
1236 1754 1325 1815 vel
1372 1772 1407 1813 o
1456 1763 1746 1833 sequente
1795 1773 1851 1835 S,
1897 1763 2033 1834 post
2079 1773 2254 1835 quam
2302 1759 2418 1817 erit
2463 1775 2500 1835 p
2552 1758 2639 1816 vel
2687 1763 2739 1837 t,
2786 1773 2923 1816 curn
2969 1756 3227 1834 adspira-

613 1864 773 1922 tione
821 1863 1238 1941 proi'eruntur,
1295 1869 1361 1921 ut
1405 1859 1686 1940 Hispania
1735 1860 1920 1941 Hispo
1966 1861 2237 1941 hispidus
2285 1863 2530 1924 historia
2588 1863 2798 1923 histrio
2845 1861 3073 1936 Hister,
3122 1881 3228 1922 seu

613 1970 921 2049 proprium
970 1987 1077 2029 seu
1125 1969 1387 2029 fluminis
1434 1970 1512 2028 sit
1550 1987 1657 2028 seu
1704 1970 1900 2047 gentis
1939 1969 2319 2049 vocabulum,
2364 1970 2581 2049 hospes
2626 1969 2857 2048 hospita
2907 1967 3229 2048 hospitium

613 2074 899 2137 Hostilius
945 2076 1154 2137 hostia.
1221 2084 1502 2137 notantur
1551 2094 1879 2155 pronomen
1926 2078 2039 2137 iste
2089 2085 2148 2137 et
2194 2076 2266 2137 ab
2315 2095 2385 2137 eo
2434 2078 2787 2157 composita,
2833 2093 2900 2134 os
2948 2077 3096 2156 oriS,
3155 2094 3224 2135 ex
3259 2085 3309 2124 15

611 2201 730 2262 quo
787 2184 1035 2244 ostendo
1092 2191 1422 2264 ostentum,
1487 2183 1694 2244 leviter
1748 2182 2002 2264 prolata,
2057 2185 2212 2244 sicut
2267 2182 2376 2244 alia
2441 2202 2591 2262 quae
2648 2191 2785 2264 post
2843 2202 2871 2244 s
2929 2191 3136 2244 carent
3190 2203 3227 2263 p

621 2290 707 2350 vel
758 2299 807 2371 t,
854 2298 920 2351 ut
966 2290 1155 2350 isdem
1200 2292 1475 2351 oscitans.
1517 2292 1528 2367 Ι

683 2427 741 2493 Χ
796 2428 914 2493 EX
962 2427 1619 2494 ORTHOGRAPHO
1667 2426 2143 2493 GAESELLIO
2191 2427 2387 2494 ISTA
2436 2427 2884 2493 GOLLEOTA
2932 2427 3161 2492 SVNT

792 2557 913 2617 Con
960 2559 1353 2638 praepositio,
1400 2561 1451 2618 si
1497 2558 1566 2618 ad
1612 2557 1791 2619 verba
1831 2578 1861 2619 a
1902 2558 2198 2619 vocalibus
2248 2560 2590 2637 incipientia
2629 2557 2895 2639 accedat,
2942 2576 2978 2616 n
3019 2576 3225 2617 conso·

615 2671 852 2723 nantem
900 2664 1125 2744 perdit,
1181 2672 1246 2725 ut
1292 2683 1480 2744 aequo
1528 2684 1818 2745 coaequo,
1877 2684 1947 2725 eo
1995 2685 2166 2747 coen,
2221 2675 2388 2732 ortus
2437 2673 2706 2726 coortus:
2772 2666 2863 2723 sin
2911 2674 3107 2724 autem
3156 2664 3225 2724 ad
3258 2675 3309 2710 20

617 2769 791 2830 verba
840 2771 1078 2833 accedat
1125 2791 1157 2832 a
1204 2773 1492 2852 digamma
1541 2775 1911 2854 incipientia,
1957 2772 2013 2833 id
2063 2782 2153 2833 est
2198 2791 2349 2853 quae
2390 2793 2422 2830 v
2470 2772 2599 2833 loco
2648 2773 3028 2832 consonantis
3074 2774 3229 2851 posi-

615 2885 732 2937 tam
789 2880 1075 2961 retinent,
1129 2898 1247 2940 non
1304 2879 1501 2960 perdit
1555 2900 1592 2940 n
1651 2879 1941 2954 litteram,
1998 2888 2065 2940 ιιι
2116 2879 2280 2938 volvo
2328 2878 2639 2959 convolvo,
2697 2880 2866 2938 vinco
2922 2879 3225 2938 convinco.

613 2992 819 3045 contra
858 2987 1054 3047 evenit
1090 2989 1151 3047 in
1191 3005 1256 3047 re
1293 2987 1759 3066 praepositione:
1808 2985 1843 3045 d
1892 2988 2050 3046 enim
2099 2986 2355 3046 litteram
2393 2986 2609 3063 accipit
2655 2985 3044 3064 extrinsecus,
3092 3002 3227 3044 cnm

613 3090 684 3155 ad
724 3091 980 3153 vocalem
1017 3096 1401 3175 incipientem
1440 3091 1603 3153 verbi
1642 3090 1892 3168 alicuius
1929 3095 2207 3173 accessit,
2254 3109 2431 3170 quam
2467 3090 2505 3151 d
2545 3091 2799 3151 litteram
2837 3108 2956 3150 non
2995 3092 3231 3170 accipit,

614 3200 665 3258 si
702 3198 773 3258 ad
821 3199 1139 3282 digamma,
1185 3202 1245 3262 id
1294 3209 1384 3262 est
1421 3220 1455 3259 v
1500 3202 1752 3280 positam
1800 3199 1932 3260 loco
1981 3200 2388 3278 consonantiS,
2435 3198 2703 3279 accedat,
2751 3204 2816 3257 ut
2855 3195 3056 3257 ulcero
3095 3195 3227 3257 red·
3257 3206 3309 3244 2⁵

615 3303 843 3387 ulcero,
891 3326 998 3385 ago
1046 3308 1278 3390 redigo,
1325 3327 1396 3368 eo
1444 3306 1652 3389 redeo,
1699 3325 1843 3367 voco
1891 3325 2132 3386 revoc0,
2177 3308 2348 3366 vinco
2396 3307 2655 3365 revinco.

682 3404 690 3411 ’
792 3413 932 3494 Qui,
979 3417 1031 3474 si
1069 3433 1184 3475 una
1225 3413 1442 3495 syllaba
1486 3422 1601 3494 est,
1648 3432 1756 3492 per
1793 3433 1833 3493 q
1880 3412 2137 3474 litteram
2176 3411 2559 3473 scribendum
2596 3418 2716 3486 est,
2763 3417 2830 3470 nt
2875 3410 2978 3487 qui
3024 3408 3229 3491 homo;

616 3520 665 3577 si
713 3518 889 3599 duae,
945 3539 1053 3599 per
1101 3541 1161 3602 c,
1218 3530 1284 3583 nt
1328 3523 1425 3581 cui
1483 3520 1722 3581 homini.
1799 3520 2112 3600 aliquonde
2171 3538 2278 3600 per
2326 3538 2485 3598 quon
2534 3515 2710 3577 debet
2757 3514 2964 3576 scribi:
3019 3516 3227 3576 divisio

796 3670 824 3716 1
862 3664 1081 3736 Hirrus]
1121 3665 1303 3720 hirrus
1341 3670 1454 3735 (rus
1482 3667 1615 3734 ras.)
1652 3664 1724 3733 B,
1762 3665 1943 3721 hirtus
1980 3667 2146 3720 codex
2172 3665 2471 3720 Romen-sis
2496 3668 2610 3719 243
2720 3662 3006 3732 proprium
3044 3678 3144 3717 om.
3175 3664 3229 3715 A

687 3750 719 3798 2
751 3745 851 3798 ant
877 3760 944 3798 ex
973 3747 1129 3800 motu
1159 3745 1315 3800 uerbi
1343 3749 1408 3802 ut
1435 3762 1501 3802 eo
1529 3746 1585 3800 Β
1622 3749 1723 3801 aut
1750 3763 1817 3800 ex
1847 3748 2045 3800 mutm'i
2083 3746 2120 3800 b
2158 3745 2316 3801 uerbi
2353 3746 2418 3799 ut
2444 3761 2509 3799 eo
2541 3743 2585 3796 Ο
2619 3744 2721 3798 aut
2752 3762 2778 3797 s
2806 3743 2993 3797 mutat
3024 3741 3082 3794 in
3111 3759 3139 3794 r
3165 3744 3232 3796 ut

612 3843 679 3880 eo
718 3827 771 3880 A
879 3825 990 3882 ires
1026 3827 1109 3882 ire
1145 3844 1244 3882 om.
1286 3828 1339 3880 A
1448 3827 1546 3881 iris
1581 3844 1680 3881 om.
1721 3827 1829 3880 BG
1932 3828 2086 3882 artus
2122 3828 2178 3881 B
2288 3832 2319 3880 3
2357 3842 2393 3879 a
2418 3827 2548 3893 post
2573 3843 2601 3877 r
2637 3838 2671 3879 ς
2708 3839 2743 3874 1
2769 3823 2953 3893 postr
2985 3820 3165 3875 ABG

613 3912 644 3959 5
673 3905 853 3976 orsus]
883 3923 1005 3962 ores
1036 3906 1096 3973 0,
1122 3924 1224 3962 om.
1256 3908 1309 3960 A
1420 3914 1452 3962 6
1483 3909 1584 3960 aut
1607 3910 1635 3963 t
1661 3907 1768 3961 hoc
1795 3908 1861 3961 fit
1889 3910 2013 3976 (hoc
2041 3906 2108 3961 fit
2133 3924 2235 3961 om.
2264 3905 2406 3974 AG)
2437 3921 2547 3959 non
2575 3921 2644 3959 ex
2671 3901 3041 3958 declinatione
3070 3900 3229 3955 uerbi

612 4002 741 4040 nam
769 3987 904 4039 tunc
934 3986 987 4042 ei
1015 3988 1169 4055 (tunc
1197 3988 1257 4041 et
1284 3988 1358 4053 A)
1389 3985 1670 4055 aspiratur
1696 3987 1880 4042 ABG
1984 3992 2014 4041 7
2045 3986 2242 4041 hortus
2270 3985 2525 4041 holerum
2566 3983 2879 4040 hortentius
2916 3983 3073 4051 (co-rr.
3105 3981 3231 4036 hor·

612 4066 825 4122 tensius
854 4068 908 4135 b)
938 4068 994 4121 B
1021 4067 1218 4122 hortus
1244 4067 1497 4122 holerum
1528 4067 1743 4122 olerum
1770 4066 2084 4122 hortentius
2104 4067 2157 4119 A
2189 4068 2341 4120 ortus
2369 4068 2526 4133 (corr.
2558 4066 2753 4120 hortus
2781 4065 2830 4131 c)
2861 4061 3072 4117 olerum
3102 4060 3228 4116 hor-

612 4148 797 4205 tentiu
829 4148 875 4202 0
978 4153 1010 4201 8
1047 4148 1319 4202 hordeum
1349 4150 1400 4201 A
1432 4148 1660 4203 ordeum
1690 4148 1802 4202 ΒΟ
1910 4154 1978 4202 10
2020 4149 2107 4202 est
2135 4163 2251 4201 esse
2280 4162 2458 4200 essem
2488 4160 2729 4199 essemus
2751 4142 2799 4197 0
2903 4148 2965 4195 11
2998 4138 3227 4195 hastinu

615 4231 803 4288 om.A:
832 4229 1055 4284 hastula.
1067 4228 1335 4283 Semlerus
1429 4234 1493 4282 12
1516 4229 1573 4299 ο]
1596 4246 1630 4281 ιι
1647 4227 1811 4281 ABG
1887 4229 2020 4297 post
2038 4243 2207 4296 quam
2229 4225 2336 4279 erit
2354 4243 2392 4295 p
2410 4223 2505 4278 uel
2524 4225 2550 4276 t
2567 4223 2622 4276 Β
2639 4226 2803 4292 postq
2820 4244 2833 4287 ;
2852 4222 2961 4277 erit
2976 4238 3014 4290 p
3034 4220 3128 4274 uel
3146 4223 3173 4274 t
3188 4220 3235 4271 G

613 4314 744 4382 post
772 4329 806 4380 q
835 4309 945 4364 erit
972 4327 1009 4379 p
1036 4308 1074 4363 b
1102 4310 1130 4363 t
1157 4310 1211 4361 A
1324 4315 1388 4362 13
1427 4308 1725 4378 Hispania]
1757 4308 1983 4377 hispina
2008 4305 2126 4360 ΒΟ
2231 4311 2296 4358 15
2326 4305 2553 4358 notatur
2580 4302 2759 4356 ABG
2866 4307 2928 4356 17
2960 4302 3025 4355 nt
3051 4299 3230 4353 isdem

615 4391 856 4447 oscitans
883 4390 939 4443 Β
977 4391 1037 4444 et
1061 4388 1212 4443 idem
1240 4388 1553 4443 conscitans
1593 4388 1651 4457 Ο,
1688 4405 1788 4444 om.
1820 4389 1871 4441 A
2040 4393 2105 4441 18
2143 4383 2491 4439 CESELLIO
2528 4384 2584 4437 B
2623 4380 3011 4437 CESSELLIO
3048 4378 3165 4433 AG

616 4478 683 4525 22
713 4471 957 4526 retinent
983 4486 1094 4525 non
1122 4468 1312 4539 perdit
1337 4469 1393 4522 B
1423 4468 1668 4523 retinent
1695 4484 1805 4523 non
1833 4466 2075 4536 perdunt
2102 4466 2155 4519 A
2184 4464 2394 4519 retinet
2419 4480 2529 4517 non
2558 4461 2749 4532 perdit
2778 4462 2826 4516 C
2923 4467 2991 4515 23
3022 4459 3232 4529 accipit

617 4551 958 4606 extrinsecus
995 4550 1051 4604 Β
1088 4549 1430 4605 extrinsecus
1468 4547 1678 4617 accipit
1713 4548 1767 4601 A
1806 4546 2134 4601 extrinsicus
2172 4543 2393 4614 accepit
2431 4542 2478 4597 0
2616 4548 2685 4596 24
2737 4542 2809 4597 nd
2856 4540 3112 4596 uocalem
3147 4538 3227 4593 in-

617 4630 918 4700 cipientem
954 4630 1113 4686 uerbi
1149 4632 1205 4684 B
1243 4629 1317 4685 ad
1350 4628 1546 4683 nocale
1581 4626 1944 4696 incipientem
1980 4626 2078 4680 ubi
2115 4628 2166 4679 A
2206 4625 2280 4680 ad
2316 4624 2569 4679 uocalem
2606 4621 2908 4692 incipiente
2944 4619 3042 4674 ubi
3080 4618 3130 4673 Ο

619 4726 789 4778 quam
827 4710 863 4763 d
901 4709 1150 4764 litteram
1193 4710 1248 4763 B
1286 4724 1395 4778 que
1432 4709 1470 4763 d
1503 4708 1754 4762 litteram
1789 4706 1846 4759 A
1884 4723 2029 4776 qnae
2067 4706 2103 4759 d
2141 4705 2333 4760 littera
2371 4703 2418 4758 G
2544 4708 2610 4756 27
2652 4700 2901 4756 litteram
2937 4717 3035 4753 om.
3075 4700 3132 4755 A

620 4789 811 4860 homo]
853 4790 1052 4845 horum
1088 4789 1196 4843 AC
1353 4795 1422 4843 28
1458 4786 1759 4856 aliquonde
1795 4785 2122 4854 (aliquando
2159 4801 2296 4839 corr.
2335 4781 2637 4852 aliquonde
2677 4780 2751 4851 Ο)
2796 4797 2899 4850 per
2933 4795 3082 4849 quon
3119 4778 3235 4835 BG

619 4868 924 4937 aliqnando
961 4886 1061 4937 per
1092 4887 1129 4938 q
1167 4870 1220 4923 A
1258 4867 1559 4937 aliquunde
1596 4882 1695 4935 per
1731 4884 1883 4935 quun
1917 4881 1951 4922 ς
