3613 5528
564 395 693 459 104
1760 397 1978 453 CAPRI

560 507 605 543 p.
635 496 755 537 2245.
781 496 834 537 46
861 496 911 535 P.

743 579 1113 662 NongentoS,
1170 599 1288 642 non
1342 590 1670 643 noncentos
1717 581 2033 644 dicendum
2082 592 2175 644 est
2220 583 2293 644 ab
2340 603 2581 667 novem,
2635 587 2942 667 nonagieS,
2999 603 3176 646 nona-

562 688 750 770 ginta,
796 706 914 748 non
962 697 1308 749 nonacenta.

883 793 1200 873 Castigavit
1249 793 1401 873 [me]
1454 799 1540 857 uti
1585 797 1774 879 dicaS,
1822 817 1941 859 non
1990 801 2283 879 corripuit
2319 818 2428 859 me.

739 901 848 962 Hic
904 901 1096 963 lanius
1155 920 1368 962 nomen
1429 910 1547 984 est,
1604 903 1850 966 verbum
1909 914 2107 966 autem
2163 904 2317 966 lanio
2374 905 2557 966 lanias
2614 904 2808 965 laniat.
2900 906 3179 966 dixerunt
3259 914 3284 935 ¹·

565 1017 759 1070 tamen
806 1017 1039 1069 veteres
1087 1015 1147 1069 et
1191 1008 1347 1069 lanio
1395 1013 1457 1070 in
1505 1013 1759 1072 nomine.
3204 1027 3231 1066 5

740 1116 955 1176 Rostra
1014 1136 1179 1196 voca,
1236 1134 1356 1177 non
1414 1129 1737 1196 prorostra.
1829 1137 1962 1179 nam
2021 1114 2165 1199 ‘pro
2212 1115 2456 1181 rostris'
2505 1119 2660 1198 quod
2708 1118 2962 1179 dicimus
3010 1113 3177 1179 ‘ante

567 1217 793 1282 rostra'
844 1224 1160 1303 significat,
1217 1232 1283 1283 ut
1330 1218 1347 1246 ‘
1360 1241 1469 1302 pro
1531 1220 1770 1286 muris'.
1856 1228 1941 1285 sic
1989 1235 2193 1286 errant
2241 1230 2342 1305 qui
2388 1229 2700 1307 proscenia
2746 1225 3043 1305 appellant
3091 1224 3178 1302 [id

565 1338 656 1389 est
704 1326 969 1405 scenam]
1018 1346 1326 1407 operosam
1376 1329 1656 1390 fabricam
1704 1351 1775 1391 ex
1824 1332 2069 1393 adverso
2119 1351 2347 1415 caveae,
2399 1351 2548 1413 quae
2597 1334 2751 1413 apud
2799 1333 3057 1393 Graecos
3104 1331 3176 1391 de

566 1436 774 1496 l'ronde
835 1444 1080 1496 ornatus
1142 1434 1503 1514 umbraeque
1570 1456 1747 1497 causa
1806 1438 1985 1499 fiebat
2043 1447 2105 1499 et
2164 1439 2236 1500 ab
2294 1438 2528 1520 umbra,
2589 1458 2766 1519 quam
2825 1437 3179 1519 praestabat,

566 1561 742 1602 scena
798 1541 1125 1603 dicebatur.
1219 1543 1373 1603 unde
1431 1547 1741 1622 proscenia
1798 1547 2024 1606 rectius
2080 1547 2305 1626 pulpita
2363 1565 2512 1626 quae
2570 1556 2706 1609 ante
2754 1564 2990 1607 scenam
3039 1554 3180 1605 sunt
3209 1562 3261 1600 ιο

565 1649 1046 1730 appellabuntur,
1095 1659 1160 1710 ut
1207 1644 1527 1710 ‘veteres
1574 1652 1830 1713 ineunt
1874 1656 2259 1732 proscenia
2306 1649 2511 1714 ludi’.

750 1755 1002 1817 inversis
1050 1759 1229 1823 armis
1274 1775 1571 1836 pugnasse
1610 1758 1966 1838 gladiatores
2005 1777 2123 1820 non
2163 1769 2255 1821 est
2292 1759 2627 1842 dicendum,
2673 1761 2776 1821 sed
2817 1763 3021 1841 versiS,
3070 1760 3180 1819 hoc

568 1873 660 1921 est
706 1867 1142 1945 transmutatis3
1188 1866 1274 1924 sic
1322 1883 1433 1925 nec
1478 1867 1731 1926 inversis
1777 1869 1989 1946 pannis
2038 1868 2289 1945 agitasse
2338 1868 2599 1947 aurigas»,
2646 1867 2749 1927 sed
2798 1868 3001 1926 versiS.

745 1965 1060 2031 ‘Balneae'
1131 1971 1225 2031 dic
1286 1965 1573 2053 ‘lavant',
1639 1990 1757 2032 non
1823 1971 2108 2034 lavantur.
2209 1973 2279 2033 ad
2347 1972 2617 2033 homines
2683 1983 2939 2052 utroque
3003 1971 3179 2034 modo

564 2087 761 2157 potest
807 2079 940 2139 dici.
3207 2096 3260 2136 15

888 2185 1215 2266 Quadrigas
1263 2190 1446 2267 trigas
1496 2185 1661 2267 bigas
1707 2186 2018 2267 pluraliter
2067 2188 2239 2268 effer,

885 2300 1191 2353 antemnas
1238 2313 1476 2374 quoque
1525 2312 1642 2354 non
1691 2293 1861 2354 aliter
1913 2292 2002 2372 [a]
2051 2296 2266 2374 priscis
2314 2306 2666 2356 memoratas

570 2396 714 2475 [nisi
760 2398 971 2477 plurali
1020 2399 1315 2478 numero}
3139 2473 3154 2481 ,

745 2505 963 2566 Carcer
1010 2506 1318 2568 masculini
1364 2510 1602 2587 generis
1649 2526 1886 2587 semper
1933 2509 2314 2588 singulariter
2362 2509 2600 2591 dicitur,
2648 2512 2707 2570 in
2757 2528 2874 2588 quo
2913 2508 3184 2569 homines

570 2622 953 2695 coercentur,
998 2613 1308 2693 pluraliter
1352 2633 1495 2675 vero
1543 2633 1845 2697 carcereS,
1891 2615 2048 2677 unde
2097 2634 2313 2676 currus
2362 2615 2765 2677 effunduntur.
3211 2633 3265 2671 20

748 2719 1135 2802 participium
1184 2740 1215 2782 a
1262 2723 1500 2783 nomine
1548 2720 1864 2801 tripliciter
1909 2721 2288 2804 discernitur,
2336 2724 2804 2804 comparatione,
2862 2716 2872 2803 Ι
2919 2719 3182 2783 ‘declina-

569 2830 757 2910 tione,
805 2830 1249 2908 significatione.

751 3010 775 3056 1
818 3002 1147 3073 Nongentos
1175 3018 1283 3057 non
1316 3002 1625 3057 nuncentos
1658 3001 1958 3056 dicendum
1988 3005 2075 3057 est
2103 3003 2176 3057 ab
2204 3019 2404 3076 nouem
2437 3002 2703 3072 nonagies
2741 3001 3048 3072 nonaginta
3073 3016 3184 3055 non

571 3084 884 3137 nonacenta
909 3082 1181 3152 nongenti
1207 3099 1318 3137 non
1343 3081 1643 3137 nonacenti
1675 3083 1748 3135 M
1786 3082 1840 3135 N
1842 3085 2115 3151 ongentos
2156 3099 2267 3137 non
2297 3087 2430 3149 (non
2459 3098 2559 3136 om.
2588 3082 2664 3151 Β)
2695 3084 2999 3137 noncentos
3028 3081 3185 3150 (non-

572 3164 770 3231 gentos
800 3178 936 3217 corr.
965 3165 1270 3218 noncentos
1302 3161 1371 3231 0)
1410 3164 1482 3216 ab
1519 3178 1721 3217 nouem
1749 3162 2021 3232 nonagies
2049 3162 2318 3231 nongenti
2346 3160 2655 3231 nonaginta
2680 3161 2819 3227 BG,
2857 3162 3184 3230 nongentos,

569 3260 678 3297 non
715 3245 1031 3313 nungentos
1070 3243 1143 3298 ab
1179 3259 1379 3298 novem
1417 3245 1590 3300 Beda.
1620 3262 1682 3314 p.
1712 3249 1867 3298 2793
2010 3249 2041 3296 3
2082 3259 2170 3295 me
2201 3243 2393 3310 priore
2429 3243 2543 3296 loco
2581 3258 2680 3296 om.
2723 3239 2771 3295 G
2909 3247 2942 3295 4
2979 3239 3182 3310 lanias]

569 3322 749 3377 lanius
787 3323 842 3376 Β
987 3328 1019 3377 5
1059 3326 1275 3377 veteres
1313 3341 1415 3377 om.
1452 3324 1569 3378 BG
1689 3329 1721 3378 6
1760 3323 1966 3377 Rostra
2000 3338 2143 3376 noca
2179 3338 2288 3376 non
2326 3338 2427 3392 pro
2464 3324 2645 3378 rostra
2682 3339 2812 3376 nam
2849 3337 2951 3390 pro
2987 3318 3184 3375 rostris

569 3473 712 3523 quae
750 3456 987 3510 dicimus
1027 3458 1102 3511 M
1136 3459 1339 3512 Rostra
1375 3405 1690 3511 suntmlilufm
1727 3471 1830 3525 pro
1866 3454 2066 3510 rostris
2099 3456 2249 3524 qnod
2287 3455 2524 3510 dicimus
2559 3455 2615 3509 B
2666 3457 2846 3509 rostra
2881 3457 3010 3509 sunt
3054 3470 3184 3508 nam

574 3553 674 3604 pro
711 3535 910 3591 rostris
949 3536 1098 3603 quod
1137 3534 1374 3590 dicimus
1413 3535 1460 3590 Ο
1600 3543 1630 3591 7
1671 3535 1750 3589 sic
1779 3538 1970 3590 errant
2005 3534 2104 3604 qui
2139 3536 2468 3606 proscaenia
2495 3535 2787 3606 appellant
2823 3534 3002 3605 ipsam
3033 3551 3185 3588 scae-

571 3632 720 3670 nam.
776 3631 905 3669 nam
937 3630 1108 3684 opera
1142 3613 1420 3670 fabricata
1449 3617 1812 3672 exadversum
1842 3631 2046 3669 caveae
2078 3633 2220 3685 quae
2249 3617 2399 3686 apud
2429 3617 2668 3671 Graecos
2698 3615 2767 3668 de
2803 3615 2997 3669 fronde
3028 3630 3183 3668 orna—

573 3700 665 3753 tus
694 3696 1036 3763 umbraeque
1065 3710 1231 3749 causa
1258 3695 1491 3764 fiebant,
1529 3715 1731 3751 scaena
1760 3696 2103 3751 dicebantur.
2161 3697 2306 3750 unde
2334 3695 2543 3751 rectius
2571 3693 2818 3766 pulpita,
2857 3711 2956 3765 pro
2986 3700 3188 3748 scaena

574 3793 719 3846 quae
766 3776 924 3840 sunt,
968 3774 1297 3843 proscaenia
1333 3778 1766 3847 appellabuntur
1814 3776 2081 3830 Usener-us
2117 3792 2252 3829 mus.
2300 3775 2473 3831 Rhen.
2525 3794 2575 3831 v.
2627 3775 2859 3830 XXIV
2888 3778 2965 3838 (a.
3014 3777 3188 3839 1869)

568 3874 628 3926 p.
658 3862 734 3912 96
875 3855 970 3922 qui
1000 3871 1099 3909 om.
1132 3855 1228 3920 M,
1258 3858 1384 3910 add.
1416 3856 1533 3911 ΒΟ
1663 3855 1998 3929 proschenia
2024 3855 2078 3908 Β
2221 3863 2253 3909 8
2281 3855 2552 3909 fabricam
2587 3858 2661 3910 M
2671 3856 2718 3910 C
2740 3855 3019 3910 fabricant
3044 3854 3186 3921 Bcp

718 3955 784 3992 ex
822 3934 1082 4005 adverso]
1132 3938 1189 3989 et
1244 3936 1515 3994 aduersae
1559 3941 1691 3994 ΜΒ
1707 3939 1793 4006 Cp
1942 3943 1973 3990 9
2023 3938 2250 3990 ornatus
2288 3936 2631 4006 umbraeque
2668 3952 2837 3991 causa
2882 3934 3094 3988 fiebant
3130 3935 3189 3986 et

573 4019 644 4072 ab
692 4017 889 4071 umbra
935 4032 1105 4084 quam
1151 4019 1481 4085 prestabant
1527 4037 1689 4074 scene
1736 4018 2064 4073 dicebantur
2113 4016 2186 4068 M
2230 4021 2497 4072 ornantur
2542 4018 2772 4072 umbrae
2818 4031 2961 4085 qnae
3015 4029 3187 4067 cauae

572 4098 781 4153 fiebant
818 4112 983 4150 scena
1020 4097 1240 4165 (scenae
1277 4097 1348 4168 Ο)
1385 4100 1715 4154 dicebantur
1749 4098 1866 4152 BC
1899 4099 2167 4151 ornantur
2203 4096 2542 4165 umbraeque
2571 4113 2739 4151 causa
2772 4095 2985 4150 fiebant
3023 4108 3189 4147 scena

571 4176 903 4231 dicebantur
932 4192 974 4243 p
1114 4182 1179 4231 10
1221 4178 1367 4233 unde
1396 4180 1600 4234 rectius
1636 4179 1859 4249 pulpita
1895 4177 2186 4247 proscenia
2213 4192 2356 4243 quae
2385 4179 2515 4231 ante
2545 4192 2766 4231 scenam
2797 4175 3082 4245 (schenam
3111 4173 3187 4239 Β)

572 4257 703 4312 sunt
738 4254 1171 4326 appellabantur
1209 4259 1598 4327 (appellabant
1638 4260 1730 4327 M)
1771 4258 1844 4311 M
1853 4256 1968 4309 BG
2010 4255 2154 4309 unde
2192 4255 2396 4309 rectius
2442 4255 2664 4325 pulpita
2710 4252 3005 4323 proscenia
3042 4267 3186 4321 quae

572 4342 703 4393 ante
732 4354 957 4392 scenam
985 4338 1116 4389 sunt
1142 4338 1433 4406 proscenia
1461 4338 1892 4408 appellabantur
1916 4354 1955 4404 p
2085 4341 2146 4388 11
2187 4335 2431 4403 veteres]
2475 4334 2630 4403 Very.
2667 4350 2843 4404 qeory.
2873 4334 2969 4389 ,ΙΙ
3005 4337 3110 4386 381

576 4424 640 4472 12
671 4420 758 4473 est
784 4433 885 4471 om.
918 4416 965 4471 G
1091 4417 1186 4471 sed
1223 4419 1398 4472 uersis
1434 4435 1712 4488 pugnasse
1741 4418 1850 4471 hoc
1886 4415 1965 4482 (id
1996 4414 2060 4484 C)
2099 4415 2184 4468 est
2220 4414 2606 4468 transmutatis
2632 4413 2750 4467 Bo
2858 4419 2921 4467 13
2953 4412 3031 4466 sic
3057 4411 3184 4481 nec]

574 4498 674 4553 sed
711 4513 812 4552 nec
849 4497 905 4549 Β
1035 4503 1102 4551 14
1140 4498 1351 4551 Balnea
1377 4498 1489 4551 Bc·
1613 4500 1674 4551 at
1710 4497 1780 4552 ad
1820 4494 2073 4549 homines
2111 4494 2227 4548 ΒΟ
2349 4501 2416 4549 16
2457 4493 2772 4563 Quadrigas
2808 4491 2970 4562 bigas
3009 4489 3185 4558 trigas

572 4631 863 4701 pluraliter
897 4630 954 4684 Β
1081 4630 1386 4685 efferuntur
1414 4632 1707 4685 antemnas
1745 4630 1842 4683 Bc
1877 4629 2181 4684 eserentem
2210 4644 2309 4682 nas
2349 4628 2396 4681 G
2521 4634 2584 4682 17
2624 4573 3187 4697 aliter⁸pris⁰¹i⁸nemm

573 4715 726 4765 ratas
766 4710 813 4764 C
939 4717 1002 4764 18
1044 4708 1174 4779 nisi]
1216 4724 1385 4778 quam
1412 4710 1487 4780 B,
1523 4727 1623 4764 om.
1658 4708 1705 4763 G
1833 4716 1897 4763 19
1936 4710 2136 4764 Carcer
2172 4727 2391 4779 semper
2419 4708 2714 4763 masculini
2751 4706 2969 4776 generis
2999 4706 3185 4775 singu-

577 4791 770 4844 lariter
799 4790 1004 4844 dicitur
1030 4790 1084 4842 Β
1103 4789 1149 4842 G
1271 4795 1336 4842 21
1376 4787 1741 4859 Participium
1770 4788 2069 4859 tripliciter
2098 4806 2133 4844 a
2161 4790 2385 4850 nomine
2415 4788 2751 4844 discernitur
2782 4786 3186 4859 significatione

578 4870 949 4926 declinatione
988 4867 1383 4940 conparatione
1423 4867 1471 4924 Ο
1484 4937 1488 4941 ¹
