3613 5528
580 380 706 445 152
1651 375 2112 433 CASSIODORII

574 493 618 530 p.
647 482 766 523 2285.
794 482 846 522 ss
873 481 923 521 P.

578 565 850 628 escendo.
931 562 1146 625 alicubi
1204 569 1400 624 tamen
1450 570 1622 624 sonat
1675 568 1738 623 et
1798 560 1877 622 ob
1941 560 2054 622 hoc
2099 563 2437 625 necessario
2485 559 2795 643 scribitur,
2856 568 2926 622 ut
2979 560 3184 622 exsilio

578 674 828 735 exsicc0.
901 673 1100 749 itaque
1149 668 1252 731 ubi
1300 672 1595 751 sonuerit,
1640 668 1723 730 ibi
1768 686 2079 749 ponemus

753 777 999 838 Tamtus
1046 784 1107 839 et
1161 784 1439 855 quamtus
1493 778 1556 837 in
1603 774 1797 836 medio
1845 793 1904 835 m
1957 772 2178 835 habere
2225 773 2461 835 debent.
2536 793 2711 854 quam
2757 778 2916 837 enim
2964 783 3025 838 et
3071 784 3189 837 tam

577 893 696 968 est,
753 884 909 947 unde
958 885 1275 963 quamtitas
1321 891 1600 964 quamtus
1653 890 1893 944 tamtus,
1977 899 2087 943 nec
2146 880 2431 961 quosdam
2487 888 2746 964 moveat,
2791 883 2842 943 si
2898 901 2937 942 n
2995 890 3190 944 sonat:

580 995 695 1053 iam
735 993 892 1052 enim
930 1007 1110 1070 supra
1147 988 1323 1050 docui
1364 1010 1403 1054 n
1442 1009 1654 1052 sonare
1692 988 1941 1069 debere,
1979 990 2214 1050 tametsi
2250 990 2312 1049 in
2360 990 2655 1091 scriptura
2691 1006 2750 1048 m
2797 989 3057 1068 positum
3095 990 3189 1049 sit.
3217 1003 3245 1045 5

754 1097 1042 1159 Exsilium
1091 1114 1228 1157 cum
1276 1114 1331 1158 s:
1379 1114 1451 1158 ex
1498 1095 1623 1157 solo
1672 1097 1831 1156 enim
1876 1097 1966 1155 ire
2014 1103 2131 1177 est,
2188 1097 2356 1174 quasi
2403 1094 2719 1176 exsolium,
2776 1094 2933 1173 quod
2981 1094 3192 1156 Graeci

578 1197 934 1287 ἐξορισμόν
982 1203 1216 1265 dicunt:
1262 1205 1491 1283 antiqui
1538 1201 1768 1263 exsoles
1816 1200 2109 1262 dicebant.

755 1312 807 1372 H
855 1313 1011 1372 sicut
1056 1312 1116 1371 in
1166 1313 1511 1389 quaestione
1560 1317 1670 1392 est,
1714 1307 1912 1370 littera
1959 1310 2038 1369 sit
2082 1327 2300 1391 necne,
2357 1311 2442 1370 sic
2489 1316 2812 1387 numquam
2859 1308 3188 1371 dubitatum

581 1428 672 1481 est
719 1418 981 1480 secundo
1027 1417 1157 1478 loco
1206 1436 1238 1479 a
1287 1436 1662 1498 quacumque
1710 1424 2075 1478 consonante
2122 1418 2263 1497 poni
2308 1416 2553 1498 debere3
2600 1417 2756 1495 quod
2806 1415 2968 1477 solus
3007 1416 3189 1476 Varro

577 1527 821 1588 dubitat.
896 1524 1020 1585 vult
1063 1526 1219 1586 enim
1267 1527 1617 1586 auctoritate
1675 1541 1783 1585 sua
1835 1524 2073 1584 efficere
2122 1531 2190 1584 ut
2241 1523 2281 1583 h
2335 1526 2504 1604 prius
2559 1507 2814 1603 ponatur
2861 1540 2929 1583 ea
2974 1521 3188 1604 littera,
3219 1546 3271 1584 ιο

577 1635 676 1694 cui
731 1631 1188 1712 adspirationem
1244 1631 1502 1707 confert,
1558 1639 1618 1691 et
1674 1638 1837 1691 tanto
1883 1632 2069 1710 magis
2123 1630 2238 1691 hoc
2295 1638 2542 1711 temptat
2600 1629 2987 1710 persuadere,
3034 1627 3190 1708 quod

580 1737 879 1799 vocalibus
926 1754 1164 1816 quoque
1212 1735 1357 1797 dicit
1401 1738 1708 1818 anteponi,
1755 1745 1824 1798 ut
1868 1736 2044 1797 heres
2089 1736 2311 1799 hircus.
2387 1738 2492 1799 sed
2539 1735 2862 1798 Varronem
2907 1737 3193 1816 praeterit

579 1852 1003 1906 consonantem
1066 1843 1199 1905 ideo
1249 1844 1510 1906 secundo
1568 1843 1696 1905 loco
1744 1843 1783 1903 h
1841 1844 2143 1925 recipere,
2200 1844 2357 1924 quod
2405 1862 2522 1905 non
2570 1844 2761 1923 possit
2805 1848 2938 1902 ante
2985 1861 3051 1903 se
3095 1842 3193 1902 ad-

580 1953 962 2033 spirationem
1020 1953 1134 2012 nisi
1191 1951 1407 2013 vocalis
1463 1951 1699 2012 habere.
1781 1953 1981 2030 itaque
2029 1958 2090 2011 et
2135 1959 2270 2012 ante
2318 1960 2377 2013 et
2421 1957 2560 2031 post
2602 1949 2643 2010 h
2690 1949 2885 2010 littera
2932 1950 3191 2010 cuicum·

580 2077 696 2138 que
751 2057 936 2118 vocali
1005 2057 1387 2140 adiungatur,
1455 2057 1629 2137 [non]
1690 2056 1939 2118 sonabit.
2023 2055 2168 2117 haec
2224 2060 2383 2118 enim
2439 2066 2648 2119 natura
2705 2056 2993 2118 vocalium
3034 2056 3045 2132 Ι
3086 2064 3194 2137 est,
3226 2081 3277 2120 15

579 2173 647 2226 ut
692 2172 828 2225 ante
876 2181 941 2225 se
987 2173 1091 2226 aut
1134 2173 1272 2244 post
1316 2184 1380 2227 se
1426 2165 1467 2226 h
1514 2164 1747 2226 litterae
1793 2164 2264 2225 enuntiationem
2301 2183 2421 2227 non
2467 2164 2807 2246 impediant.
2884 2172 3194 2245 praeterea

758 2358 791 2407 3
829 2353 1064 2409 Tamtus
1105 2352 1324 2409 Caesell.
1361 2359 1512 2410 2314
1657 2360 1690 2409 6
1727 2351 2002 2408 Exsilium
2042 2351 2261 2409 Caesell.
2299 2358 2450 2410 2314

762 2527 788 2575 1
836 2522 1039 2577 tamen·
1075 2524 1240 2577 sonat
1283 2522 1338 2576 Β
1384 2523 1548 2577 sonat
1590 2523 1782 2578 tamen
1819 2521 1874 2576 A
1912 2523 2075 2578 sonet
2108 2522 2299 2578 tamen
2351 2522 2400 2577 C
2537 2527 2596 2579 et
2630 2523 2702 2578 ab
2738 2524 2846 2579 hoc
2881 2521 2998 2577 AC
3135 2525 3200 2577 ut

582 2606 710 2657 ante
747 2599 943 2656 exsilio
984 2618 1086 2657 om.
1125 2601 1304 2656 ABC
1451 2608 1483 2656 2
1521 2601 1602 2657 ibi
1637 2618 1910 2671 ponemus
1948 2601 1996 2656 C
2026 2602 2159 2661 Par.
2197 2620 2230 2662 3
2267 2605 2362 2659 ubi
2398 2620 2672 2673 ponemus
2710 2602 2829 2657 AB
2980 2608 3016 2657 4
3052 2603 3197 2658 unde

584 2680 867 2751 quantitas
904 2684 1146 2751 quantus
1182 2683 1374 2736 tantus
1410 2680 1465 2734 Β
1640 2681 1687 2735 si
1724 2682 1777 2735 N
1817 2681 1980 2735 sonat
2014 2680 2069 2734 Β
2108 2681 2156 2736 si
2192 2699 2304 2737 non
2340 2686 2504 2739 sonat
2539 2683 2673 2751 AC,
2713 2684 2761 2739 si
2795 2681 2854 2738 M
2890 2700 3001 2738 non
3038 2683 3201 2738 sonat

587 2759 783 2817 Carrio
928 2768 960 2816 5
1004 2762 1119 2817 iam
1157 2759 1305 2816 enim
1343 2760 1536 2833 supra]
1571 2778 1628 2831 p.
1667 2766 1793 2828 147,
1822 2766 1914 2828 24,
1960 2762 2059 2817 ubi
2098 2761 2480 2820 Cassiodorius
2523 2768 2763 2821 mni-sisse
2809 2766 3026 2819 videtur
3061 2781 3199 2833 qaae

587 2841 863 2897 Cornutus
908 2843 975 2897 de
1009 2860 1066 2895 m
1113 2841 1298 2896 littera
1342 2846 1468 2895 ante
1512 2846 1868 2896 consonantes
1911 2843 1994 2896 vel
2037 2844 2315 2912 diyamma
2348 2860 2543 2900 sonum
2580 2863 2616 2899 n
2663 2846 2875 2900 litterae
2910 2845 3201 2913 praebente

582 2924 902 2991 scripserat,
947 2938 1088 2991 quae
1130 2921 1230 2975 hoc
1273 2925 1494 2975 auctore
1528 2920 1758 2988 repetita
1793 2926 1922 2974 sunt
1969 2922 2031 2975 in
2071 2927 2336 2993 exc-emtis
2375 2923 2604 2979 Caecilii
2650 2924 2902 2981 Vindicis
2933 2941 2993 2994 p.
3029 2928 3198 2980 2317.

586 3003 763 3058 eodem
790 3003 1071 3071 pertinent
1106 3005 1359 3070 exscerpta
1397 2999 1647 3054 Caesellii
1673 3017 1735 3069 p.
1772 3003 1922 3056 2314
1960 3002 2043 3058 ita
2079 2999 2229 3059 enim
2261 3020 2431 3073 supra
2466 3003 2633 3060 docui
2668 3023 2705 3058 n
2744 3020 2940 3059 sonare
2978 3003 3196 3069 debere,

586 3082 812 3137 tametsi
849 3082 909 3136 in
946 3079 1225 3149 scriptura
1260 3097 1317 3132 m
1354 3078 1600 3149 positum
1640 3079 1717 3134 sit
1885 3081 1941 3135 in
1979 3082 2163 3152 prima
2198 3084 2474 3154 scriptura
2509 3102 2567 3139 m
2602 3084 2858 3154 positura
2893 3081 2970 3138 sit
3002 3082 3059 3136 Β

586 3168 617 3217 6
654 3160 901 3217 Exilium
937 3161 1055 3216 AC
1203 3179 1330 3217 cum
1367 3179 1393 3215 s
1431 3177 1498 3215 ex
1538 3158 1684 3230 solo]
1725 3177 1851 3214 cum
1888 3163 2002 3217 sint
2038 3180 2105 3218 ex
2141 3166 2259 3221 sole
2299 3164 2348 3220 C
2503 3164 2662 3234 quasi
2700 3162 2969 3219 exsolium
3004 3162 3122 3217 AC
3152 3168 3202 3218 et

585 3243 751 3298 codex
776 3241 1076 3298 Bernensis
1102 3245 1216 3299 243
1219 3282 1385 3307 .....
1415 3257 1482 3294 ex
1511 3240 1715 3295 solium
1741 3241 1817 3311 Β,
1846 3258 1983 3298 corr.
2016 3245 2176 3312 quasi
2204 3249 2362 3302 extra
2390 3247 2571 3302 solum
2599 3248 2631 3302 b
2731 3243 2881 3314 quod
2913 3258 2947 3301 3
2975 3260 3119 3312 quae
3147 3242 3202 3295 Β

584 3328 692 3391 que
720 3323 776 3377 A
805 3328 919 3392 qua
949 3321 996 3376 C
1101 3328 1130 3376 ’1
1169 3321 1516 3376 ΖΟΡΙΕΜΟΝ
1549 3317 1732 3374 ABC
1826 3327 1858 3377 8
1888 3322 1940 3375 H
1969 3323 2116 3378 sicut
2140 3326 2198 3380 in
2226 3325 2555 3395 quaestione
2581 3325 2775 3382 littera
2802 3325 2878 3381 sit
2904 3342 3078 3380 necne
3108 3323 3200 3391 sit,

586 3418 892 3470 numquam
929 3400 1249 3455 dubitatum
1287 3401 1403 3470 est,
1439 3416 1503 3454 ac
1541 3399 1783 3454 secundo
1821 3401 1945 3456 loco
1976 3419 2102 3457 cum
2132 3407 2465 3463 consonanti
2499 3408 2635 3478 poni
2663 3406 2865 3463 debere
2902 3421 2936 3464 3
2972 3405 3024 3458 H
3061 3403 3204 3460 sicut

585 3483 643 3538 in
692 3481 1020 3551 quaestione
1059 3484 1143 3536 est
1177 3479 1372 3535 littera
1407 3479 1497 3547 sit,
1535 3495 1737 3536 necne:
1784 3481 1870 3536 ita
1905 3501 2211 3554 numquam
2249 3486 2619 3543 dubitandum
2656 3488 2759 3554 est,
2800 3483 3041 3540 secundo
3077 3483 3201 3537 loco

586 3580 621 3617 a
651 3577 999 3631 quacumque
1029 3558 1358 3615 consonanti
1384 3557 1513 3627 poni
1547 3558 1749 3616 debere
1782 3561 1978 3616 Carrio
2085 3563 2162 3635 H]
2191 3565 2282 3621 Na
2313 3566 2360 3620 C
2465 3567 2544 3622 sic
2570 3583 2855 3636 nunquam
2887 3562 3202 3629 Putschius,

585 3643 659 3698 sit
686 3659 992 3711 numquam
1020 3639 1200 3695 ΑΒΘ
1303 3638 1625 3695 dubitatum
1654 3643 1742 3697 est
1767 3642 1823 3695 A
1852 3642 2225 3700 dubitandum
2252 3647 2338 3701 est
2367 3645 2414 3700 C
2436 3646 2755 3702 dubitatum
2779 3646 2866 3699 est
2892 3659 2959 3698 ac
2976 3642 3031 3696 Β
3050 3642 3203 3708 Par„

584 3724 731 3778 unde
757 3720 1078 3776 dubitatum
1107 3723 1193 3776 est
1219 3738 1291 3776 an
1320 3721 1562 3776 secundo
1590 3720 1715 3778 loco
1744 3753 1811 3763 —
1840 3723 1974 3792 poni
2003 3724 2232 3780 deberet
2255 3727 2479 3794 scripsit
2517 3725 2920 3781 Wflmannsius
2946 3724 3011 3777 de
3039 3722 3201 3777 Varr.

586 3802 709 3857 libr.
738 3818 965 3871 qramm.
989 3806 1171 3871 p.181
1283 3808 1316 3857 9
1345 3800 1497 3870 quod
1525 3801 1679 3856 solus
1707 3818 1740 3860 3
1759 3803 1911 3870 Par„
1942 3805 2077 3875 quia
2104 3805 2254 3861 solus
2280 3805 2335 3859 Β
2364 3822 2531 3874 quam
2560 3806 2710 3861 solus
2737 3805 2792 3860 A
2812 3804 2860 3858 C
2965 3809 3027 3857 11
3060 3819 3203 3872 quae

586 3882 1027 3954 adspirationem
1063 3881 1280 3937 confert
1313 3882 1368 3937 A
1415 3898 1558 3951 quae
1605 3882 2050 3954 adspirationem
2097 3884 2345 3940 conferet
2380 3887 2540 3953 (corr.
2579 3884 2857 3940 conferret
2892 3884 2941 3951 c)
2982 3881 3029 3937 0
3059 3899 3202 3953 quae

586 3962 1025 4034 adspirationem
1055 3962 1305 4019 conferet
1330 3962 1402 4030 Β,
1432 3978 1574 4032 quae
1603 3964 1676 4019 ad
1702 3964 2144 4033 adspirationem
2173 3965 2387 4020 confert
2410 3965 2563 4035 Pan,
2591 3979 2735 4034 quae
2764 3962 3203 4034 adspirationem

589 4044 890 4102 conferat3
919 4041 1010 4096 cui
1037 4041 1469 4112 adspirationem
1501 4043 1754 4100 conferat
1776 4044 2194 4102 Wilmannsius.
2232 4062 2309 4100 an
2335 4043 2408 4098 ad
2436 4062 2608 4113 quam
2636 4042 3075 4113 adspirationem
3104 4046 3202 4101 ad-

588 4124 731 4179 fert?
849 4122 1183 4192 persuadere
1215 4122 1428 4191 Carrio,
1458 4123 1693 4179 suadere
1720 4124 1842 4179 AB
1856 4123 1943 4183 C3
2060 4125 2233 4197 quod]
2263 4140 2407 4193 quae
2437 4140 2574 4180 corr.
2606 4122 2752 4192 quod
2782 4122 2837 4176 Β
2866 4140 2903 4193 q
2929 4126 2984 4179 A
3023 4143 3131 4200 que
3163 4125 3211 4181 C

589 4207 654 4258 ut
690 4203 822 4258 Par.
853 4218 886 4260 3
1001 4208 1066 4257 12
1107 4204 1258 4260 dicat
1294 4203 1622 4260 ABCPar.
1644 4220 1678 4263 3
1785 4206 1851 4258 ut
1886 4211 2013 4261 ante
2048 4206 2209 4262 heres
2244 4224 2346 4262 om.
2385 4205 2503 4261 AC
2609 4212 2671 4259 13
2709 4204 2843 4274 quia
2879 4220 2992 4260 non
3027 4206 3208 4276 possit

589 4285 720 4340 ante
749 4300 808 4338 se
837 4281 1277 4352 adspirationem
1307 4284 1417 4339 nisi
1453 4284 1663 4340 uocalis
1698 4285 1905 4340 habere
1937 4286 2014 4341 W
2009 4288 2356 4354 amana-sius,
2396 4287 2545 4355 quod
2584 4284 2739 4355 (quia
2763 4285 2819 4341 Β
2844 4284 2979 4341 Par.
3001 4287 3056 4356 3)
3094 4303 3204 4342 non

588 4366 769 4437 possit
804 4367 936 4419 ante
973 4364 1411 4435 adspirationem
1446 4364 1555 4419 nisi
1592 4364 1817 4421 uocales
1852 4364 2061 4421 habere
2097 4367 2279 4422 ABC
2295 4367 2431 4422 Par.
2453 4380 2486 4425 ς
2651 4371 2719 4419 14
2767 4366 2899 4435 post
2946 4364 2996 4419 si
3030 4365 3069 4418 h
3109 4365 3207 4435 (ha

590 4463 726 4502 corr.
747 4446 786 4499 h
809 4443 878 4509 C)
897 4443 1147 4499 litteram
1166 4446 1221 4499 A
1235 4444 1283 4500 C
1377 4443 1705 4515 cuicumque
1724 4445 1829 4500 tali
1849 4445 2188 4518 adiungatur
2206 4464 2317 4502 non
2337 4450 2471 4516 (non
2489 4463 2590 4503 om.
2611 4446 2686 4513 A)
2706 4443 2932 4501 sonabit
2948 4447 3133 4516 <sonat
3151 4449 3205 4514 3)

590 4528 772 4584 ABC
787 4527 918 4582 Par.
935 4541 987 4596 3,
1013 4525 1341 4597 cuicumque
1360 4524 1542 4580 uocali
1564 4525 1920 4595 adiungatur,
1950 4527 2278 4582 consonabit
2307 4526 2710 4582 Wilmannsius
2727 4530 2947 4581 auctore
2974 4525 3206 4581 Usenero

667 4614 732 4664 16
761 4608 826 4662 ut
851 4608 982 4662 ante
1011 4621 1072 4661 se
1100 4607 1201 4660 aut-
1234 4607 1361 4675 post
1398 4620 1457 4659 se
1485 4604 1733 4659 habeant
1760 4604 2227 4677 enuntiationem,
2263 4609 2357 4663 sed
2393 4607 2639 4662 habeant
2672 4624 2783 4664 ras.
2812 4611 2863 4661 et
2889 4608 2955 4661 ut
2983 4638 3047 4646 —
3077 4608 3205 4676 post

595 4703 654 4742 se
690 4688 756 4742 in
789 4702 963 4755 marq.
998 4685 1074 4752 Β,
1123 4688 1188 4739 ut
1224 4684 1347 4754 (aut
1380 4685 1507 4740 add.
1547 4684 1704 4753 Par.)
1742 4687 1874 4740 ante
1912 4703 1972 4741 se
2010 4689 2112 4742 aut
2144 4689 2276 4756 post
2313 4703 2372 4742 se
2413 4684 2683 4753 (habeant
2718 4687 2844 4741 add.
2877 4701 2911 4744 3
2946 4691 2998 4740 et
3033 4686 3105 4739 al.
3135 4702 3205 4740 m.

596 4766 751 4835 Par.)
789 4764 827 4818 h
865 4763 1307 4820 enuntiationem
1338 4764 1475 4820 Par.
1496 4778 1547 4833 3,
1584 4764 1649 4818 ut
1685 4779 1907 4833 quoque
1943 4782 2148 4835 genere
2184 4763 2623 4821 enuntiationem
2655 4765 2780 4834 AC,
2818 4769 2884 4822 ut
2918 4766 3038 4823 sius
3074 4767 3206 4821 ante

597 4862 657 4900 se
696 4845 815 4901 siue
851 4848 981 4915 post
1015 4860 1076 4900 se
1110 4844 1361 4900 habeant
1395 4845 1460 4912 h,
1498 4860 1721 4913 quoquo
1759 4862 1966 4914 genere
2004 4846 2444 4902 enuntiationem
2486 4846 2681 4901 Carrio
