3613 5528
598 431 729 496 356
1670 428 1985 485 AVDACIS

597 543 641 582 p.
667 533 734 575 85.
761 534 813 574 se
842 533 900 572 Η.

1463 645 1582 711 DE
1646 644 2334 713 INTERIECTIONE

778 796 930 868 Quid
997 802 1088 856 est
1152 790 1530 855 interiectio?
1620 793 2114 855 Pars-orationis
2179 775 2500 854 o'stendens
2561 795 2739 855 animi
2805 802 3029 855 motum
3094 812 3202 874 per

599 905 1058 984 suspirationem
1107 950 1120 962 .
1169 903 1328 961 vario
1375 909 1572 962 autem
1618 910 1782 963 motu
1840 900 2135 962 adfectum
2191 903 2369 961 animi
2425 904 2615 962 nostri
2670 904 3073 982 expromimus
3129 919 3200 961 ex

595 1011 1008 1071 interiectione
1056 1057 1070 1070 .
1119 1017 1223 1070 aut
1268 1010 1425 1068 enim
1471 1007 1768 1091 dolemuS,
1814 1017 1883 1069 ut
1926 1017 2066 1089 puta
2115 1007 2231 1068 heu
2279 1007 2387 1068 hae
2425 1027 2460 1065 *
2498 1011 2584 1069 sic
2623 1016 2683 1069 et
2719 1008 2827 1069 alia
2867 1027 3016 1088 quae
3064 1026 3200 1069 cum

597 1119 992 1178 commotione
1030 1117 1210 1177 animi
1258 1117 1628 1195 suspiranter
1673 1123 2032 1196 promuntur
2079 1115 2149 1176 ad
2197 1118 2671 1177 interiectionem
2718 1117 3020 1196 pertinere
3067 1134 3200 1195 pro·
3254 1128 3281 1167 ⁵

597 1226 948 1287 nuntiantur
995 1271 1008 1284 .
1057 1242 1198 1284 sane
1257 1229 1397 1284 sunt
1451 1225 1900 1285 interiectiones
1958 1242 2108 1303 quae
2174 1231 2234 1285 et
2297 1223 2541 1284 aliarum
2604 1224 2863 1303 partium
2918 1224 3202 1284 orationis

596 1331 851 1392 habeant
898 1329 1369 1411 similitudinem,
1416 1337 1482 1391 ut
1526 1339 1669 1410 puta
1717 1331 1863 1412 heu,
1910 1333 1960 1392 si
1999 1349 2133 1392 cum
2173 1333 2352 1392 animi
2389 1330 2625 1392 adfectu
2671 1331 3040 1411 proseratur,
3087 1329 3202 1390 hoc

597 1446 689 1499 est
745 1456 852 1518 per
899 1440 1385 1519 suspirationem,
1442 1441 1558 1499 erit
1610 1440 1945 1500 interiectio
1992 1459 2027 1495 *
2074 1488 2087 1501 .
2138 1441 2188 1500 si
2244 1457 2384 1499 vero
2445 1437 2791 1518 simpliciter
2845 1438 3203 1518 proferatur,

598 1548 713 1607 erit
749 1543 1091 1606 adverbium
1133 1538 1143 1627 Ι
1183 1543 1627 1626 respondentiS,
1673 1553 1740 1607 ut
1774 1546 1929 1627 heu,
1970 1544 2061 1606 vel
2099 1545 2418 1627 laudantiS,
2465 1554 2532 1607 ut
2571 1540 2709 1606 ‘heu
2748 1544 2899 1606 bene
2939 1524 3160 1606 fecisti⁵
3186 1590 3201 1605 .

597 1655 670 1732 ei,
718 1655 766 1713 si
806 1670 941 1714 cum
982 1653 1161 1712 animi
1208 1651 1443 1713 adfectu
1490 1652 1856 1735 proferatur,
1903 1651 2015 1713 hoc
2053 1660 2146 1714 est
2191 1671 2299 1733 per
2337 1654 2820 1733 suspirationem,
2866 1655 2983 1713 erit
3018 1655 3199 1714 inter·
3231 1664 3282 1704 1⁰

597 1761 801 1841 iectio,
860 1767 925 1820 ut
980 1767 1119 1840 puta
1178 1754 1278 1820 ‘ei
1343 1760 1515 1820 mihi
1579 1767 1927 1840 quantum
1995 1769 2307 1822 mutatus
2371 1760 2451 1821 ab
2511 1759 2638 1820 illo
2696 1756 3041 1822 Hectore'
3089 1808 3102 1821 .
3150 1762 3201 1821 si

600 1884 742 1926 vero
781 1868 838 1927 ei
875 1885 984 1947 pro
1023 1868 1329 1928 vocatione
1368 1866 1560 1947 aliqua
1596 1868 1964 1949 proferatur,
2010 1869 2125 1928 erit
2153 1867 2494 1929 adverbium
2524 1867 2920 1949 exclamantis,
2967 1876 3034 1929 ut
3061 1877 3203 1949 puta

2359 1977 2423 2036 ei
2470 1974 2671 2056 mihi,

1038 2089 1242 2162 pater
1289 2099 1446 2143 esse
1490 2080 1692 2142 disce
1741 2080 1823 2142 ab
1870 2082 2020 2143 illis
2068 2084 2191 2162 qui
2241 2100 2402 2143 vere
2451 2084 2694 2142 sciunt
2740 2127 2756 2143 .

596 2207 727 2268 vae,
782 2190 833 2249 si
889 2206 1024 2249 cum
1085 2190 1263 2250 animi
1322 2187 1556 2248 adfectu
1612 2188 1978 2269 proferatur,
2040 2188 2154 2249 hoc
2212 2195 2304 2249 est
2365 2206 2474 2269 per
2538 2190 3023 2271 suspirationem,
3088 2190 3203 2250 erit
3232 2200 3282 2240 1⁵

596 2297 960 2376 interiectio,
1017 2303 1083 2356 ut
1138 2291 1265 2357 ‘vae
1322 2297 1539 2356 mlsero
1597 2290 1764 2355 mihi'
1814 2343 1827 2356 .
1875 2298 1925 2355 si
1982 2314 2120 2356 vero
2178 2314 2282 2357 vae
2328 2313 2436 2375 pro
2483 2297 2788 2357 vocatione
2827 2295 3017 2375 aliqua
3065 2314 3200 2375 pro·

598 2405 848 2483 seratur,
896 2406 1013 2465 erit
1059 2402 1399 2465 adverbium
1448 2402 1855 2479 exclamantis»,
1903 2411 1971 2465 ut
2016 2398 2142 2464 ‘vae
2191 2398 2378 2464 vobis’
2418 2450 2432 2464 .
2472 2405 2563 2464 sin
2611 2410 2809 2464 autem
2856 2402 3204 2483 simpliciter

600 2529 668 2570 ve
709 2509 1023 2571 subiuncta
1061 2511 1425 2593 proferatur,
1472 2512 1588 2571 erit
1633 2511 2002 2592 coniunctio,
2050 2506 2529 2572 ut“Pariusve
2577 2506 2792 2592 lapis'
2832 2558 2845 2572 .
2884 2529 2939 2593 o,
2976 2513 3027 2572 si
3064 2528 3200 2570 cum

596 2619 775 2678 animi
811 2617 1043 2678 adfectu
1083 2618 1452 2700 proferatur,
1490 2617 1603 2678 hoc
1633 2625 1725 2678 est
1750 2636 1860 2697 per
1889 2620 2375 2701 suspirationem,
2415 2621 2528 2681 erit
2565 2620 2919 2699 interiectio,
2957 2625 3024 2678 ut
3058 2626 3201 2697 puta

1021 2744 1056 2785 o
1105 2724 1274 2786 mihi
1321 2724 1469 2787 sola
1516 2727 1651 2786 mei
1698 2742 1917 2805 super
1962 2725 2426 2806 Astyanactis
2472 2726 2701 2805 imago
2750 2775 2762 2787 .
3228 2737 3282 2777 20

597 2836 647 2895 si
695 2852 833 2894 vero
880 2853 915 2894 o
964 2833 1033 2895 ad
1082 2835 1480 2895 accusativum
1538 2851 1736 2894 casum
1793 2833 2157 2913 proseratur,
2223 2834 2338 2894 erit
2399 2833 2742 2894 adverbium
2802 2832 3204 2913 exclamantis,

597 2949 663 3002 ut
710 2936 767 3001 ‘o
815 2940 1227 3003 condicionem
1285 2935 1585 3001 miseram'
1650 2949 1709 3002 et
1774 2936 1833 3000 ‘o
1888 2940 2108 3002 bellum
2163 2959 2519 3021 magnopere
2574 2934 3140 3021 pertimescendum'
3189 2987 3202 3000 .

598 3067 728 3109 nam
796 3050 846 3109 si
912 3067 946 3108 o
1012 3047 1358 3129 simpliciter
1420 3048 1787 3129 proferatur,
1863 3049 1977 3108 erit
2039 3066 2367 3128 pronomen
2448 3048 2538 3109 vel
2603 3047 2888 3109 articulus
2954 3048 3202 3107 vocativi

596 3174 796 3237 casuS,
844 3163 909 3217 ut
947 3175 982 3216 o
1024 3158 1168 3240 iste,
1214 3175 1248 3216 o
1286 3155 1383 3216 ille
1423 3203 1437 3216 .
1476 3155 1579 3216 sed
1619 3156 1760 3235 quid
1799 3156 2038 3216 intersit
2074 3158 2231 3217 inter
2269 3174 2596 3236 pronomen
2646 3163 2705 3217 et
2751 3154 3094 3236 articulum,
3140 3156 3202 3215 in

774 3406 802 3454 1
842 3399 939 3454 DE
976 3398 1549 3455 INTERIECTIONE
1588 3398 1750 3455 Prob.
1787 3404 1948 3467 14631

602 3548 1025 3555 -η--ι-ῌῌ

779 3638 807 3686 1
848 3632 946 3688 DE
982 3630 1561 3688 INTERIECTIONE
1599 3647 1699 3685 om.
1728 3630 1804 3697 B,
1841 3631 1967 3686 add.
2001 3631 2076 3685 M
2216 3638 2249 3685 2
2286 3631 2604 3686 Interieetio
2643 3633 2731 3687 est
2764 3648 2896 3701 pars
2933 3629 3204 3686 orationis

601 3715 673 3766 M
810 3718 843 3766 3
883 3729 950 3767 ex
984 3711 1373 3768 interiectione
1411 3713 1603 3767 autem
1638 3713 1893 3770 dolemus
1937 3713 2004 3766 ut
2046 3713 2187 3781 puta
2230 3711 2339 3766 heu
2385 3712 2492 3767 hae
2534 3713 2609 3767 M
2641 3729 2710 3766 ex
2757 3711 3204 3766 interiectionem

596 3792 785 3846 autem
833 3791 1086 3847 dolemus
1125 3795 1189 3847 ut
1223 3794 1363 3862 puta
1399 3809 1446 3848 e.
1485 3810 1539 3846 u.
1578 3792 1685 3848 hae
1721 3794 1791 3849 Β.
1832 3793 2118 3858 lacunam,
2163 3810 2274 3861 qua
2309 3793 2552 3847 aliarum
2596 3793 3030 3848 interiectionem
3078 3792 3205 3859 defi-

596 3872 856 3938 nitiones,
891 3888 1030 3942 quae
1065 3878 1196 3928 sunt
1231 3874 1384 3941 apud
1424 3872 1694 3942 Probum,
1731 3874 2078 3940 exciam-wat,
2133 3873 2382 3927 indicavi
2524 3882 2558 3929 4
2595 3875 2675 3931 sie
2722 3875 2780 3931 et
2823 3874 3009 3927 cetera
3044 3869 3203 3940 talia,

597 3968 742 4022 quae
789 3970 915 4007 cum
966 3954 1213 4008 motione
1268 3951 1443 4007 animi
1497 3953 1842 4023 suspiranter
1894 3955 2250 4023 promuntur,
2307 3953 2378 4008 ad
2433 3954 2878 4011 interiectionem
2923 3951 3206 4021 pertinere

595 4032 902 4103 proba-ntur
942 4033 1159 4089 Probus
1186 4050 1247 4103 p.
1287 4037 1453 4101 146,5
1595 4049 1723 4087 eum
1759 4051 1860 4090 om.
1893 4035 1982 4100 M,
2014 4034 2142 4089 add.
2169 4034 2226 4087 Β
2369 4040 2402 4088 5
2431 4035 2617 4090 animo
2645 4033 2919 4105 suspirare
2947 4032 3005 4087 Β
3032 4030 3206 4087 animi

599 4113 970 4184 suspiratione
1010 4113 1086 4167 M
1244 4120 1276 4168 6
1315 4112 1594 4169 orationes
1640 4112 1850 4169 habeat
1881 4114 1938 4167 Β
2097 4120 2126 4167 ’1
2167 4112 2429 4169 affectum
2470 4114 2545 4168 Μ
2587 4115 2843 4170 effectum
2879 4112 2936 4165 Β
3098 4113 3207 4166 hoc

598 4195 686 4249 est
720 4193 832 4248 heu
866 4210 968 4264 per
1004 4193 1430 4264 suspirationem
1459 4193 1514 4246 Β
1534 4193 1607 4247 Μ
1631 4235 1644 4249 .
1672 4194 1955 4261 lacunam,
1992 4212 2103 4265 qua
2138 4195 2435 4264 exemplum
2471 4194 2581 4248 heu
2618 4193 3026 4258 interiectionis,
3061 4192 3209 4260 quod

597 4279 675 4329 est
710 4275 863 4344 apud
902 4273 1172 4339 Probum,
1209 4273 1440 4339 excidit,
1484 4273 1733 4329 indicavi
1878 4283 1909 4331 9
1946 4278 2012 4330 ut
2054 4273 2240 4329 fecisti
2285 4276 2397 4329 heu
2442 4274 2585 4329 bene
2620 4274 2676 4328 Β
2821 4277 2886 4326 10
2932 4270 2987 4326 ei
3027 4271 3102 4325 Μ
3131 4270 3210 4326 Et

596 4357 652 4410 Β
689 4355 781 4411 hei
810 4355 1024 4411 Probus
1042 4372 1104 4424 p.
1133 4358 1329 4420 146,11
1475 4355 1649 4410 animi
1676 4371 1776 4409 om.
1801 4354 1889 4422 M,
1919 4356 2045 4409 add.
2074 4354 2130 4408 Β
2274 4353 2703 4422 suspirationem
2722 4354 2777 4407 Β
2796 4350 3209 4420 susceptionem

600 4435 676 4489 M
823 4441 885 4489 11
927 4435 1020 4490 hei
1066 4435 1205 4490 mihi
1240 4434 1411 4488 BM:
1458 4432 1616 4504 Ver-9.-
1654 4436 1791 4489 Aen.
1833 4434 1916 4488 II
1949 4439 2064 4489 274
2209 4440 2275 4487 12
2314 4432 2529 4505 aliqua]
2576 4433 2806 4504 aliquod
2849 4432 2998 4485 BM
3141 4437 3206 4486 13

601 4515 653 4571 ei
690 4515 854 4587 mihi]
898 4516 1110 4571 Terent.
1149 4516 1385 4585 Adelph.
1422 4516 1465 4569 I
1497 4520 1628 4583 2,44
1773 4521 1842 4568 14
1880 4531 2001 4570 esse
2039 4531 2139 4571 om.
2176 4514 2322 4569 BM
2465 4520 2531 4569 15
2567 4514 2697 4587 vae]
2734 4513 2844 4568 heu
2878 4511 2954 4579 B,
2993 4528 3094 4567 om.
3135 4513 3214 4566 M

672 4602 737 4651 16
775 4598 841 4651 ut
875 4597 1013 4669 vae]
1051 4597 1161 4652 heu
1196 4596 1336 4651 ΒΜ
1476 4597 1523 4651 si
1558 4612 1691 4652 uero
1730 4612 1798 4650 ue
1836 4596 2293 4664 prouocationem
2328 4595 2384 4649 Β
2422 4595 2542 4650 siuo
2581 4611 2650 4650 ue
2695 4593 3096 4665 prouocatione
3137 4594 3215 4647 M

673 4684 737 4732 17
777 4677 862 4732 sin
901 4681 1090 4733 autem
1136 4676 1192 4730 Β
1248 4677 1294 4732 si
1322 4680 1511 4733 autem
1542 4677 1617 4731 M
1759 4680 1826 4731 18
1863 4675 2154 4749 Pariusve]
2197 4676 2351 4746 Very.
2383 4676 2520 4731 Aen,
2551 4676 2595 4729 Ι
2621 4680 2729 4731 593
2870 4678 2940 4729 20
2980 4688 3015 4728 o
3042 4671 3209 4743 mihi]

612 4758 768 4828 Very.
808 4759 946 4814 Aen.
989 4757 1113 4811 III
1148 4761 1258 4812 489
1404 4764 1470 4812 21
1511 4758 1583 4813 ad
1620 4773 1721 4813 om.
1755 4756 1843 4823 M,
1880 4756 2007 4811 add.
2044 4756 2100 4810 Β
2243 4764 2312 4813 23
2349 4774 2480 4812 nam
2517 4757 2565 4813 si
2601 4774 2634 4813 o
2674 4752 3005 4824 simpliciter
3038 4768 3211 4822 prop-

600 4837 758 4892 terea
794 4838 852 4890 in
888 4854 949 4893 re
985 4836 1094 4892 erit
1127 4854 1433 4907 pronomen
1469 4837 1613 4891 ΒΜ
1654 4853 1803 4892 nunc
1841 4836 1889 4892 si
1925 4854 1960 4892 o
1996 4837 2329 4909 simpliciter
2372 4838 2709 4908 proferatur,
2758 4834 2863 4891 erit
2898 4850 3212 4903 pronomen

606 4915 823 4972 Probus
854 4933 914 4987 10·
952 4920 1162 4983 146,27
1304 4923 1374 4971 24
1410 4917 1496 4988 ut]
1537 4918 1667 4972 sunt
1701 4916 1847 4972 ΒΜ
1987 4918 2086 4973 sed
2122 4917 2259 4989 quid
2296 4918 2371 4972 M
2399 4916 2474 4973 sit
2509 4917 2646 4987 quid
2680 4917 2737 4971 Β
