3613 5528
1486 456 1877 514 EXCERPTA
2860 456 2988 520 211

374 569 417 608 p.
444 558 538 599 51⁷.
570 558 622 599 is
650 556 706 599 e.

374 647 440 706 in
472 645 715 706 nomine
752 644 941 723 patris
979 649 1039 703 et
1075 640 1179 701 filii
1216 649 1278 702 et
1314 643 1559 722 spiritus
1601 637 1833 724 sancti',
1871 641 2142 703 similiter
2180 649 2241 702 et
2275 642 2335 702 in
2376 643 2701 703 centesimo
2739 641 2989 722 quadra-

377 753 603 830 gesimo
647 752 827 811 tertio
872 748 1099 829 psalmo
1148 743 1388 811 ‘beatus
1433 748 1716 829 populus,
1764 752 1936 811 cuius
1983 757 2076 810 est
2133 748 2409 810 dominus
2457 749 2604 810 deus
2651 745 2884 812 eorum'
2931 758 2991 810 et

378 858 471 919 his
509 857 735 920 similia.
811 856 1046 936 regulas
1090 857 1274 936 igitur
1311 855 1718 918 elocutionum
1762 855 2109 936 latinarum,
2154 855 2215 915 id
2263 864 2354 916 est
2391 854 2736 936 quadrigam
2773 856 2993 937 Messii,

378 964 733 1026 omnimodis
789 981 907 1024 non
964 964 1261 1045 sequariS,
1317 961 1420 1024 ubi
1477 970 1674 1023 tamen
1730 965 2070 1043 priscorum
2125 960 2397 1022 codicum
2452 964 2804 1024 auctoritate
2852 980 2990 1023 con·

329 1079 353 1120 ⁵
381 1073 652 1132 vinceris.
711 1070 951 1151 expedit
986 1072 1145 1131 enim
1180 1069 1484 1131 interdum
1518 1071 1997 1149 praetermittere
2036 1068 2428 1130 humanarum
2465 1069 2749 1130 formulas
2786 1069 2991 1130 dictio·

381 1197 523 1238 num
568 1184 629 1238 et
683 1176 866 1238 divini
919 1178 1106 1256 magis
1153 1176 1372 1255 eloquii
1430 1175 1732 1237 custodire
1777 1193 2137 1237 mensuram.
2210 1177 2274 1237 in
2328 1193 2505 1255 prosa
2551 1185 2729 1256 caput
2780 1193 2991 1236 versus

381 1284 602 1346 heroici
640 1285 939 1364 finemque
977 1302 1097 1345 non
1126 1257 1409 1363 corrigaS,
1437 1283 1700 1362 quinque
1738 1281 1945 1362 longas
1982 1281 2346 1361 totidemque
2386 1281 2597 1344 breves
2626 1301 2745 1344 non
2773 1283 2993 1344 audeas

380 1389 731 1471 improbare,
770 1389 781 1465 Ι
822 1389 1166 1451 trochaeum
1207 1388 1499 1468 triplicem
1535 1387 1846 1449 laudabilis
1883 1388 2190 1468 neglectus
2219 1387 2558 1471 abscondat,
2592 1392 2994 1451 miotacismos

383 1505 442 1557 et
491 1496 689 1556 hiatus
741 1495 1032 1557 vocalium
1086 1497 1326 1556 omnino
1383 1495 1759 1576 derelinque,
1827 1497 2106 1574 quoniam
2161 1495 2257 1556 hic
2323 1494 2521 1556 locum
2585 1496 2804 1557 habere
2870 1514 2990 1556 non

311 1610 359 1648 ¹0
383 1610 631 1683 possunt
684 1620 836 1682 quae
883 1602 1159 1663 doctores
1214 1599 1549 1662 litterarum
1602 1599 1936 1661 liberalium
1983 1601 2340 1679 regulariter
2387 1602 2688 1663 custodire
2736 1619 2992 1663 noscun-

385 1717 498 1771 tur.
569 1708 731 1770 istud
789 1711 947 1769 enim
1000 1709 1160 1768 inter
1213 1707 1500 1768 humanas
1556 1706 1849 1768 dictiones
1909 1710 2186 1768 convenit
2237 1711 2604 1789 praecaveri,
2659 1710 2722 1770 in
2778 1708 2992 1770 divinis

385 1822 579 1876 autem
634 1814 886 1894 eloquiis
944 1814 1090 1875 tales
1136 1816 1597 1892 compositiones
1653 1813 1992 1874 nullatenus
2039 1822 2410 1875 accusantur.
2484 1808 2717 1876 maneat
2770 1815 2993 1894 ubique

385 1924 727 2001 incorrupta
787 1920 1036 2002 locutio,
1095 1938 1244 1999 quae
1308 1920 1419 1981 deo
1479 1920 1773 2001 placuisse
1834 1922 2243 2000 cognoscitur,
2310 1922 2393 1980 ita
2454 1929 2520 1982 ut
2591 1920 2820 2000 fulgore
2883 1939 2991 1982 suo

385 2031 589 2109 niteat,
636 2045 757 2089 non
800 2026 1060 2088 humano
1107 2025 1403 2088 desiderio
1450 2027 1744 2108 carpenda
1791 2026 2110 2088 subiaceat.
2190 2027 2336 2087 haec
2383 2030 2544 2088 enim
2590 2036 2651 2090 et
2695 2028 2993 2108 simplices

311 2140 359 2181 1⁵
385 2136 642 2196 suaviter
685 2135 931 2195 instruit
975 2141 1037 2194 et
1082 2132 1291 2194 doctos
1335 2152 1444 2214 pro
1492 2152 1600 2195 sua
1646 2137 1981 2195 reverentia
2026 2133 2310 2194 decenter
2357 2133 2631 2196 oblectat.

555 2241 699 2302 Post
736 2242 1108 2320 superiorem
1153 2242 1336 2319 igitur
1379 2240 1755 2322 divisionem,
1800 2239 1905 2300 ubi
1952 2240 2208 2300 diximus
2253 2240 2529 2302 idiomata
2575 2239 2723 2321 legis
2761 2241 2990 2302 divinae

383 2365 502 2408 non
538 2365 669 2407 esse
707 2346 1023 2426 tangenda,
1060 2345 1151 2406 vel
1190 2355 1389 2406 cetera
1426 2365 1576 2426 quae
1616 2354 1907 2408 secuntur
1944 2346 2114 2407 locus
2150 2355 2451 2408 ammonet
2487 2366 2654 2409 more
2700 2350 2993 2409 maiorum

382 2453 530 2516 hanc
585 2472 824 2534 quoque
879 2471 1102 2534 ponere
1158 2435 1666 2543 subdivisionem,-
1702 2462 1772 2515 ut
1826 2453 1899 2514 ad
1953 2454 2273 2533 particulas
2339 2457 2599 2534 partium
2654 2455 2992 2516 distinctius
3024 2435 3043 2448 ⁸

382 2563 580 2621 venire
638 2559 975 2622 debeamus
1061 2558 1216 2620 unde
1271 2561 1432 2619 enim
1486 2558 1867 2621 doctissimus
1926 2561 2275 2620 Aristoteles
2329 2560 2797 2639 perihermenias
2856 2543 2995 2621 suas

310 2674 360 2712 20
385 2666 454 2727 ad
500 2667 791 2746 liquidum
836 2668 1167 2747 perducere
1213 2669 1533 2747 potuisset,
1580 2670 1694 2729 nisi
1740 2667 2099 2728 divisionum
2136 2674 2197 2726 et
2233 2665 2703 2730 subdivisionum
2748 2669 2992 2728 iterum·

386 2794 498 2854 que
557 2775 1006 2855 particularium
1065 2773 1421 2835 divisionum
1481 2775 1690 2836 ordine
1750 2774 2047 2836 custodito
2109 2783 2325 2837 cuncta
2383 2772 2739 2837 tractasset?
2812 2793 2990 2855 quem

387 2883 573 2943 secuti
628 2900 788 2943 nunc
834 2881 1112 2962 dicimuS,
1165 2882 1228 2941 in
1275 2880 1492 2959 quibus
1545 2881 1762 2943 litteris
1810 2890 1950 2942 sunt
2003 2879 2388 2942 librariorum
2435 2884 2572 2943 vitia
2621 2879 2987 2960 corrigenda.

387 2989 444 3047 in
508 2987 705 3048 verbis
768 3005 918 3067 quae
983 2989 1333 3048 accusativis
1397 2996 1459 3049 et
1531 2987 1798 3050 ablativis
1866 2985 2409 3068 praepositionibus
2474 2992 2743 3050 serviunt
2806 2990 2987 3050 situm

387 3100 729 3173 motumque
776 3093 1089 3173 diligenter
1136 3091 1411 3174 observa,
1457 3097 1736 3174 quoniam
1782 3093 2009 3154 librarii
2064 3097 2479 3172 grammaticae
2526 3098 2671 3157 artis
2718 3103 2994 3174 expertes

313 3206 361 3247 ²5
389 3198 467 3259 ibi
509 3202 762 3261 maxime
799 3199 1128 3279 probantur
1166 3218 1383 3261 errare.
1458 3219 1593 3262 nam
1633 3204 1684 3262 si
1722 3221 1783 3275 m
1827 3202 2086 3262 litteram
2132 3203 2621 3263 inconvenienter
2667 3201 2845 3262 addas
2894 3209 2997 3262 aut

388 3304 612 3387 demaS,
667 3306 848 3367 dictio
907 3313 1026 3366 tota
1073 3306 1320 3366 confusa
1367 3315 1475 3368 est.
1548 3325 1723 3368 casus
1769 3325 1910 3368 vero
1957 3309 2266 3369 nominum
2312 3310 2579 3387 exceptis
2634 3310 2997 3387 monoptotis

389 3410 925 3491 declinationesque
973 3410 1290 3472 verborum
1337 3428 1486 3492 quae
1535 3413 1824 3474 defectiva
1872 3431 1991 3473 non
2037 3421 2179 3474 sunt
2225 3421 2497 3493 totasque
2543 3423 2744 3494 partes
2781 3417 2995 3476 oratio-

389 3519 504 3599 niS,
556 3518 659 3580 ubi
714 3526 911 3580 tamen
966 3536 1133 3579 sacra
1179 3537 1298 3579 non
1358 3521 1667 3599 impugnat
1721 3522 2072 3600 auctoritaS,
2129 3520 2439 3582 considera
2484 3521 2801 3601 diligenter
2847 3522 2995 3582 suis-

389 3642 500 3703 que
543 3624 692 3686 locis
737 3634 933 3705 aptata
977 3624 1235 3706 custodi,
1281 3643 1356 3686 ne
1403 3625 1722 3688 locutionis
1760 3626 1970 3687 ordine
2015 3630 2311 3707 permixto
2352 3636 2569 3709 totum,
2616 3628 2775 3708 quod
2823 3627 2997 3709 absit,

311 3740 360 3778 ³⁰
390 3730 684 3808 possideat
727 3732 1008 3794 indecora
1053 3731 1341 3793 confusio.

563 3837 609 3897 B
656 3856 765 3918 pro
803 3857 856 3920 v,
900 3857 935 3898 v
985 3857 1094 3919 pro
1133 3836 1199 3919 b,
1244 3857 1280 3898 o
1319 3857 1429 3918 pro
1468 3857 1536 3922 u,
1581 3857 1621 3900 n
1667 3858 1776 3919 pro
1825 3857 1884 3898 m
1932 3846 2141 3900 contra
2186 3839 2641 3921 orthographiae
2689 3848 3006 3922 praecepta

391 3945 592 4005 vitiose
630 3947 855 4026 positas
890 3964 1008 4006 non
1047 3944 1365 4025 relinquas.
1438 3947 1861 4025 aspirationem
1903 3964 2043 4007 vero
2088 3947 2449 4027 superfluam
2487 3947 2658 4009 deme
2697 3956 2801 4008 aut
2837 3946 3005 4009 adice

393 4060 812 4131 competenter.
877 4071 1052 4115 casus
1088 4054 1397 4114 nominum
1434 4058 1821 4132 temporaque
1863 4051 2209 4132 verborum,
2249 4051 2350 4112 ubi
2390 4059 2585 4113 tamen
2621 4054 3008 4133 permitteriS,

395 4159 620 4220 custodi
676 4159 1006 4239 diligenter.
1090 4160 1356 4238 reperies
1424 4159 1583 4218 enim
1643 4160 1994 4238 frequenter
2053 4160 2116 4219 in
2177 4160 2526 4219 auctoritate
2589 4159 3005 4221 consuetudini

297 4268 372 4322 2³⁶
396 4263 654 4348 dissona,
701 4285 852 4346 quae
900 4265 1008 4327 tibi
1054 4285 1172 4327 non
1219 4265 1394 4326 liceat
1439 4267 1786 4346 immutare3
1836 4264 1940 4325 sed
1987 4267 2048 4325 in
2096 4264 2190 4325 his
2241 4264 2689 4327 emendatorum
2735 4265 3007 4327 codicum

397 4381 661 4434 servetur
719 4371 1073 4451 exemplum.
1155 4381 1355 4434 cetera
1410 4391 1553 4434 vero
1610 4391 1761 4453 quae
1818 4381 1960 4434 sunt
2024 4372 2174 4433 male
2247 4381 2625 4453 praesumpta
2683 4376 3004 4456 recorrige,

397 4481 666 4555 quoniam
716 4482 1033 4558 antiquarii
1089 4478 1299 4539 exinde
1356 4481 1557 4558 potius
1605 4478 2069 4559 comprobantur
2117 4476 2444 4557 offendere,
2491 4478 2634 4537 dum
2680 4481 3005 4541 elocutioni

400 4615 570 4624 κὴ-
703 4618 816 4625 -ῄ

529 4681 562 4730 3
598 4674 907 4731 latinorum
941 4675 998 4728 Β
1121 4673 1479 4748 quadrigam]
1519 4675 1787 4746 quadi-ica.
1822 4676 1878 4730 Β
1916 4674 2192 4747 quadriga
2227 4675 2259 4729 b
2389 4681 2420 4730 8
2460 4676 2849 4733 meotaeismoe
2880 4676 2940 4732 Β

399 4759 429 4807 9
464 4754 787 4826 derelinque
818 4757 850 4809 b
888 4754 1144 4826 relinque
1171 4756 1228 4809 Β
1339 4761 1407 4810 14
1444 4754 1749 4831 carpieuda.
1776 4755 1833 4809 Β
1946 4761 2011 4810 15
2047 4753 2251 4810 instrui
2275 4753 2333 4807 Β
2443 4758 2510 4807 18
2548 4756 2716 4828 hanc]
2746 4757 2855 4817 hae
2880 4755 2939 4812 Β

400 4841 462 4889 33
496 4835 862 4908 permitteris]
899 4835 1242 4905 premitteris
1279 4835 1336 4888 Β
1444 4843 1515 4890 34
1550 4835 1832 4905 reperiens
1868 4835 1924 4890 Β
2034 4834 2424 4891 consuetudini
2460 4834 2688 4892 dissona
2724 4851 2758 4896 ς
2795 4835 3012 4893 consui-

399 4915 602 4971 tudinis
638 4931 782 4972 sona
814 4913 873 4970 Β
910 4915 1325 4972 consuetudinis
1361 4933 1560 4972 sonum
1597 4917 1629 4971 b
1773 4920 1842 4969 37
1879 4915 2188 4985 probantur
2225 4930 2259 4975 ς

2473 5005 2580 5059 14*
