3613 5528
1351 424 1449 479 DE
1487 424 1631 480 ORT
1640 424 2060 480 HOGRAPHIA
2974 426 3010 489 7

414 614 594 673 veniri
629 612 914 693 potuisse,
961 629 1035 671 ne
1073 610 1218 671 haec
1256 610 1497 690 quidem
1532 618 1669 690 post
1705 612 2000 689 cognitam
2038 609 2358 672 Bernensis
2396 611 2617 673 codicis
2655 614 3013 693 scripturam

410 719 727 799 quidquam
772 720 909 778 novi
953 717 1026 779 ad
1073 720 1418 780 memoriam
1463 736 1642 780 manu
1689 720 2051 799 scriptorum
2090 718 2377 780 librorum
2417 718 2656 781 addunt.
2704 727 3013 800 praeterea

408 824 631 886 subieci
676 824 934 886 indicem
980 842 1186 886 eorum
1234 824 1520 908 locorum,
1564 827 1627 886 in
1675 825 1893 905 quibus
1940 825 2181 886 eaedem
2218 842 2316 885 res
2355 824 2426 885 ab
2465 828 2593 905 ipso
2630 829 3012 906 grammatico

408 939 750 993 tractantur.
824 950 960 992 nam
1007 932 1076 992 ad
1124 931 1387 1011 reliquos
1432 934 1847 1012 grammaticos
1895 934 1998 1011 qui
2043 931 2117 991 de
2165 930 2375 992 iisdem
2422 930 2603 993 rebus
2641 935 3015 1013 scripserunt

404 1039 492 1100 vel
540 1038 745 1099 iisdem
793 1037 1059 1099 sontibus
1106 1047 1282 1118 atque
1322 1038 1584 1101 Scaurus
1632 1040 1724 1100 usi
1772 1046 1913 1100 sunt
1958 1056 2087 1099 eam
2133 1056 2373 1118 operam
2423 1047 2770 1100 convertere
2817 1041 3010 1102 infini-

406 1155 527 1207 tum
584 1147 723 1227 suit,
778 1164 1134 1225 quamquam
1190 1146 1404 1208 horum
1461 1149 1823 1227 comparatio
1871 1146 1943 1206 ad
2000 1154 2343 1226 corruptam
2400 1148 2754 1226 scripturam
2812 1166 3008 1208 emen·

402 1253 648 1314 dandam
711 1252 1033 1333 plurimum
1097 1255 1339 1334 prol'uit.
1426 1256 1489 1314 in
1555 1256 1680 1333 ipsa
1745 1252 2155 1314 emendatione
2217 1261 2442 1334 autem,
2504 1255 2768 1333 quamvis
2829 1256 3009 1315 sciam

402 1361 569 1440 plura
627 1379 800 1439 quam
858 1362 986 1440 ipse
1045 1363 1279 1422 correxi
1334 1361 1503 1422 facile
1562 1363 1779 1441 corrigi
1827 1379 2033 1441 posse,
2080 1368 2276 1421 tamen
2324 1360 2565 1422 modum
2612 1359 3010 1422 adhibendum

403 1486 531 1527 esse
579 1469 803 1549 censui,
848 1475 1164 1547 propterea
1211 1467 1370 1547 quod
1416 1467 1635 1529 librum
1681 1487 1801 1529 non
1849 1467 2039 1528 solum
2079 1484 2284 1527 errore
2324 1466 2624 1528 scribendi
2661 1478 3010 1549 corruptum

403 1573 503 1634 sed
561 1576 736 1634 etiam
791 1574 1149 1654 excerpendi
1208 1574 1579 1654 neglegentia
1624 1574 2006 1654 depravatum
2055 1591 2185 1634 esse
2234 1576 2525 1635 existimo.
2600 1594 2785 1654 quare
2832 1594 3007 1656 quae-

401 1681 531 1741 dam
590 1700 738 1761 quae
794 1684 855 1742 in
910 1684 1064 1744 iusta
1122 1689 1184 1743 et
1237 1682 1409 1762 digna
1476 1690 1676 1743 vetere
1747 1684 2131 1761 grammatico
2189 1681 2523 1743 elocutione
2586 1683 2832 1744 serenda
2890 1702 3009 1745 non

401 1797 539 1849 sunt
584 1788 921 1868 relinquere
970 1808 1144 1870 quam
1193 1792 1437 1852 incertis
1484 1792 1848 1851 coniecturis
1898 1796 2185 1868 temptare
2232 1788 2429 1850 malui.
2731 1864 2744 1871 .

576 1896 923 1958 Terentium
971 1897 1260 1959 Scaurum
1308 1897 1590 1960 Hadriani
1636 1896 2006 1977 temporibus
2062 1898 2511 1976 grammaticum
2567 1897 2659 1957 vel
2714 1897 3008 1960 nobilissi-

400 2021 561 2064 mum
611 2005 793 2065 fuisse
839 2007 1178 2067 testimonio
1227 2014 1461 2066 constat
1507 2004 1677 2066 Gellii
1725 2012 1880 2065 noct.
1919 2012 2019 2064 att.
2058 2002 2138 2063 Xl
2181 1999 2280 2086 15,
2334 2006 2436 2083 qui
2473 2022 2611 2065 eum
2648 2004 2721 2065 de
2760 2004 3007 2081 Caeselli

397 2109 704 2172 erroribus
761 2113 1071 2192 scripsisse
1130 2112 1330 2174 refert.
1404 2111 1612 2173 eodem
1667 2113 1931 2191 pertinet
1987 2109 2230 2190 Capitol.
2289 2111 2385 2171 vit.
2433 2109 2564 2171 Ver.
2612 2114 2818 2191 imper.
2847 2124 2916 2174 ·c.
2964 2110 3006 2174 2

397 2222 631 2279 audivit
669 2220 1039 2280 Scaurinum
1072 2223 1540 2294 qrammaticum
1578 2222 1849 2295 latinum,
1898 2220 2129 2279 Scauri
2164 2221 2377 2294 filium,
2423 2222 2531 2293 qui
2568 2223 3010 2293 qrammaticus

396 2326 712 2386 Hadriani
748 2325 887 2402 suit.
962 2344 1323 2406 praenomen
1354 2325 1561 2397 Quinti
1588 2324 1682 2387 bis
1709 2327 1911 2405 posuit
1939 2325 2123 2386 Iulius
2152 2324 2452 2385 Romanus
2491 2324 2644 2404 apud
2676 2324 3007 2387 Charisium

393 2452 449 2512 p.
480 2430 630 2515 202,
658 2430 743 2494 28
783 2443 844 2494 et
880 2430 1028 2513 210,
1058 2429 1163 2513 21,
1200 2436 1310 2494 ubi
1352 2436 1416 2506 Q.
1455 2433 1771 2494 Terentius
1809 2434 2087 2493 Scaurus
2127 2436 2187 2493 in
2226 2435 2673 2493 commentariis
2714 2436 2774 2493 in
2813 2442 3008 2494 artem

386 2543 691 2616 poeticam
755 2541 912 2601 libro
966 2540 1045 2599 Χ.
1120 2537 1277 2601 idem
1344 2539 1554 2601 Scauri
1619 2537 1803 2599 libros
1864 2541 2009 2601 artis
2068 2541 2481 2618 grammaticae
2542 2537 2634 2599 bis
2699 2539 3010 2620 appellavit

392 2665 448 2725 p.
492 2643 637 2726 133,
680 2644 712 2707 1
765 2656 825 2706 et
866 2642 1012 2727 136,
1054 2642 1152 2706 16.
1201 2645 1609 2707 adnotationes
1665 2648 1794 2706 eius
1841 2648 1904 2707 in
1942 2644 2263 2725 Vergilium
2310 2664 2530 2726 paucae
2579 2646 2818 2708 relictae
2868 2655 3008 2709 sunt

391 2753 450 2813 in
503 2751 742 2813 scholiis
795 2750 1263 2835 Veronensibus,
1324 2752 1394 2814 de
1448 2751 1665 2833 quibus
1707 2751 2070 2815 Ribbeckius
2120 2752 2266 2833 prol.
2315 2755 2378 2815 in
2425 2751 2593 2832 Verg.
2641 2775 2696 2834 p.
2751 2751 2873 2816 171
2919 2775 3005 2834 sq.

392 2860 727 2939 disputavit.
791 2869 1099 2940 praeterea
1153 2859 1347 2921 Plauti
1406 2859 1631 2922 fabulas
1687 2863 2116 2941 interpretatus
2175 2878 2307 2920 esse
2356 2863 2693 2922 testimonio
2742 2862 3006 2923 creditur

393 2967 619 3048 Rufini,
674 2969 776 3046 qui
832 2986 1048 3029 nomen
1106 2971 1472 3048 grammatici
1527 2987 1643 3030 una
1700 2988 1837 3030 cum
1894 2969 2190 3048 excerptis
2245 2986 2317 3028 ex
2366 2967 2650 3029 Sisennae
2708 2986 3004 3029 commen-

392 3075 559 3134 tariis
605 3074 915 3153 appellavit
961 3093 1171 3136 comm.
1218 3077 1279 3136 in
1328 3084 1499 3137 metr.
1546 3075 1784 3135 Terent.
1832 3095 1889 3155 p.
1936 3071 2095 3155 560,
2142 3070 2245 3150 27,
2294 3077 2554 3135 Sisenna
2602 3079 2664 3135 in
2712 3093 3004 3137 commen·

393 3185 557 3241 tario
622 3182 877 3242 Poenuli
938 3183 1264 3243 Plautinae
1320 3182 1578 3259 fabulae
1639 3216 1712 3224 —
1778 3187 1839 3243 in
1897 3183 2199 3242 Pseudulo
2258 3185 2349 3243 sic
2408 3176 2629 3242 ‘malai
2684 3179 3007 3262 διαίρεσις

390 3292 572 3348 metri
615 3283 847 3350 causa?
921 3291 1202 3350 Scaurus
1249 3293 1309 3349 in
1358 3293 1568 3351 eadem
1607 3288 1830 3365 sabula
1874 3292 1991 3364 sic,
2055 3283 2250 3350 ‘nunc
2307 3292 2456 3349 iam:
2513 3293 2634 3350 iam
2691 3292 2895 3350 divisit
2941 3293 3006 3350 in

390 3398 548 3456 duas
603 3398 868 3475 syllabas
922 3400 1106 3457 metri
1158 3391 1389 3458 causa?
1455 3398 1713 3457 Sisenna
1771 3399 1834 3456 in
1883 3397 2164 3457 Rudente
2217 3398 2307 3456 sic
2355 3413 2480 3475 sqq.
2528 3414 2884 3476 quamquam
2931 3396 3003 3458 de

391 3501 618 3562 Scauro
664 3520 781 3562 non
830 3505 974 3564 satis
1021 3511 1252 3564 certum
1300 3522 1431 3564 esse
1480 3504 1763 3588 indicium
1812 3504 2221 3563 commentarii
2257 3501 2514 3564 Plautini
2559 3513 2819 3583 apparet.
2870 3522 3004 3564 nam

390 3608 741 3687 interpolata
797 3617 1064 3670 veterum
1125 3611 1450 3672 editionum
1508 3610 1762 3670 lectione
1820 3627 1967 3670 usus
2022 3617 2114 3670 est
2159 3608 2520 3670 Bitschelius
2576 3610 2649 3670 de
2705 3612 3003 3690 excerptis

388 3714 589 3775 Rutini
634 3715 942 3795 disputans
996 3735 1227 3796 parerg.
1266 3716 1451 3778 Plaut.
1490 3737 1546 3797 p.
1586 3713 1733 3777 374.
1781 3734 1899 3775 non
1939 3718 2124 3794 magis
2172 3722 2402 3776 certum
2449 3725 2542 3778 est
2587 3716 2658 3776 ad
2707 3735 3000 3778 commen-

390 3824 608 3883 tarium
660 3822 888 3885 Horatii
946 3824 1258 3884 reserenda
1315 3841 1446 3883 esse
1504 3841 1652 3903 quae
1717 3822 1999 3901 leguntur
2053 3824 2114 3883 in
2171 3821 2412 3882 scholiis
2456 3823 2882 3903 Porphyrionis
2940 3827 3002 3885 in

390 3929 530 3989 Hor.
578 3937 681 3989 sat.
730 3929 781 3989 ΙΙ
829 3927 899 4011 5,
946 3926 1033 3990 92
1089 3939 1208 3991 stes
1269 3934 1470 4007 capite
1525 3932 1780 4007 obstipa,
1848 3913 2012 3990 tristi
2064 3950 2142 3991 ac
2197 3948 2436 3990 severo:
2499 3931 2777 3991 Scaurus
2833 3935 2999 3993 incli-

387 4045 535 4098 nato
590 4039 764 4111 dicit,
822 4036 912 4097 vel
969 4036 1124 4116 apud
1182 4035 1515 4098 Charisium
1572 4036 1605 4096 l.
1654 4055 1704 4097 c.
1762 4039 1827 4110 Q.
1883 4037 2198 4097 Terentius
2254 4039 2532 4098 Scaurus
2590 4041 2650 4098 in
2708 4056 3000 4099 commen-

385 4147 570 4204 tariis
615 4147 676 4203 in
731 4153 927 4205 artem
975 4149 1277 4221 poeticam
1324 4146 1480 4205 libro
1527 4145 1617 4218 X,
1672 4142 1746 4204 de
1794 4141 2012 4222 quibus
2058 4151 2230 4204 acuta
2277 4151 2369 4204 est
2414 4143 2734 4224 disputatio
2782 4145 3002 4225 Zange-

384 4250 651 4310 meisteri
708 4249 782 4310 de
838 4249 1068 4312 Horatii
1124 4249 1424 4312 vocabulis
1490 4247 1892 4329 singularibus
1948 4243 2237 4331 (Berolini
2292 4267 2342 4311 a.
2403 4245 2605 4334 1862)
2664 4270 2719 4331 p.
2766 4249 2872 4313 40.
2929 4271 2999 4312 ex

385 4365 515 4416 arte
563 4359 938 4435 grammatica
987 4357 1260 4418 videntur
1305 4360 1491 4437 petita
1536 4375 1668 4418 esse
1730 4376 1880 4434 quae
1931 4356 2139 4417 Scauri
2187 4359 2425 4418 nomine
2473 4358 2769 4437 adscripto
2817 4357 3001 4419 lulius

384 4463 686 4523 Romanus
732 4462 806 4523 de
853 4463 1130 4524 adverbio
1176 4466 1372 4525 obiter
1409 4463 1632 4525 Charis,
1669 4483 1725 4542 p.
1765 4461 1914 4544 209,
1957 4461 2038 4523 14
2085 4471 2145 4524 et
2182 4463 2522 4525 Priscianus
2568 4462 2642 4523 de
2688 4465 2999 4543 participio

384 4571 647 4630 ambitus
694 4569 728 4630 l.
778 4569 831 4629 X
876 4589 931 4650 p.
986 4567 1135 4653 547,
1188 4567 1271 4631 10
1317 4569 1672 4651 attulerunt3
1718 4573 1862 4630 item
1910 4570 2284 4631 definitiones
2330 4579 2391 4632 et
2436 4569 2879 4630 observationes
2925 4570 2999 4632 de

382 4678 568 4737 variis
610 4679 756 4738 artis
792 4680 1204 4757 grammaticae
1241 4676 1513 4758 partibus
1550 4677 1705 4756 apud
1742 4677 2087 4738 Diomedem
2122 4696 2178 4756 p.
2217 4673 2368 4758 300,
2413 4673 2517 4757 193
2563 4673 2667 4736 27.
2706 4673 2855 4759 318,
2899 4674 2998 4738 14.

384 4779 540 4865 320,
582 4780 677 4844 13.
723 4780 873 4864 403,
910 4781 1012 4845 20.
1058 4782 1209 4866 421,
1254 4783 1350 4846 16.
1397 4782 1548 4867 444,
1585 4781 1688 4845 29.
1735 4781 1886 4864 449,
1922 4782 2027 4845 26.
2074 4780 2223 4866 456,
2261 4779 2344 4843 27
2406 4790 2466 4842 et
2521 4784 2580 4843 in
2640 4782 2996 4863 explanatio·

385 4888 568 4951 nibus
611 4892 670 4950 in
716 4890 1008 4952 Donatum
1054 4911 1109 4971 p.
1155 4889 1306 4974 486,
1353 4889 1409 4953 9.
1459 4888 1609 4968 535,
1655 4888 1714 4953 5.
1762 4887 1912 4973 552,
1958 4887 2060 4951 31.
2109 4888 2257 4974 560,
2309 4888 2406 4952 19.
2455 4887 2603 4974 562,
2655 4890 2708 4957 1.
