3613 5528
847 499 851 504 .
1361 421 1459 476 DE
1500 420 2078 480 ORTHOGRAPHIA
2889 426 3019 490 293

419 533 461 570 p.
488 525 674 566 soon—4
699 526 753 564 P.

594 610 820 671 Turtur
868 618 927 671 et
974 608 1299 670 masculino
1344 627 1564 688 genere
1610 616 1671 670 et
1717 610 2002 670 feminino
2047 612 2367 690 profertur.

593 715 761 776 Tunc
809 718 1094 796 temporis
1140 716 1483 777 adverbium
1531 724 1652 796 est,
1697 725 1823 777 tum
1870 716 2114 777 ordiniS.
2157 711 2165 795 Ι

592 822 778 902 Terga
837 822 1143 884 hominum
1199 831 1340 883 sunt
1399 831 1655 904 tantum,
1722 822 2101 902 singulariter
2165 830 2426 903 tergum3
2493 832 2697 902 tergus
2765 823 3018 902 quadru-

413 929 656 1010 pedum,
702 928 1012 1009 pluraliter
1059 930 1199 990 facit
1246 939 1510 1010 tergora,
1554 929 1612 989 id
1662 936 1755 989 est
1800 931 1978 989 coria.

358 1050 385 1088 ὁ
592 1036 888 1116 Tinguere
937 1035 1282 1116 dicendum,
1328 1053 1448 1095 non
1493 1037 1741 1115 tingere.

591 1142 920 1204 Temeritas
967 1145 1094 1203 sine
1142 1141 1418 1221 consilio,
1463 1141 1703 1202 audacia
1751 1152 1886 1222 post
1932 1142 2265 1204 consilium.

587 1249 1001 1330 Temperantia
1048 1250 1408 1329 animorum,
1457 1251 1805 1328 temperatio
1855 1267 2085 1331 rerum,
2131 1251 2452 1330 temperies
2501 1268 2795 1311 aurarum.

588 1357 810 1436 Tapete
857 1358 1073 1436 tapetis
1120 1357 1302 1435 tapeti
1339 1374 1370 1415 a
1408 1357 1590 1435 tapeti
1638 1363 1697 1415 et
1741 1354 2050 1434 pluraliter
2097 1357 2312 1434 tapetia
2361 1358 2646 1435 tapetium
2695 1357 3021 1436 tapetibus:

414 1462 699 1542 Vergilius
755 1455 941 1545 (Aen.·
997 1464 1190 1523 VIIII
1228 1455 1387 1545 325)
1446 1457 1602 1541 ‘qui
1660 1463 1849 1521 sorte
1909 1461 2274 1540 tapetibus
2329 1457 2545 1523 altis’.
2630 1463 2733 1524 sed
2790 1473 2851 1523 et
2906 1464 3017 1525 boc

336 1583 384 1618 10
414 1577 674 1649 tapetum
720 1569 899 1630 buius
937 1571 1117 1649 tapeti
1160 1568 1302 1630 huic
1348 1577 1574 1649 tapeto,
1619 1568 1928 1647 pluraliter
1965 1568 2110 1629 haec
2164 1578 2357 1648 tapeta
2396 1578 2732 1649 tapetorum
2779 1574 3018 1650 tapetis:

412 1674 701 1754 Vergilius
748 1668 926 1758 (Aen.
988 1677 1112 1736 VII
1150 1677 1239 1736 27
1251 1668 1320 1759 7)

726 1784 1078 1843 instratos
1126 1792 1324 1844 ostro
1371 1782 1692 1862 alipedes
1738 1784 2108 1863 pictisque
2159 1786 2440 1862 tapetis,

410 1889 510 1949 sed
569 1899 628 1949 et
684 1888 1007 1950 masculino
1062 1907 1282 1968 genere
1338 1888 1482 1949 dicit
1537 1881 1697 1971 (Aen
1761 1890 1959 1949 VIIII
1995 1882 2154 1971 358)
2204 1885 2618 1967 ‘pictosque
2678 1888 3013 1970 tapetos’.

583 1994 805 2077 Turbo,
841 1998 891 2057 si
929 1998 1008 2057 sit
1042 1998 1380 2076 proprium,
1418 1994 1717 2056 Turbonis
1755 1997 1920 2071 l'acit,
1960 1998 2010 2055 si
2049 1994 2464 2075 appellativum
2476 1996 2804 2077 ,turbinis
2881 2017 3013 2059 nam

335 2115 381 2153 15
410 2102 529 2161 sive
584 2110 823 2183 ventuS,
878 2105 1000 2163 sive
1059 2121 1177 2182 quo
1244 2097 1458 2162 ludunt
1511 2103 1709 2180 pueri,
1777 2100 1873 2162 hic
1943 2101 2121 2162 turbo
2178 2100 2421 2161 dicitur:
2490 2100 2780 2180 Vergilius
2835 2096 3012 2186 (Aen.

424 2209 545 2269 VII
583 2202 748 2292 378)
796 2204 1022 2269 ‘torto
1069 2207 1200 2269 sub
1246 2206 1551 2267 verbere
1601 2201 1864 2266 turbo’.

584 2314 874 2376 Tumulus
912 2322 972 2375 et
1010 2325 1245 2376 tumens
1284 2314 1459 2374 tellus
1497 2322 1559 2374 et
1597 2332 1766 2374 mons
1813 2312 2012 2374 brevis
2051 2321 2110 2373 et
2148 2313 2490 2392 sepulcrum
2525 2334 2712 2394 aeque
2753 2326 3012 2379 vocatur.

582 2421 934 2503 Teloneum,
990 2439 1109 2482 non
1155 2420 1527 2501 theloneum,
1583 2419 1642 2479 id
1698 2429 1789 2481 est
1844 2439 1953 2500 per
2000 2429 2024 2481 t
2081 2419 2434 2501 simplicem,
2490 2439 2607 2481 non
2655 2425 3011 2502 aspiratione

407 2527 617 2588 addita.
691 2538 784 2589 est
829 2538 1028 2588 autem
1073 2545 1285 2607 graece
1333 2526 1510 2607 telos,
1554 2526 1733 2588 latine
1782 2525 2045 2605 vectigal.

330 2647 383 2684 20
583 2633 774 2695 Tabes
793 2643 1023 2696 tantum
1045 2635 1425 2714 singulariter
1445 2635 1680 2714 dicitur,
1701 2632 2034 2694 tendiculae
2056 2641 2115 2693 et
2136 2632 2417 2693 tenebrae
2439 2642 2665 2696 tantum
2687 2636 3012 2715 pluraliter.

582 2740 1012 2822 Vsquequaque
1052 2744 1212 2803 omni
1250 2740 1423 2802 modo
1464 2740 1780 2822 significat,
1828 2757 1936 2819 pro
1975 2757 2093 2818 quo
2135 2740 2196 2799 in
2244 2738 2483 2818 psalmis
2529 2742 2588 2801 in
2637 2760 2849 2822 graeco
2890 2737 3012 2817 ἕως

404 2842 669 2929 σφόδρα
708 2848 973 2931 legimuS,
1011 2849 1167 2929 quod
1207 2850 1633 2928 significantius
1668 2847 1848 2907 latine
1893 2854 2089 2925 potest
2126 2840 2341 2924 ‘usque
2380 2843 2566 2908 valde’
2605 2851 3006 2929 interpretari.

581 2955 653 3016 Vt
698 2955 1041 3017 adverbium
1088 2964 1180 3015 est
1225 2955 1399 3016 modo
1448 2956 1733 3033 temporis
1780 2961 1842 3014 et
1887 2954 2179 3032 significat
2222 2960 2562 3034 postquam,
2610 2955 2782 3016 modo
2826 2955 3007 3035 quali-

407 3064 542 3123 tatis
579 3071 639 3123 et
685 3063 975 3142 significat
1021 3061 1543 3142 quemadmodum,
1589 3058 1763 3121 modo
1814 3059 2055 3139 optandi
2100 3068 2161 3120 et
2206 3060 2496 3136 significat
2542 3062 2784 3143 utinam,
2834 3064 3004 3123 modo

329 3169 654 3230 2⁵mirandi
719 3179 779 3230 et
835 3170 1126 3248 significat
1181 3188 1215 3227 o
1273 3185 1477 3248 quam,
1544 3166 1718 3226 modo
1775 3167 2115 3227 coniunctio
2173 3163 2450 3247 causalis,
2515 3159 2674 3249 (Iole.
2732 3168 2834 3244 17,
2890 3162 3008 3250 24)

405 3270 592 3334 ‘volo
639 3283 715 3335 ut
760 3273 880 3335 ubi
928 3293 1053 3354 ego
1100 3293 1249 3334 sum
1299 3284 1367 3335 et
1413 3276 1553 3353 ipsi
1602 3276 1751 3334 sint
1799 3267 2122 3333 mecum'.

579 3380 755 3442 Vacat
798 3360 972 3462 mibi,
1016 3398 1227 3460 graece
1276 3372 1602 3461 σχολάζω,
1651 3396 1790 3440 vaco
1839 3378 2072 3460 militia,
2117 3380 2450 3459 perfectum
2497 3381 2681 3439 vacui.

579 3486 801 3567 Vulgus
846 3490 1044 3548 neutri
1089 3489 1328 3567 generis
1375 3496 1466 3546 est
1513 3496 1574 3547 et
1618 3484 1908 3566 pluralem
1954 3503 2270 3547 numerum
2309 3504 2427 3546 non
2475 3485 2676 3561 habet,
2725 3486 2827 3546 sed
2870 3485 3007 3547 Ver·

400 3593 577 3672 gilius
622 3603 683 3654 et
727 3594 1050 3655 masculine
1098 3593 1339 3673 vulgum
1386 3591 1623 3672 extulit,
1669 3584 1847 3674 (Aen.
1888 3594 1966 3652 ΙΙ
2006 3585 2117 3675 98)
2168 3587 2362 3652 ‘binc
2411 3610 2750 3671 spargere
2802 3611 3010 3653 voces

323 3702 471 3760 δοίη
518 3701 803 3780 vulgum
851 3696 1267 3780 ambiguas'.

577 3807 690 3868 Vas
728 3808 888 3868 vadis
925 3810 1162 3887 generis
1200 3805 1513 3867 masculini
1559 3804 1632 3864 de
1670 3804 2029 3885 vadimonio,
2075 3824 2176 3866 vas
2213 3808 2368 3865 vasis
2406 3807 2605 3867 neutri
2643 3807 2715 3866 de
2756 3806 3007 3868 vasculo.

578 3912 677 3975 Vis
724 3914 1020 3993 duplicem
1067 3913 1244 3973 habet
1291 3911 1811 3992 significationem,
1858 3921 1919 3971 et
1963 3914 2200 3974 virtutis
2248 3912 2545 3993 videlicet,
2598 3931 2747 3990 quae
2794 3932 3005 3993 graece

400 4013 685 4099 δύναμις
729 4020 973 4101 dicitur,
1019 4028 1080 4081 et
1124 4019 1466 4098 violentiae,
1514 4036 1665 4097 quae
1711 4036 1923 4097 graece
1971 4016 2085 4096 βία
2135 4028 2393 4080 vocatur.

580 4125 858 4187 vecordia
915 4138 977 4187 et
1032 4128 1195 4187 virus
1250 4134 1481 4186 tantum
1529 4123 1910 4203 singulariter
1957 4124 2305 4186 efferuntur.
2346 4119 2356 4206 Ι
2397 4142 2608 4204 vepres
2656 4133 2714 4185 et
2762 4124 3006 4185 verbera

321 4246 373 4285 ³5
398 4244 458 4294 et
512 4236 737 4294 viscera
795 4253 913 4295 non
978 4232 1199 4294 habent
1252 4231 1613 4309 singularem
1670 4228 2124 4290 declinationem
2190 4233 2305 4291 nisi
2358 4240 2589 4293 tantum
2645 4231 2891 4292 verbere
2947 4243 3007 4293 et

402 4357 417 4361 -
444 4355 791 4363 ---——-·-——
810 4358 819 4361 -

573 4411 607 4459 2
641 4406 777 4460 tunc
812 4410 1039 4474 utroque
1075 4405 1189 4459 loco
1229 4403 1285 4456 P
1390 4409 1422 4457 6
1459 4400 1693 4455 audacio
1726 4401 1783 4454 P
1811 4401 2102 4456 audacitas
2146 4400 2281 4455 ML
2390 4408 2422 4455 8
2458 4403 2639 4471 tapeti
2666 4405 2857 4471 priore
2894 4405 3006 4458 loco

398 4499 498 4537 om.
537 4483 613 4537 M
618 4483 670 4536 L
777 4491 809 4539 9
848 4482 1130 4553 Vergilius
1166 4482 1263 4551 qui
1299 4481 1441 4536 forte
1477 4480 1765 4550 tapetibus
1803 4497 1905 4534 om.
1935 4480 2053 4538 ςΜ
2065 4480 2141 4547 L,
2181 4482 2308 4536 add.
2344 4481 2399 4534 P
2505 4489 2569 4535 12
2601 4485 2751 4536 ostro
2780 4499 2879 4536 om.
2911 4481 3008 4539 §L

502 4561 775 4634 alipedes]
805 4562 977 4632 pedes
1009 4562 1064 4616 P
1204 4559 1413 4631 tapetis
1450 4576 1551 4614 om.
1584 4560 1641 4613 P
1786 4566 1849 4613 13
1888 4559 2027 4616 dicit
2055 4562 2150 4620 sL
2187 4562 2482 4617 dicendum
2515 4563 2588 4615 M
2622 4560 2814 4616 datiuo
2852 4562 2908 4614 P

402 4640 688 4710 pictosque
722 4643 947 4711 tapetas
986 4640 1277 4696 Charisius
1314 4659 1378 4708 p.
1415 4645 1512 4705 62,
1549 4644 1585 4693 6
1725 4646 1791 4693 14
1838 4640 1885 4694 si
1931 4641 2336 4709 appellativum
2380 4640 2620 4695 turbinis
2656 4657 2756 4695 om.
2797 4642 2916 4699 ςΜ
2924 4641 3004 4709 L,

401 4720 524 4775 add.
556 4720 614 4773 P
721 4727 786 4776 16
823 4722 1001 4793 torto]
1039 4723 1163 4776 toto
1195 4720 1251 4773 P
1360 4726 1425 4774 19
1462 4720 1635 4790 telos]
1670 4722 1828 4776 telon
1868 4722 1942 4775 Μ
1951 4720 2004 4774 L
2110 4727 2177 4775 21
2217 4737 2317 4791 pro
2356 4721 2491 4791 quo]
2530 4738 2629 4789 per
2665 4721 2815 4790 quod
2857 4721 2913 4773 P

402 4805 466 4853 22
500 4802 660 4869 potes
700 4801 756 4855 P
879 4807 947 4855 25
986 4818 1020 4854 o
1059 4806 1186 4855 ante
1221 4817 1393 4868 quam
1432 4816 1532 4853 om.
1572 4800 1628 4853 P
1745 4807 1814 4854 27
1853 4799 2073 4854 malitia
2113 4800 2169 4854 P
2293 4800 2458 4855 uacui
2497 4800 2638 4854 PM
2671 4800 2870 4855 uacaui
2907 4801 3006 4859 s‘L

502 4886 567 4934 31
605 4879 792 4935 neutri
827 4898 928 4937 om.
971 4880 1136 4948 PM,
1173 4881 1302 4935 add.
1342 4880 1438 4937 sL
1578 4887 1646 4935 35
1685 4880 2024 4951 singularem
2060 4896 2162 4936 om.
2203 4881 2279 4935 M
