3613 5528
1554 391 1944 449 EXCERP'I'A
2909 392 3037 458 351

439 507 488 544 p.
515 495 563 536 ει
595 494 655 533 Η.

443 581 494 640 si
540 597 678 639 vero
726 596 963 658 quoque
1017 597 1128 659 pro
1184 577 1433 639 ablativo
1489 597 1627 640 casu
1684 578 2065 661 respondeat,
2120 581 2236 641 erit
2288 597 2614 659 pronomen
2663 626 2676 639 .
2724 597 2934 662 porro,
2991 581 3041 640 si

445 680 630 747 ‘vero'
663 679 673 770 Ι
704 687 1020 768 significat,
1076 688 1192 747 erit
1236 688 1607 770 coniunctio;
1651 689 1702 748 si
1747 706 1890 749 vero
1937 682 2175 771 ‘longe',
2221 689 2338 749 erit
2373 686 2716 748 adverbium
2746 735 2760 748 .
2789 687 3042 770 quando,

442 795 494 854 si
550 788 889 873 ‘quatenus'
946 794 1261 877 significat,
1323 795 1439 855 erit
1484 796 1849 877 coniunctio,
1910 801 1975 856 ut
2019 803 2161 875 puta
2209 789 2467 875 ‘quando
2505 794 2618 855 hoc
2656 793 2764 856 tibi
2799 789 3041 876 placet'3

443 902 495 961 si
542 909 806 983 tempuS,
852 903 969 962 erit
1012 900 1382 984 adverbium,
1428 909 1497 962 ut
1540 909 1682 982 puta
1730 898 1987 982 ‘quando
2025 897 2149 964 fiet'
2197 947 2213 963 .
2259 920 2641 982 quamquam,
2689 905 2896 963 sinon
2931 920 3040 983 pro

389 1021 417 1062 5
442 1009 774 1069 accusativo
821 1025 964 1069 casu
1009 1007 1392 1091 respondeat,
1449 1010 1565 1069 erit
1618 1011 1988 1091 coniunctio,
2042 1017 2110 1071 ut
2164 1010 2317 1090 apud
2376 1008 2723 1072 Ciceronem
2771 1005 3039 1089 ‘quam-

441 1132 648 1194 quam
720 1124 966 1195 patres
1041 1109 1509 1196 conscripti'3
1583 1117 1633 1176 si
1702 1134 1841 1177 vero
1906 1135 2261 1197 quamquam
2333 1135 2443 1198 pro
2503 1118 2837 1178 accusativo
2897 1135 3040 1178 casu

440 1222 821 1304 respondeat,
892 1223 1006 1284 erit
1062 1241 1392 1304 pronomen
1451 1269 1466 1284 .
1526 1225 1613 1284 sic
1673 1232 1734 1285 et
1792 1222 1937 1285 aliae
1999 1225 2232 1304 quando
2290 1228 2414 1287 sint
2471 1227 2922 1286 coniunctiones
2982 1232 3045 1286 et

441 1329 674 1410 quando
722 1329 850 1391 aliis
895 1328 1164 1411 partibus
1211 1332 1496 1393 orationis
1540 1329 1973 1413 respondeant,
2019 1335 2469 1408 intelleyuntur.

615 1436 792 1498 Enim
851 1440 1072 1499 etenim
1132 1440 1433 1499 enimvero
1494 1439 1944 1498 coniunctiones
2018 1438 2332 1501 voluerunt
2404 1437 2586 1517 aliqui
2657 1446 2721 1499 et
2792 1438 3042 1500 causalis

363 1559 414 1598 10
443 1547 665 1625 speciei
723 1547 984 1606 retinere
1044 1552 1428 1626 potestatem,
1488 1562 1738 1625 quarum
1798 1530 2080 1607 discretio
2141 1547 2296 1627 apud
2357 1553 2633 1608 auctores
2693 1545 2849 1608 nulla
2911 1565 3041 1609 esse

440 1654 764 1734 reperitur,
813 1659 874 1712 et
917 1652 1052 1713 ideo
1100 1670 1464 1732 supervacue
1509 1652 1623 1713 hoc
1670 1649 1888 1713 dixisse
1936 1651 2379 1731 intelleguntur.

616 1758 764 1820 Item
825 1768 967 1820 sunt
1018 1761 1499 1840 coniunctiones»,
1561 1776 1711 1837 quae
1772 1761 1950 1820 metri
2005 1759 2095 1820 vel
2152 1767 2491 1821 structurae
2545 1762 2899 1821 necessitate
2956 1763 3043 1823 sic

441 1868 824 1928 inveniuntur
879 1867 1327 1946 transfiguratae
1373 1862 1542 1945 †rgo
1596 1874 1666 1926 ut
1720 1865 1876 1946 apud
1930 1864 2138 1927 libium
2194 1874 2374 1947 epton
2429 1866 2718 1927 desistere
2776 1875 3042 1947 tempore

441 1975 667 2052 quievit
710 2020 723 2033 .
770 1976 913 2034 item
961 1981 1101 2035 sunt
1146 1976 1249 2053 qui
1296 1967 1470 2034 ‘sine'
1518 1990 1627 2052 pro
1676 1974 2094 2034 coniunctione
2141 1975 2434 2054 accipiant
2477 1972 2749 2035 rationali
2795 2021 2809 2035 .
2857 1992 3040 2053 quare

363 2092 415 2133 1⁵
443 2080 556 2141 hoc
602 2097 940 2161 monemuS,
986 2080 1144 2159 quod
1193 2075 1367 2141 ‘sine'
1415 2096 1738 2158 numquam
1778 2097 1902 2157 pro
1947 2081 2364 2142 coniunctione
2412 2082 2608 2142 veniat
2649 2082 2712 2141 in
2759 2083 3043 2163 oratione,

442 2196 503 2249 et
545 2188 678 2249 ideo
725 2187 937 2248 salsum
983 2195 1077 2249 est
1122 2181 1297 2248 ‘sine'
1342 2188 1502 2247 inter
1547 2186 1997 2247 coniunctiones
2042 2188 2362 2250 inmittere.

616 2294 690 2356 At
734 2296 1075 2357 coniunctio
1122 2293 1398 2356 omnibus
1446 2292 1680 2354 casibus
1725 2295 2140 2373 praeponitur:
2186 2295 2574 2378 nominativo,

943 2410 1011 2464 at
1055 2404 1306 2482 regina
1351 2403 1549 2481 gravi
1594 2399 2000 2463 iamdudum
2047 2404 2291 2464 saucia
2339 2419 2538 2482 cura,

440 2512 739 2592 genetivo,
785 2504 886 2571 ‘at
929 2510 1146 2570 furiis
1192 2508 1361 2570 Caci
1406 2526 1603 2570 mens
1648 2502 1930 2584 effera',
1977 2507 2200 2591 dativo,
2253 2505 2354 2571 ‘at
2409 2509 2544 2571 tibi
2589 2530 2715 2591 pro
2763 2510 3040 2572 scelere

358 2629 412 2668 2⁰
442 2611 840 2699 exclamat',
900 2619 1262 2699 accusativo,
1327 2611 1428 2677 ‘at
1481 2633 1587 2676 me
1641 2624 1788 2677 tum
1846 2634 2104 2678 saevus
2160 2619 2657 2679 circumstetit
2729 2612 3042 2699 horror',

439 2725 734 2808 vocativo,
780 2720 879 2788 ‘at
926 2733 997 2787 tu
1043 2724 1294 2806 dictis,
1339 2720 1638 2805 Albane,
1681 2717 2065 2804 maneres',
2111 2722 2381 2807 ablativo,

935 2839 1003 2893 at
1048 2840 1254 2913 parte
1301 2851 1382 2893 ex
1430 2829 1595 2911 alia,
1640 2848 1775 2910 qua
1827 2848 1991 2891 saxa
2039 2834 2357 2894 rotantia
2402 2832 2545 2894 late

933 2939 1291 3003 intulerat
1334 2948 1642 3000 torrens.

1312 3157 1432 3223 DE
1478 3154 2173 3225 PRAEPOSITIONE

363 3326 416 3367 25
619 3305 985 3387 Praepositio
1014 3304 1156 3386 quid
1186 3301 1319 3368 est?
1372 3304 1517 3366 Pars
1553 3304 1838 3365 orationis
1877 3322 2026 3384 quae
2063 3308 2450 3386 praeponitur
2485 3306 2824 3369 nominibus
2862 3315 3040 3387 atque

616 3484 687 3533 24
721 3479 818 3534 DE
856 3476 1439 3534 PRAEPOSITIONE
1482 3475 1649 3534 Prob.
1686 3480 1848 3543 147,4

618 3683 646 3731 1
687 3677 736 3732 si
771 3695 841 3733 ue
877 3692 940 3732 ro
977 3692 1142 3746 quoq.
1179 3691 1284 3767 pro
1320 3672 1572 3730 ablatiuo
1609 3689 1746 3728 casn
1780 3690 1893 3729 non
1935 3674 2273 3745 respondeat·
2303 3672 2361 3727 Β
2503 3672 2674 3729 Porro
2720 3675 2768 3730 si
2813 3692 2948 3732 uero
2993 3676 3040 3732 si

440 3773 571 3812 uero
608 3756 887 3828 significat
920 3757 977 3811 B
1011 3773 1178 3826 porro
1217 3754 1266 3810 si
1300 3771 1493 3810 verum
1531 3753 1813 3823 significat
1843 3753 2062 3810 Probus
2087 3772 2151 3825 Ρ.
2179 3758 2380 3822 145βο
2487 3760 2520 3809 2
2557 3754 2606 3810 si
2632 3772 2762 3811 uere
2789 3757 2956 3827 longe
2983 3756 3041 3811 Β

511 3843 543 3892 5
579 3837 731 3907 apud
770 3837 1113 3909 Ciceronem]
1151 3838 1213 3892 in
1243 3836 1406 3891 Catil.
1437 3834 1605 3888 IIII
1638 3838 1762 3901 6,11
1912 3840 1942 3888 7
1980 3834 2059 3889 sic
2097 3836 2156 3889 et
2190 3832 2492 3904 aliquando
2530 3835 2948 3891 coniunctiones
2983 3839 3043 3892 et

440 3919 661 3990 quando
709 3917 914 3990 aliquis
963 3916 1215 3987 partibus
1253 3914 1520 3972 orationis
1554 3914 1941 3984 respondeant.
2005 3914 2169 3968 Enim
2213 3913 2270 3967 B
2431 3919 2463 3968 9
2510 3913 2710 3987 aliqui]
2760 3917 2828 3983 cf.
2878 3917 3038 3975 Prob.

430 4017 491 4090 Ρ.
538 4004 736 4066 144,15
882 4006 949 4053 10
993 3998 1341 4068 potestatum
1375 3995 1431 4049 Β
1578 3999 1643 4048 12
1689 3995 2220 4065 transfigurataergo
2264 3992 2322 4047 Β
2467 3999 2534 4047 14
2571 3993 2811 4066 quievit]
2859 3995 3043 4064 quiuit

439 4079 503 4132 in
553 4080 801 4148 maryine
854 4078 1058 4133 codicis
1111 4077 1451 4145 ademptum
1495 4079 1573 4130 est
1614 4091 1786 4129 manu
1833 4074 1992 4129 Petri
2034 4072 2293 4128 Danielis
2338 4112 2351 4125 .
2397 4073 2491 4127 sed
2544 4074 2690 4129 unde
2742 4076 3041 4144 &ternplum

432 4160 665 4228 petitum
718 4159 817 4225 ait,
870 4158 955 4213 vel
998 4174 1163 4226 quam
1208 4157 1640 4213 coniunctionem
1682 4155 2071 4224 yrammaticus
2123 4155 2578 4226 transfiqwratam
2631 4169 2740 4208 esse
2791 4155 3038 4223 voluem't,

430 4243 657 4308 propter
693 4241 1008 4307 corruptam
1043 4236 1246 4291 codicis
1279 4237 1614 4304 scripturam
1648 4238 1791 4289 certo
1828 4234 1943 4289 dici
1976 4250 2091 4289 non
2119 4239 2312 4304 potest.
2397 4234 2628 4303 Veryilii
2661 4248 2873 4289 versum
2898 4234 3039 4292 Aen.

440 4318 483 4371 Ι
523 4322 597 4373 37
652 4333 816 4372 mene
864 4316 1087 4386 incepto
1143 4315 1412 4372 desistere
1465 4314 1677 4370 victam
1731 4314 1797 4368 de
1850 4330 1921 4369 ne
1966 4315 2349 4371 coniwnctione
2394 4314 2690 4383 adscripsit
2735 4314 2949 4369 Probus
2975 4333 3038 4385 Ρ.

438 4401 676 4464 145,17.
707 4395 826 4452 sine
854 4415 891 4451 a
925 4396 1253 4466 quibusdam
1286 4396 1521 4465 ἣρω-ατε
1556 4394 1663 4462 zeqi
1697 4394 1984 4449 adnotavit
2018 4396 2161 4451 idem
2178 4412 2239 4465 Ρ.
2265 4399 2467 4461 -144,18
2607 4393 2746 4448 item
2775 4424 2842 4433 —
2870 4392 3040 4449 ratio-

437 4477 576 4549 nali]
620 4476 746 4532 Sint
781 4478 841 4532 et
874 4474 1011 4532 item
1048 4478 1179 4531 sunt
1215 4474 1310 4545 qui
1348 4474 1493 4530 sinet
1526 4489 1628 4543 pro
1668 4473 2056 4530 coniunctione
2094 4473 2375 4545 accipiant
2408 4472 2684 4530 rationem
2719 4472 2808 4528 illi
2841 4473 2898 4527 B

443 4562 508 4611 15
544 4557 694 4626 quod
732 4557 866 4611 sunt
899 4573 1206 4626 numquam
1236 4554 1627 4611 coniunctione
1655 4555 1845 4611 ueniat
1869 4557 1929 4611 in
1957 4556 2208 4611 oratioue
2235 4556 2291 4610 Β
2437 4561 2501 4610 18
2540 4554 2603 4608 at
2627 4552 2842 4625 regina]
2882 4553 3037 4625 Ver-9.

438 4637 575 4691 Aen.
608 4637 777 4691 IIII
800 4641 832 4691 1
982 4643 1045 4692 19
1085 4635 1410 4707 genet-atino
1448 4634 1522 4689 ad
1556 4634 1781 4690 furienti
1816 4652 1974 4690 mens
2000 4636 2057 4690 Β
2067 4657 2081 4691 2
2131 4636 2284 4706 Very.
2324 4635 2462 4691 Aen.
2512 4633 2690 4687 VIII
2719 4638 2836 4690 205
2979 4638 3041 4690 at

440 4716 568 4789 tibi]
619 4716 775 4786 Very.
814 4720 951 4772 Aen.
992 4717 1078 4771 ΙΙ
1118 4721 1229 4771 535
1370 4721 1442 4769 20
1487 4716 1548 4770 at
1591 4715 1706 4785 me]
1770 4714 1926 4786 Very.
1963 4716 2101 4770 Am.
2141 4716 2228 4770 II
2269 4720 2377 4772 559
2520 4720 2587 4769 21
2626 4715 2685 4769 at
2733 4714 2824 4786 tu]
2882 4715 3038 4787 Very.

441 4796 577 4852 Aen.
627 4795 806 4851 VIII
830 4801 939 4852 643
1083 4802 1152 4851 22
1188 4797 1251 4850 at.
1286 4795 1472 4866 parte]
1514 4794 1668 4865 Verq.
1696 4795 1837 4851 Am.
1871 4796 1934 4850 X
1960 4800 2076 4852 362
2221 4801 2290 4850 24
2326 4795 2423 4850 DE
2451 4793 3038 4852 PRAEPOSITIONE

441 4892 540 4933 om.
576 4876 635 4930 Β
