3613 5528
1516 449 1900 505 EXCERPTA
2874 451 3005 516 355

401 561 446 599 p.
475 553 541 592 84.
568 550 621 593 35
652 550 713 591 Η.

404 654 435 697 a
483 654 618 715 quo
665 654 802 697 non
850 645 1192 717 receptus
1238 637 1450 697 etiam
1495 636 1574 697 ad
1626 655 1727 697 me
1784 638 2030 698 venire
2089 655 2305 698 ausus
2364 633 2487 720 es',
2543 647 2603 700 et
2651 634 2888 699 ‘Caesar
2934 637 3002 699 ad

404 738 668 805 Italiam'.

578 849 664 911 Ex
705 859 765 913 et
801 850 873 912 ab
911 852 1379 932 praepositiones
1426 851 1605 931 aliqui
1653 850 2043 930 sequentibus
2081 850 2544 912 consonantibus
2583 852 2673 913 vel
2713 851 3007 913 vocalibus

405 959 533 1021 loco
591 960 1042 1021 consonantium
1098 960 1308 1039 positis
1364 957 1570 1019 dicunt
1625 961 1959 1039 corrumpi,
2017 967 2083 1020 ut
2137 968 2279 1039 puta
2335 978 2367 1019 e
2423 960 2581 1041 soro,
2635 979 2667 1020 a
2722 958 2946 1020 lunone
2995 1007 3008 1020 .

350 1079 377 1120 ὅ
405 1066 508 1128 sed
556 1067 668 1128 hoc
708 1085 1045 1148 monemus,
1092 1065 1250 1145 quod
1287 1064 1396 1127 hae
1434 1067 1904 1146 praepositiones
1942 1084 2060 1128 non
2099 1084 2207 1147 per
2244 1067 2440 1127 omnia
2477 1068 2563 1126 sic
2600 1073 3008 1146 perseverent:

403 1176 591 1253 siquis
637 1175 857 1237 etenim
904 1173 1060 1234 dicat
1107 1168 1600 1250 ‘†instrumentis
1656 1168 1886 1255 doceo',
1942 1168 2037 1234 ‘ab
2093 1172 2449 1235 scholastico
2505 1168 2722 1234 audivi'
2771 1221 2784 1234 .
2831 1191 3008 1252 qnam

403 1283 758 1362 imperitiam
818 1287 1206 1342 contemnens
1261 1279 1577 1341 Sallustius
1632 1299 1812 1361 supra
1868 1280 2056 1342 dictas
2101 1284 2573 1362 praepositiones
2622 1281 3009 1362 sequentibus

404 1389 869 1452 consonantibus
915 1391 1176 1468 integras
1222 1389 1626 1468 pronuntiavit
1670 1386 1875 1448 dicens
1933 1384 2119 1449 ‘nam
2165 1397 2313 1450 tum
2357 1387 2625 1451 Brutus
2672 1389 2754 1451 ab
2799 1389 3011 1450 Roma

405 1492 705 1558 aberat'.
748 1491 758 1580 Ι

324 1617 376 1656 10
580 1604 700 1666 Abs
746 1605 1103 1685 praepositio
1152 1603 1414 1682 quinque
1462 1619 1640 1663 sonos
1688 1604 1906 1663 excitat
1952 1612 2208 1685 tantum,
2264 1604 2322 1664 id
2381 1612 2474 1666 est
2530 1604 2754 1684 absque
2802 1603 3010 1684 absqui

404 1720 466 1773 et
511 1720 710 1773 cetera
755 1711 908 1773 talia.

580 1819 666 1879 Ad
706 1827 767 1880 et
802 1816 955 1898 apud
994 1819 1465 1898 praepositiones
1503 1817 1590 1877 sic
1626 1816 2083 1899 intelleguntur,
2128 1828 2196 1880 ut
2232 1826 2374 1899 puta
2413 1822 2464 1880 si
2501 1818 2662 1880 dicas
2701 1814 2795 1880 ‘ad
2834 1837 3011 1899 quem

405 1921 646 2008 studet’,
693 1926 984 2006 significat
1021 1921 1328 1986 ‘adversus
1366 1943 1542 2004 quem
1584 1920 2007 2007 machinatur'3
2054 1934 2113 1987 at
2151 1944 2290 1987 vero
2331 1929 2381 1988 si
2418 1925 2579 1987 dicas
2617 1922 2795 2007 ‘apud
2835 1945 3012 2005 quem

406 2029 647 2116 studet’,
696 2034 987 2113 significat
1033 2028 1129 2093 ‘ex
1176 2051 1294 2112 quo
1341 2027 1555 2093 discit'.

330 2151 381 2192 15
584 2141 1065 2221 Praepositiones
1111 2139 1291 2203 huius
1338 2143 1484 2203 artis
1531 2140 1681 2202 lator
1729 2158 1848 2201 non
1896 2142 2233 2201 necessario
2281 2139 2425 2201 dicit
2478 2141 2819 2203 nominibus
2875 2144 3010 2203 civi·

409 2249 616 2310 tatium
661 2246 935 2328 adiungi,
981 2254 1049 2308 ut
1093 2255 1235 2328 puta
1283 2243 1552 2308 ‘Romam
1598 2241 1813 2328 venio',
1860 2242 2301 2336 ‘Karthaginem
2349 2243 2444 2308 eo'
2492 2258 2553 2308 et
2588 2256 2786 2310 cetera
2825 2248 2958 2310 talia
2997 2296 3012 2310 .

408 2355 510 2416 sed
548 2354 661 2416 hoc
697 2354 936 2435 plurimi
974 2363 1249 2416 auctores
1288 2351 1787 2416 contemnendum
1827 2355 2342 2436 existimaverunt,
2380 2363 2446 2416 ut
2483 2353 2637 2435 apud
2668 2355 3013 2418 Sallustium

408 2458 702 2524 ‘Marius
768 2461 845 2524 ad
911 2462 1151 2524 Talam
1218 2456 1659 2542 prosectns'3
1723 2462 1865 2522 item
1929 2460 2084 2522 idem
2154 2455 2340 2523 ‘nam
2405 2470 2550 2523 tum
2604 2461 2875 2524 Brutus
2931 2463 3012 2525 ab

407 2570 617 2631 Roma
664 2564 946 2631 aberat'
994 2617 1007 2630 .
1054 2571 1140 2631 sic
1188 2577 1249 2630 et
1295 2578 1491 2630 cetera
1538 2567 1689 2628 talia.

328 2689 382 2730 2⁰
586 2677 780 2758 Super
825 2678 1324 2757 praepositionem
1363 2673 1591 2736 Plinius
1630 2672 1941 2735 Secundus
1981 2693 2052 2734 ex
2096 2674 2189 2736 his
2229 2675 2421 2738 tribus
2458 2676 3014 2757 praepositionibuS,

408 2788 465 2848 id
514 2794 607 2847 est
651 2803 831 2866 supra
884 2785 957 2846 de
1012 2786 1101 2865 in,
1155 2784 1280 2845 vult
1333 2783 1553 2845 habere
1612 2784 2129 2867 significationem,
2188 2792 2254 2846 ut
2308 2794 2453 2866 puta
2507 2804 2714 2867 supra,
2775 2781 3014 2848 ‘saeva

409 2893 667 2955 sedens
714 2881 934 2973 super
981 2886 1222 2973 arma',
1267 2893 1409 2952 item
1456 2886 1670 2951 ‘socii
1717 2892 2110 2952 exanimem
2147 2910 2368 2973 super
2406 2910 2593 2953 arma
2630 2888 3015 2975 ferebant',

409 3001 467 3063 id
516 3008 608 3062 est
653 3018 860 3080 supra:
907 3000 1008 3083 de,

648 3107 864 3169 multa
911 3124 1130 3187 super
1176 3106 1456 3167 Priamo
1503 3106 1861 3186 rogitanS,
1909 3122 2128 3184 super
2174 3104 2481 3167 Hectore
2528 3106 2773 3189 multa,

328 3226 382 3268 2⁵
410 3217 468 3278 itl
523 3224 616 3277 est
670 3214 743 3276 de
797 3213 1031 3275 Priamo
1091 3223 1151 3276 et
1207 3210 1280 3274 de
1336 3211 1623 3293 Hectore3
1679 3213 1823 3273 item
1880 3213 1941 3272 in
1997 3210 2348 3291 Iugurthino
2404 3212 2558 3274 bello
2616 3208 2730 3274 ‘ne
2797 3232 3015 3295 super

413 3323 538 3384 tali
602 3321 884 3383 scelere
949 3329 1373 3402 suspectum
1447 3338 1520 3380 se
1594 3313 1953 3400 haheret'‚
2025 3319 2084 3379 id
2149 3327 2242 3380 est
2304 3318 2377 3381 de
2442 3320 2545 3381 tali
2610 3321 2863 3383 scelere:
2936 3324 3015 3403 in,

411 3425 714 3510 ‘gemina
755 3448 972 3510 super
1010 3428 1267 3490 arbore
1307 3421 1608 3506 sidunt',
1652 3425 1711 3489 id
1752 3429 1941 3486 estin
1980 3424 2220 3509 arbore3
2267 3428 2411 3488 item
2458 3422 2746 3490 ‘fronde
2794 3447 3015 3509 super

408 3531 677 3619 viridi'‚
719 3536 833 3597 hoc
879 3544 973 3597 est
1015 3538 1079 3597 in
1124 3534 1297 3596 viridi
1343 3534 1569 3595 fronde.

585 3643 670 3705 De
714 3645 1152 3724 praepositione
1199 3650 1485 3723 quantum
1531 3643 1682 3703 ratio
1727 3640 2012 3721 poscebat
2057 3642 2490 3721 respondimus.

589 3814 617 3862 1
657 3809 738 3877 es]
778 3808 862 3862 est
895 3807 951 3861 Β
1095 3813 1127 3861 3
1166 3805 1527 3876 sequentibus
1562 3804 2032 3873 consequentibus
2069 3805 2398 3861 sonantibus
2436 3807 2528 3862 uel
2564 3807 2856 3863 uocalibus
2892 3807 3016 3863 loco

1677 3879 2035 3891 00000000000

411 3896 843 3952 consonantibus
880 3897 974 3952 uel
1010 3895 1301 3952 uocalibos
1336 3895 1460 3951 loco
1498 3894 1925 3951 consonantium
1968 3894 2143 3965 positi
2190 3895 2269 3950 sic
2319 3894 2439 3965 indi
2488 3897 2554 3951 ut
2596 3898 2735 3967 puta
2777 3897 2897 3952 fero
2943 3898 3016 3952 ab

408 3976 615 4032 iunone
651 3976 708 4030 B
870 3985 902 4033 6
939 3978 1170 4045 fortasse
1214 3978 1280 4031 ut
1325 3975 1497 4044 siquis
1543 3975 1695 4030 dicat
1742 3991 1811 4030 ex
1858 3974 2079 4045 scriptis
2126 3975 2299 4031 doceo
2336 4017 2348 4029 .
2389 3977 2673 4043 lammam,
2727 3995 2839 4047 qua
2886 3993 3015 4047 apo-

408 4059 555 4113 dosis
589 4058 898 4124 excidisset,
936 4063 1064 4127 post
1101 4055 1292 4111 audivi
1326 4056 1598 4110 indicavit
1638 4055 1856 4110 Thurot
1888 4072 2048 4111 revue
2093 4057 2322 4125 critique
2367 4074 2419 4113 α.
2466 4061 2615 4111 1877
2651 4074 2714 4126 p.
2762 4064 2875 4113 308

411 4145 443 4193 8
479 4154 610 4192 nam
655 4138 800 4208 tum]
850 4137 1075 4193 Sallust.
1126 4137 1288 4192 Cam.
1326 4141 1455 4205 40,5
1616 4143 1676 4190 11
1736 4138 1926 4191 cetera.
1980 4134 2093 4190 alia
2146 4137 2203 4190 Β
2368 4143 2433 4191 14
2489 4136 2766 4207 significat
2821 4138 2892 4193 ad
2947 4155 3014 4194 ex

409 4218 662 4286 quodicis
698 4218 755 4272 Β
919 4223 985 4273 15
1021 4218 1189 4272 huius
1235 4216 1372 4272 artis
1416 4216 1590 4288 lator]
1644 4216 1808 4272 Prob.
1843 4234 1900 4287 p.
1941 4222 2140 4283 150,21
2307 4222 2373 4271 16
2411 4218 2470 4270 el:
2516 4216 2784 4272 ceteralia.
2818 4217 2874 4270 Β

411 4304 477 4352 18
514 4296 720 4353 marius
756 4298 829 4353 ad
865 4298 1008 4354 talia,
1041 4299 1127 4353 B:
1166 4297 1393 4353 Sallust.
1433 4298 1562 4367 Iuy.
1603 4302 1732 4363 75,6
1780 4312 1846 4352 eo
1892 4297 2060 4352 modo
2105 4296 2409 4351 instructus
2456 4296 2529 4350 sd
2565 4295 2804 4351 Thalam
2851 4298 3015 4367 profi·

409 4376 633 4433 ciscitur
793 4396 924 4433 nam
968 4378 1115 4450 tum]
1163 4378 1391 4451 Sallust:
1444 4377 1604 4434 Cata.
1651 4380 1780 4442 40‚5
1946 4381 2011 4429 19
2060 4378 2249 4431 cetera
2293 4376 2408 4431 alia
2452 4377 2507 4430 Β
2669 4384 2738 4433 20
2774 4377 3014 4450 Plinius]

408 4455 627 4527 plenius
662 4458 718 4512 Β
758 4500 770 4512 .
807 4459 1050 4528 quaestio
1087 4459 1154 4513 de
1189 4475 1355 4526 super
1383 4458 1794 4527 praepositione
1829 4473 1985 4526 saepe
2020 4474 2058 4511 a
2092 4458 2466 4527 qrammaticis
2510 4461 2775 4526 tractata,
2823 4457 3016 4513 Plinio

409 4538 479 4593 ab
517 4538 648 4593 aliis
683 4539 897 4594 tributa
930 4554 1045 4595 non
1081 4543 1157 4594 est
1301 4543 1367 4591 21
1408 4554 1541 4592 seua.
1578 4538 1774 4593 sedens
1814 4554 1980 4608 super
2017 4553 2173 4591 arma.
2208 4537 2465 4592 ferebant
2508 4537 2568 4591 id
2605 4540 2693 4594 est
2729 4557 2896 4610 supra
2934 4539 3015 4594 De

408 4623 459 4673 et
494 4620 557 4673 in
591 4622 839 4690 margine
876 4624 1003 4689 post
1048 4636 1208 4673 arma.
1251 4619 1485 4688 antiqua
1528 4634 1699 4672 manu
1743 4617 1804 4672 id
1850 4620 1936 4674 eet
1981 4634 2151 4687 supra
2193 4616 2330 4672 item
2378 4616 2514 4672 socii
2561 4619 2815 4674 examine
2853 4637 3017 4689 super

410 4715 568 4753 arma
601 4699 657 4753 Β
697 4741 710 4754 .
761 4700 915 4769 Very.
962 4703 1101 4754 Aen.
1149 4699 1193 4752 Ι
1225 4704 1357 4755 295.
1411 4698 1472 4751 X
1506 4703 1611 4753 841
1757 4704 1826 4752 24
1864 4697 2064 4768 multa]
2126 4697 2281 4767 Very.
2322 4698 2460 4752 Aen.
2502 4698 2546 4751 ·1
2579 4704 2689 4754 '750
2832 4705 2901 4754 25
2946 4717 3018 4757 ne

410 4779 598 4850 super]
647 4779 873 4835 Sallust.
916 4781 1045 4849 qu.
1083 4784 1211 4845 71,5
1357 4784 1427 4832 26
1472 4778 1682 4833 scelera.
1717 4779 2020 4846 posteriore
2066 4778 2181 4831 loco
2227 4778 2282 4831 Β
2436 4784 2504 4832 27
2552 4777 2798 4849 gemina]
2857 4778 3014 4849 Very.

412 4860 549 4914 Aen.
600 4859 693 4915 VI
725 4865 841 4915 203
984 4859 1186 4914 sedunt
1219 4858 1274 4912 A
1418 4856 1636 4927 fronde]
1686 4857 1843 4928 Very.
1882 4857 2054 4912 bucol.
2091 4862 2216 4925 1,81
2364 4863 2432 4913 28
2478 4858 2536 4912 in
2580 4856 2749 4913 viridi
2794 4858 3014 4933 fronde]

410 4939 470 4994 in
507 4938 684 4994 uiride
723 4943 767 4992 Β
2421 4944 2425 4948 Α
