3613 5528
1228 443 1574 500 EXEMPLA
1610 442 2141 500 ELOOVTIONVM
2855 443 2983 509 441

389 625 701 688 Parrhasio
747 629 962 709 partim
1009 628 1120 691 alia
1167 648 1342 692 manu
1389 630 1700 712 adscriptis
1749 632 2109 693 coniecturis
2165 630 2255 691 vel
2309 632 2456 712 ipsis
2503 631 2699 693 verbis
2746 635 2985 694 mutatis

390 742 660 795 correcta
705 742 813 797 est.

531 841 653 904 -Ex
698 842 790 904 his
837 843 1070 904 duobus
1114 843 1413 906 Parrhasii
1460 844 1763 907 codicibus
1811 848 2003 906 omnis
2048 846 2322 906 Arusiani
2368 848 2576 908 notitia
2625 847 2694 908 ad
2743 865 2846 907 eos
2884 849 2986 927 qui

388 956 593 1029 postea
657 950 748 1011 vel
811 958 1000 1012 totum
1065 949 1283 1012 librum
1347 951 1796 1033 descripserunt
1859 952 1950 1013 vel
2025 951 2289 1031 singulos
2363 952 2526 1014 locos
2597 972 2670 1014 ex
2744 973 2813 1016 eo
2889 954 2987 1015 de·

389 1067 812 1137 prompserunt
864 1066 1183 1139 propagata
1231 1066 1323 1120 est
1370 1108 1383 1119 .
1432 1060 1645 1120 horum
1701 1062 1931 1141 primus
1989 1059 2100 1120 fuit
2162 1057 2373 1119 Ianus
2438 1058 2725 1121 Pierius
2788 1059 2986 1121 Vale·

391 1166 665 1246 rianuS,
712 1166 814 1244 qui
859 1167 920 1226 in
968 1165 1453 1246 castigationibus
1500 1169 1559 1228 in
1609 1166 1917 1246 Virgilium
1956 1165 2175 1226 Romae
2214 1184 2263 1226 a.
2308 1162 2471 1228 1521
2515 1170 2773 1247 primum
2813 1167 2987 1229 editis

391 1289 525 1332 cum
600 1272 743 1333 alios
815 1276 1253 1355 grammaticos,
1326 1292 1476 1353 quos
1540 1292 1571 1334 a
1635 1273 1950 1334 Parrhasio
2024 1280 2359 1354 acceperat,
2432 1280 2557 1334 tum
2632 1274 2988 1336 Arusianum

391 1383 625 1461 saepius
671 1382 1152 1442 commemoravit
1198 1428 1211 1441 .
1260 1380 1331 1441 de
1397 1381 1601 1442 codice
1667 1388 1867 1441 autem
1930 1398 2048 1459 quo
2113 1397 2259 1441 usus
2316 1388 2409 1442 est
2463 1380 2671 1443 scribit
2726 1381 2871 1443 haec
2925 1386 2987 1443 in

389 1485 558 1567 Verg.
597 1486 787 1549 bucol.
831 1485 992 1569 1,80,
1040 1483 1186 1549 ‘Sed
1234 1490 1396 1550 hanc
1441 1495 1673 1550 noctem
1721 1489 1989 1566 agnoscit
2024 1486 2354 1547 Arusianus
2392 1486 2622 1549 Messus
2668 1491 2730 1549 in
2778 1489 2987 1551 eodem

390 1592 803 1656 Elocutionum
859 1593 1080 1675 libelle,
1144 1596 1247 1673 qui
1311 1594 1455 1655 falso
1521 1593 1633 1655 sub
1690 1593 1933 1656 alterius
1997 1597 2234 1655 nomine
2301 1596 2751 1679 circumfertur,
2816 1599 2988 1659 cuius

389 1701 706 1781 legitimam
770 1703 1216 1781 inscriptionem
1290 1704 1488 1762 inveni
1560 1703 1619 1763 in
1683 1700 1809 1762 Iani
1874 1701 2171 1762 Parrhasii
2233 1698 2629 1765 Bibliotheca'
2695 1753 2707 1766 .
2774 1704 2986 1766 deinde

390 1809 439 1869 N
451 1808 723 1870 icolaus
770 1807 1115 1870 Heinsius
1161 1827 1210 1869 a.
1252 1805 1450 1889 1647,
1497 1818 1621 1870 tum
1661 1826 1798 1870 cum
1836 1828 1944 1889 per
1981 1808 2204 1888 aliquot
2240 1828 2475 1872 menses
2513 1810 2755 1892 Neapoli
2791 1830 2985 1874 versa-

390 1915 589 1998 batur,
633 1915 931 1977 Parrhasii
978 1915 1213 1977 codices
1260 1915 1404 1977 vidit
1448 1923 1510 1977 et
1554 1915 1808 1978 alterum
1856 1934 2062 1977 eorum
2109 1916 2423 1998 descripsit
2471 1966 2483 1979 .
2532 1937 2646 1998 qua
2693 1918 2766 1979 de
2814 1937 2880 1979 re
2927 1922 2986 1980 in

390 2023 619 2086 duabus
665 2023 935 2104 epistulis
980 2021 1224 2103 Neapoli
1270 2022 1342 2083 ad
1388 2023 1430 2084 1.
1478 2023 1540 2084 F.
1588 2023 1947 2087 Gronovium
1997 2024 2149 2086 datis
2194 2025 2434 2104 scripsit
2469 2024 2615 2085 haec
2652 2024 2777 2105 syll.
2817 2028 2987 2106 epist.

391 2131 480 2192 ed.
526 2131 724 2193 Burm.
774 2151 822 2192 v.
871 2130 950 2191 111
997 2150 1052 2210 p.
1106 2127 1225 2192 181
1288 2129 1382 2191 die
1430 2127 1519 2192 20
1564 2129 1677 2192 Mai
1725 2149 1773 2193 a.
1827 2128 2024 2212 1647,
2082 2126 2396 2193 ‘Futurum
2453 2131 2621 2192 video
2679 2139 2745 2193 ut
2799 2141 2989 2194 aestas

389 2241 654 2319 proxima
708 2238 805 2299 hic
863 2236 1006 2298 mihi
1053 2238 1429 2316 transigatur.
1519 2237 1722 2299 Inveni
1778 2240 1938 2298 enim
1984 2238 2514 2299 Grammaticorum
2571 2238 2990 2300 nonnullorum

391 2346 676 2407 hactenus
723 2349 784 2408 ni
832 2344 999 2406 fallor
1045 2344 1293 2424 inedita,
1356 2360 1567 2422 magno
1625 2343 1768 2404 mihi
1826 2346 1960 2406 usui
2025 2346 2251 2426 futura,
2316 2362 2464 2424 quae
2521 2347 2760 2406 omnino
2820 2345 2989 2406 velim

389 2452 744 2514 describere.
836 2451 999 2513 Inter
1037 2468 1187 2530 quos
1225 2449 1576 2513 Volusianus
1614 2449 1873 2533 MessuS,
1918 2470 2095 2531 quem
2132 2452 2230 2513 alii
2259 2450 2597 2513 Cornelium
2626 2451 2987 2515 Frontonem

390 2560 609 2622 volunt.
699 2559 757 2621 Is
806 2560 1130 2640 fragmenta
1178 2557 1483 2620 Ciceronis
1539 2577 1606 2620 ac
1663 2558 1929 2620 Sallustii
1985 2558 2166 2620 multa
2224 2561 2391 2640 citat,
2456 2577 2606 2638 quae
2663 2561 2721 2620 in
2780 2578 2987 2622 eorum

389 2666 669 2747 operibus
744 2667 964 2728 frustra
1038 2672 1415 2746 quaerantur.
1534 2666 1602 2727 ln
1675 2666 1990 2746 phrasibus
2065 2667 2260 2727 minus
2334 2667 2566 2727 usitatis
2640 2667 2988 2730 annotandis

388 2777 761 2855 potissimum
844 2782 1194 2854 occupatur,
1277 2791 1424 2853 quas
1508 2793 1578 2834 ex
1651 2783 1907 2854 quatuor
1988 2772 2331 2836 auctoribus
2414 2772 2647 2855 selegit,
2727 2774 2988 2858 Virgilio,

388 2883 697 2963 Terentio,
753 2900 821 2942 ac
866 2883 967 2962 iis,
1023 2899 1172 2961 quos
1219 2883 1334 2941 iam
1381 2882 1693 2941 nominavi.
1784 2879 1897 2940 Ubi
1954 2879 2234 2942 Macrobii
2292 2880 2624 2967 Saturnalia
2680 2880 2985 2944 absolvero

390 2983 678 3073 (quorum
706 2990 1062 3050 veterrimus
1100 2988 1313 3065 codex,
1360 2987 1461 3049 sed
1502 3006 1619 3049 non
1660 2987 1912 3051 multum
1942 3006 1973 3048 a
2004 2987 2252 3067 vulgatis
2281 2986 2642 3050 editionibus
2670 2983 2986 3073 diversus),

389 3096 459 3157 ad
505 3095 885 3158 Volusianum
933 3093 1390 3155 describendum
1438 3088 1735 3155 transibo'
1782 3141 1796 3155 .
1844 3091 1921 3154 ib.
1969 3112 2024 3173 p.
2078 3090 2203 3155 184
2249 3113 2450 3156 mense
2497 3095 2666 3156 lunio
2706 3113 2753 3156 a.
2798 3094 2988 3178 1647,

390 3199 582 3265 ‘Nunc
629 3224 759 3268 sum
806 3207 866 3265 in
915 3201 1305 3263 describendo
1352 3202 1627 3263 Arusiani
1672 3200 1851 3262 Messi
1898 3199 1968 3261 de
2017 3201 2451 3264 elocutionibus
2496 3203 2721 3286 libello,
2768 3207 2827 3266 in
2854 3224 2984 3289 ,quo

391 3310 712 3390 fragmenta
751 3310 1055 3371 Ciceronis
1101 3316 1162 3369 et
1198 3306 1459 3369 Sallustii
1507 3303 1718 3370 multa’
1759 3356 1771 3368 .
1811 3307 1884 3368 de
1932 3307 2141 3369 eodem
2186 3311 2424 3371 invento
2465 3308 2699 3371 Isaacus
2740 3309 2983 3373 Vossius

290 3473 302 3482 .
387 3417 457 3478 ad
506 3416 574 3479 N.
621 3416 927 3479 Heinsinm
990 3417 1230 3496 scripsit
1292 3413 1369 3476 ib.
1426 3434 1482 3495 p.
1530 3412 1659 3477 569
1708 3423 1768 3477 et
1814 3412 1942 3476 579
1991 3461 2004 3475 .
2053 3426 2223 3477 crant
2288 3426 2485 3478 autem
2550 3418 2784 3479 codices
2840 3428 2985 3501 tum,

388 3542 524 3585 cum
570 3523 848 3586 Heinsius
896 3542 998 3585 eos
1045 3521 1304 3604 videbat,
1351 3524 1410 3583 in
1461 3524 1819 3583 monasterio
1859 3522 1916 3583 S.
1957 3521 2189 3583 loannis
2235 3524 2297 3584 in
2337 3522 2718 3606 Carbonaria,
2763 3525 2825 3584 in
2867 3543 2983 3604 quo

385 3631 569 3692 libros
608 3632 907 3693 Parrhasii
954 3650 1025 3692 ex
1072 3630 1399 3691 hereditate
1445 3630 1682 3692 Antonii
1722 3629 2060 3711 Seripandi,
2105 3632 2203 3691 cui
2239 3629 2337 3691 ille
2376 3649 2479 3692 eos
2516 3631 2837 3713 legaverat,
2881 3633 2982 3694 diu

385 3749 650 3801 servatos
696 3758 827 3801 esse
875 3746 1132 3819 constat,
1176 3740 1521 3817 priusquam
1568 3740 1628 3798 in
1677 3737 1971 3817 publicam
2019 3737 2435 3800 bibliothecam
2479 3738 2655 3800 delati
2702 3748 2843 3800 sunt
2880 3787 2894 3801 .

562 3846 791 3909 Heinsii
836 3844 1240 3927 apographum
1285 3853 1489 3925 postea
1538 3863 1568 3904 a
1619 3844 1819 3906 multis
1865 3853 2219 3926 usurpatum
2255 3844 2345 3905 vel
2383 3845 2578 3907 denuo
2617 3845 2984 3927 descriptum

384 3963 479 4015 est
524 4003 537 4016 .
586 3973 721 4015 nam
766 3962 1004 4034 praeter
1050 3970 1117 4012 ea
1166 3969 1315 4031 quae
1361 3952 1489 4031 ipse
1536 3950 1816 4012 Heinsius
1862 3952 1923 4011 in
1972 3952 2128 4011 notis
2174 3950 2246 4011 ad
2294 3951 2599 4034 Ovidium,
2645 3952 2983 4033 Vergilium,

385 4060 680 4122 Valerium
726 4060 1001 4121 Flaccum
1068 4068 1127 4120 et
1189 4061 1250 4120 in
1321 4058 1669 4119 adversariis
1733 4075 1803 4118 ex
1870 4057 2144 4117 Arusiani
2218 4056 2370 4119 libro
2434 4058 2644 4140 edidit,
2716 4077 2787 4119 ex
2854 4062 2983 4121 eius

383 4168 619 4231 schedis
657 4172 838 4249 petita
887 4175 1027 4229 sunt
1073 4184 1224 4246 quae
1271 4165 1579 4227 loannes
1625 4164 1947 4226 Rhodius
1992 4167 2052 4225 in
2100 4164 2289 4226 lexico
2328 4164 2715 4226 Scriboniano
2752 4184 2807 4245 p.
2847 4162 2980 4227 344

382 4275 457 4336 de
505 4294 576 4337 eo
632 4277 895 4357 scripsit,
960 4272 1257 4336 ‘Abstine-1⁴
1307 4292 1373 4334 se
1428 4276 1534 4333 illa
1587 4291 1687 4334 re:
1742 4272 2068 4333 Arusianus
2122 4271 2351 4333 Messus
2406 4271 2507 4333 MS
2566 4274 2624 4332 in
2682 4270 2982 4353 Exemplis

383 4383 814 4465 elocutionum,
859 4382 1010 4464 apud
1061 4380 1322 4443 Clericos
1368 4378 1692 4458 Regulares
1738 4378 1980 4459 Neapoli
2027 4426 2042 4440 .
2090 4378 2272 4441 Cuius
2330 4378 2458 4441 loco
2514 4381 2573 4439 in
2631 4378 2983 4459 quibusdam

380 4490 688 4552 codicibus
734 4508 1046 4571 perperam
1096 4486 1356 4550 Cornelii
1390 4485 1709 4547 Frontonis
1757 4503 1972 4546 nomen
2011 4487 2299 4567 scriptum
2339 4484 2671 4547 observavit
2706 4485 2981 4548 Nicolaus

378 4592 713 4679 Heinsius',
778 4604 838 4657 et
899 4615 956 4677 p.
1015 4591 1143 4656 379
1210 4588 1490 4654 ‘Proinde
1538 4591 1813 4653 Nicolaus
1878 4591 2156 4654 Heinsius
2220 4611 2359 4653 vere
2424 4591 2577 4672 apud
2625 4592 2982 4653 Arusianum

381 4702 640 4765 Messum
688 4703 831 4784 legit
877 4704 1156 4780 Erumpit
1199 4720 1266 4763 se
1310 4703 1452 4761 inde
1499 4747 1511 4760 .
1558 4698 1674 4759 Pro
1732 4717 1852 4778 quo
1898 4697 1999 4759 MS
2057 4698 2207 4760 liber
2253 4699 2431 4761 habet
2477 4702 2739 4776 erumpit
2784 4694 2984 4770 inde';

377 4811 522 4872 item
581 4827 732 4890 quae
788 4808 862 4869 de
918 4808 1121 4869 codice
1180 4805 1435 4887 quodam
1491 4805 1778 4866 Graevii
1836 4804 2141 4868 Fabricius
2203 4808 2266 4868 in
2329 4806 2524 4867 indice
2590 4804 2980 4867 bibliothecae

377 4917 593 4978 latinae
653 4935 700 4977 v.
749 4915 830 4975 lll
875 4934 930 4995 p.
978 4913 1108 4976 914
1156 4915 1411 4995 rettulit,
1479 4909 1772 4973 ‘Arusiani
1841 4912 2040 4975 Messii
2104 4916 2278 4994 primi
2343 4914 2571 4975 ordinis
2628 4912 2691 4974 V.
2748 4912 2809 4976 C.
2866 4913 2979 4975 CR.

488 5036 800 5069 annun-101
828 5036 1000 5066 namu
1027 5036 1117 5066 vn.
2487 5019 2556 5069 29
