3613 5528
1315 394 1457 450 ARS
1493 394 1590 449 DE
1631 392 2211 450 ORTHOGRAPHIA
2948 391 3074 456 117

465 512 508 549 1).
537 500 642 541 2268
668 501 717 540 P.

465 587 629 665 poris
673 593 736 645 et
790 585 980 646 futuri
1024 583 1263 644 adfatim
1309 582 1696 643 inveniuntur
1742 579 2040 661 exempla3
2094 579 2199 641 sed
2253 580 2585 660 praesentis
2631 579 2869 669 demus,
2915 579 3072 660 quod

466 693 760 754 difficilius
807 692 1068 774 videtur,

782 800 998 862 litora
1046 797 1230 878 quod
1278 797 1579 859 tumidis
1617 794 2067 857 submersum
2106 794 2445 855 tunditur
2482 792 2649 854 olim

778 906 1165 969 fluctibus:

386 1034 413 1072 5
682 1000 691 1007 ’
782 1014 1133 1093 qnondam
1179 1014 1391 1073 etiam
1440 1012 1656 1072 victis
1704 1009 1897 1070 redit
1943 1011 2013 1070 in
2059 1007 2488 1089 praecordia
2534 1009 2804 1070 virtus:

467 1119 1089 1203 ‘expergiscimini
1136 1118 1522 1199 aliquando
1570 1127 1638 1179 et
1684 1118 2045 1196 capessite
2092 1133 2238 1176 rem
2283 1111 2707 1195 publicam'.

646 1202 1046 1290 conscribere·
1093 1236 1187 1289 est
1240 1224 1423 1287 multa
1480 1223 1657 1286 simul
1721 1213 2014 1304 scribere,
2078 1221 2417 1284 exscribere
2472 1222 2631 1302 quod
2687 1222 2825 1284 alibi
2889 1226 3071 1305 scrip-

468 1346 593 1398 tum
649 1339 728 1397 sit
781 1336 1133 1416 transserre3
1189 1331 1617 1412 transcribere,
1673 1350 1810 1392 cum
1865 1332 1960 1391 ius
2014 1337 2289 1392 nostrum
2346 1330 2409 1390 in
2464 1329 2642 1391 alium
2688 1333 2929 1412 transit,
2984 1333 3071 1392 in-

465 1442 728 1505 scribere
809 1443 1201 1505 accusationis
1210 1490 1229 1523 ,
1301 1438 1640 1501 adscribere
1706 1438 2157 1519 adsignationiS,
2226 1436 2567 1499 describere
2633 1436 2909 1498 dictionis
2981 1438 3072 1498 vel

388 1568 440 1607 ιο
466 1550 870 1612 ordinationis,

636 1656 963 1720 Exstruere
1001 1665 1094 1719 est
1129 1659 1191 1718 in
1230 1655 1413 1718 altum
1454 1662 1708 1735 struere,
1744 1655 2046 1715 instruere
2075 1654 2264 1713 aciem
2291 1651 2382 1712 vel
2411 1654 2721 1734 actionem,
2759 1652 3070 1714 adstruere

460 1765 789 1847 adfirmare,
834 1772 1185 1829 construere
1230 1765 1293 1824 in
1339 1761 1627 1823 struendo
1673 1762 2065 1841 coniungere,
2111 1758 2461 1820 substruere
2509 1777 2575 1819 re
2622 1759 2815 1839 aliqua
2863 1778 3069 1840 snper·

460 1874 652 1952 posita
698 1870 906 1957 subter
952 1877 1204 1932 struere.

639 1972 908 2038 ‘Memini
954 1995 1050 2038 me
1099 1972 1326 2038 facere'
1374 1929 1926 2057 dicerffdebemuS,
1972 1993 2093 2036 non
2140 1970 2416 2035 ‘memini
2460 1992 2554 2035 me
2594 1974 2807 2036 fecisse
2820 1971 2859 2038 '.
2934 1995 3068 2042 nam

382 2102 433 2142 15
461 2079 749 2146 ‘memini'
798 2102 994 2145 sermo
1034 2095 1125 2144 est
1160 2092 1323 2145 totus
1358 2085 1668 2164 praeteriti
1704 2084 2009 2163 temporis,
2055 2083 2160 2161 qui
2195 2089 2330 2142 ante
2376 2082 2590 2142 factam
2636 2100 2765 2143 rem
2800 2085 2862 2144 in
2900 2102 3068 2163 prae-

461 2200 601 2254 s'ens
657 2197 925 2272 revocat,
985 2199 1045 2252 et
1103 2192 1155 2251 si
1214 2191 1434 2252 dixeris
1494 2186 1769 2251 ‘memini
1829 2206 1922 2249 me
1985 2184 2259 2271 fecisse',
2332 2187 2450 2249 duo
2513 2191 2834 2269 praeterita
2894 2190 3069 2251 simul

460 2302 686 2379 iungis:
769 2298 978 2360 Cicero
1036 2293 1357 2358 ‘memini
1424 2294 1874 2376 Pamphilum
1937 2294 2437 2375 Lilybetanum
2501 2294 2674 2356 mihi
2736 2293 3068 2357 narrare'

462 2405 757 2484 [solitum]
770 2453 788 2485 ‚
834 2405 991 2466 idem
1036 2405 1190 2466 infra
1238 2399 1542 2484 erespondi
1587 2403 1852 2485 Metello,
1898 2394 1982 2463 ut'
2011 2402 2220 2485 debui,
2266 2405 2444 2466 etiam
2491 2402 2635 2465 illud
2684 2405 2925 2465 memini
2972 2422 3068 2463 mc

459 2507 716 2574 dicere’:
763 2513 1082 2573 Terentius

375 2634 432 2675 ιο
778 2637 907 2697 ego
953 2618 1145 2680 illam
1192 2617 1364 2694 vidi,
1413 2620 1762 2698 virginem
1809 2618 2030 2678 forma
2077 2616 2260 2679 bona

779 2728 1066 2788 memini
1111 2742 1215 2787 me
1262 2724 1532 2787 videre:

456 2831 737 2913 Virgilius

777 2940 1132 3002 cantando
1182 2938 1477 3017 [solitum]
1527 2940 1816 3002 memini
1862 2957 1965 3000 me
2013 2938 2325 3000 condere
2373 2938 2597 3022 soles,

461 3046 621 3108 idem
667 3042 993 3109 ‘memini
1038 3045 1414 3107 Auruncos
1460 3048 1559 3107 ita
1617 3047 1810 3107 serre
1870 3040 2141 3125 senes'‚
2195 3053 2256 3105 et
2301 3044 2502 3106 multis
2546 3055 2858 3125 praeterea
2900 3047 3065 3109 locis.

377 3170 436 3211 25
464 3171 659 3233 neque
687 3157 989 3216 invenitur
1017 3153 1122 3215 ubi
1150 3152 1222 3214 ab
1252 3151 1382 3213 aliis
1419 3154 1648 3232 magnis
1694 3150 2039 3213 auctoribus
2075 3146 2363 3214 ‘memini'
2400 3154 2662 3232 positum
2701 3156 2797 3236 sit,
2841 3162 2909 3216 ut
2945 3173 3067 3217 non

638 3315 665 3364 1
706 3270 882 3378 q—uod—
893 3305 1175 3362 difficilius
1213 3308 1300 3362 est
1335 3305 1429 3361 uel
1466 3305 1695 3361 difficile
1710 3309 1719 3319 “
1733 3306 1958 3361 uidetur
1992 3305 2224 3362 tumidis
2270 3306 2420 3376 quod
2465 3305 2726 3363 fluctibus
2763 3308 2898 3363 olim
2941 3296 3068 3364 tun·

456 3387 609 3442 ditur
644 3388 928 3457 quondam
965 3388 1083 3443 Bo
1247 3394 1279 3442 3
1317 3387 1512 3459 litora]
1560 3386 1715 3458 Very.
1755 3388 1895 3442 Aen.
1946 3386 1999 3441 V
2028 3391 2144 3442 215
2306 3392 2338 3440 5
2376 3386 2684 3458 quondam]
2732 3386 2889 3459 Very.
2925 3391 3066 3446 Aen.

458 3469 546 3522 II
577 3473 689 3525 367
832 3475 865 3524 6
904 3465 1377 3541 expergescemini
1402 3468 1458 3522 Β
1497 3467 1956 3538 expergescimini
1987 3466 2057 3522 0:
2103 3466 2330 3522 Sallust.
2363 3467 2479 3523 Cat.
2512 3472 2608 3534 52,
2636 3473 2672 3523 5
2818 3475 2848 3523 7
2885 3470 3068 3525 multa

456 3546 625 3603 simul
660 3548 780 3603 BC
810 3553 861 3604 et
895 3549 1056 3605 Beda
1083 3568 1146 3620 p.
1183 3551 1371 3615 2782,
1409 3546 1576 3602 simul
1611 3547 1794 3602 multa
1833 3548 1909 3601 M
2057 3545 2454 3660 excribetrfistmttl'1⁴³
2574 3547 2722 3616 quod
2759 3547 2859 3602 alii
2896 3549 3066 3620 scrip·

452 3675 580 3727 tum
634 3672 708 3730 sit
751 3674 806 3727 Β
862 3673 1012 3743 quod
1067 3673 1165 3729 alii
1210 3671 1601 3745 {conscriptum
1646 3671 1721 3727 sit
1768 3672 1837 3740 G,
1892 3688 2028 3728 corr.
2082 3671 2230 3741 quod
2281 3671 2421 3726 alibi
2474 3672 2843 3727 conscribitur
2896 3691 2926 3728 c

454 3761 490 3811 8
524 3754 893 3810 transcribere
929 3757 1213 3824 (superscr.
1253 3759 1284 3808 e
1325 3752 1396 3824 0)
1435 3751 1592 3807 cuius
1629 3755 1882 3808 nostrum
1915 3750 2033 3805 ΒΟ
2151 3750 2454 3806 inscribere
2493 3752 2862 3808 accusationis
2887 3754 3065 3822 Beda,

452 3833 755 3890 inscribere
792 3832 1157 3888 accusationis
1194 3832 1290 3887 uel
1325 3832 1635 3888 occasionis
1675 3835 1751 3887 M
1782 3831 2087 3887 inscribere
2114 3830 2455 3886 actionisunt
2480 3832 2576 3904 uel
2613 3833 2982 3890 accusationis
3010 3835 3065 3889 Β

453 3915 754 3970 inscribere
790 3913 1028 3969 actionis
1066 3915 1154 3968 est
1188 3911 1282 3966 uel
1319 3912 1693 3967 accusationis
1732 3913 1779 3967 0
1884 3919 1915 3966 9
1954 3910 2257 3967 discribere
2292 3911 2348 3964 B
2479 3919 2545 3966 10
2574 3912 2937 3968 ordinationis
2975 3931 3066 3969 ex-

453 3998 637 4051 truere
672 3997 759 4049 est
794 3995 848 4048 Β
865 3993 913 4048 0
944 3990 1310 4049 ordinationis
1345 3993 1433 4047 est
1469 3994 1747 4048 exstruere
1791 3993 1867 4047 M
2080 3998 2145 4046 12
2204 3992 2517 4048 substruere
2554 4009 2613 4046 re
2650 3992 2845 4062 aliqua
2878 4011 3066 4065 super-

452 4074 640 4143 posita
675 4076 870 4144 supter
906 4076 1117 4129 struere
1158 4074 1234 4126 M
1266 4072 1585 4128 substruere
1623 4072 1816 4141 aliqua
1852 4089 2020 4141 supra
2063 4071 2252 4142 posita
2287 4072 2607 4127 substruere
2643 4072 2699 4126 Β
2746 4074 2839 4129 uel
2875 4075 3066 4147 aliqua

452 4170 622 4223 supra
653 4155 842 4224 posita
877 4154 1195 4209 substruere
1234 4151 1283 4206 Ο
1423 4157 1487 4205 15
1525 4154 1657 4207 ante
1693 4156 1881 4208 actam
1918 4154 2081 4208 Beda
2107 4169 2168 4221 p.
2207 4156 2355 4208 2791
2506 4158 2573 4207 16
2617 4155 2866 4225 revocat]
2905 4173 3065 4211 reuo-

453 4236 548 4288 cet
572 4235 665 4289 uel
690 4236 919 4290 reuocat
943 4234 999 4288 Β
1026 4233 1254 4288 reuocet
1281 4232 1440 4300 (corr.
1472 4235 1580 4301 -at)
1607 4232 1700 4287 uel
1728 4234 1926 4289 contra
1955 4234 2003 4288 Ο
2123 4235 2182 4288 et
2207 4237 2335 4287 ante
2360 4231 2409 4287 si
2437 4248 2537 4287 om.
2571 4231 2620 4286 G'
2737 4239 2803 4289 1⁷
2831 4237 3063 4292 memini

450 4313 810 4383 Pamphilum
840 4313 1237 4384 Lilybetanum
1255 4328 1300 4381 p
1329 4310 1561 4366 memini
1595 4313 1947 4381 pamphilum
1975 4313 2275 4369 libitanum
2303 4311 2358 4365 Β
2372 4309 2421 4365 0
2450 4328 2540 4365 me
2568 4309 2880 4380 lybitanum
2908 4333 3063 4385 pam-

451 4392 671 4462 philum
711 4394 787 4448 M
828 4394 1059 4450 memini
1102 4411 1193 4449 me
1210 4419 1219 4428 ·
1238 4392 1591 4464 pamphilum
1635 4393 1996 4464 Libytsnium
2042 4408 2103 4452 ςε
2160 4393 2271 4448 Cic.
2307 4393 2372 4446 in
2419 4390 2570 4444 Verr.
2619 4396 2724 4446 act.
2759 4408 2857 4448 sec.
2897 4396 3069 4451 IIII

454 4478 555 4539 14,
597 4480 672 4530 32
821 4479 887 4529 18
932 4474 1219 4546 respondi]
1271 4474 1381 4528 Cic.
1426 4474 1491 4527 in
1548 4472 1698 4529 Verr.
1747 4481 1851 4531 act.
1897 4491 1996 4530 sec.
2045 4475 2216 4528 IIII
2259 4477 2361 4537 66,
2397 4473 2506 4523 147
2729 4472 2959 4528 metello
3006 4481 3064 4532 et

453 4553 647 4623 debui,
681 4556 777 4611 scd
811 4556 997 4611 deletis
1022 4572 1070 4610 v.
1103 4558 1161 4610 et
1195 4555 1363 4610 debui
1403 4554 1451 4610 0
1571 4553 1736 4627 illud]
1776 4555 1932 4611 aliud
1963 4558 2039 4612 M
2162 4561 2231 4610 20
2269 4567 2401 4621 ergo
2431 4565 2568 4603 corr.
2600 4565 2704 4619 ego
2736 4550 2803 4606 G:
2845 4554 3058 4614 Terent.

451 4636 632 4691 Andr.
663 4638 748 4691 II
772 4642 826 4704 5,
853 4640 927 4692 17
1069 4641 1135 4690 21
1174 4635 1405 4690 memini
1444 4636 1521 4689 M
1525 4634 1640 4688 BG
1672 4653 1784 4704 qua
1812 4636 2043 4691 memini
2078 4653 2108 4692 c
2248 4638 2317 4687 23
2357 4627 2660 4700 cantando]
2703 4629 2858 4701 Very.
2888 4635 3059 4694 bucol.

452 4721 508 4781 9,
556 4720 629 4772 52
810 4722 881 4770 24
924 4715 1075 4770 idem
1120 4745 1187 4755 -
1234 4730 1391 4770 senes
1435 4731 1537 4770 om.
1588 4713 1637 4769 0
1750 4739 1754 4744 ·
1820 4715 2052 4770 memini
2096 4733 2187 4771 me
2233 4723 2504 4770 auruncos
2551 4708 2628 4761 M
2632 4729 2650 4761 .-
2715 4710 2872 4782 Vei-9.
2918 4717 3057 4774 Aen,

463 4794 601 4848 VII
630 4800 745 4852 205
872 4793 1058 4866 senes]
1096 4791 1339 4849 seniores
1372 4794 1429 4848 B
1554 4794 1634 4865 et]
1675 4810 1742 4849 ex
1780 4794 1829 4849 0
1947 4797 2242 4865 praeterea
2276 4791 2336 4847 in
2371 4787 2512 4846 locis
2551 4787 2627 4841 M
2750 4796 2819 4847 25
2847 4799 3056 4869 neque]

454 4890 581 4930 raro
618 4875 667 4930 G
1672 4895 1676 4900 ·
