3613 5528
562 424 687 490 132
1629 424 2087 481 CASSIODORII

552 611 889 692 disputans,
938 599 1033 672 ‘In
1093 610 1242 672 libro
1300 607 1616 673 Francisci‘
1658 611 1945 693 Martinii‚
1991 615 2182 673 omnis
2243 613 2607 691 antiquitatis
2654 621 2714 673 et
2779 611 3158 691 humanitatis

551 720 796 779 scientia
845 717 1008 778 valde
1055 721 1277 801 ornati,
1322 721 1493 781 cuius
1542 722 1854 780 immatura
1900 729 2108 780 morte·
2138 718 2368 801 abrepti
2416 721 2787 800 memoriam,
2835 737 2944 798 pro
2984 738 3053 779 eo
3090 738 3157 780 ac

547 823 759 906 debeo,
815 834 1015 886 sancte
1063 843 1315 886 veneror
1361 835 1421 887 et
1476 806 1633 908 cfflo‚
1689 828 1976 908 scriptum
2035 835 2162 887 erat
2208 829 2446 887 ambulo
2493 826 2721 905 aliaque
2770 825 2931 886 valde
2996 844 3156 886 men-

547 931 718 1013 dose,
765 950 917 1023 quae
956 951 1025 992 ex
1074 934 1404 1012 fragmento
1451 932 1587 993 libri
1624 932 2066 994 Gemblacensis
2113 936 2173 994 in
2220 934 2426 1013 paucis
2471 932 2715 1013 pagellis
2761 932 2991 1012 reliquo
3029 933 3155 1014 alia,

544 1039 602 1097 in
660 1038 849 1098 frusta
905 1040 1145 1100 minima
1201 1039 1519 1121 distracto,
1575 1043 1681 1121 ita,
1736 1049 1802 1101 ut
1859 1038 2085 1100 edenda
2138 1058 2313 1122 curo,
2366 1038 2613 1119 legenda
2660 1033 2887 1101 didici'.
2963 1057 3154 1118 neque

545 1152 742 1205 tamen
783 1144 1142 1206 Cassiodorii
1188 1145 1330 1206 illud
1380 1146 1773 1226 fragmentum
1824 1147 1968 1228 fuit,
2015 1146 2117 1208 sed
2165 1146 2456 1226 Martyrii,
2503 1166 2574 1207 ex
2612 1145 2891 1208 Bobiensi
2934 1146 3156 1227 codice,

546 1251 619 1310 de
658 1269 775 1330 quo
823 1259 1026 1331 postea
1073 1252 1333 1334 dicetur,
1378 1252 1759 1333 descriptum.
1835 1272 1971 1314 nam
2008 1253 2163 1333 apud
2211 1253 2376 1314 illum
2423 1253 2569 1314 haec
2611 1272 2762 1333 quae
2803 1252 3008 1314 Carrio
3053 1253 3153 1313 illo

545 1356 673 1416 loco
720 1358 892 1418 affert
927 1352 1234 1440 leguntur,
1281 1377 1398 1419 non
1437 1361 1496 1420 in
1537 1362 1833 1440 excerptis
1872 1358 2244 1421 Cassiodorii.
2319 1359 2728 1439 supplementa
2766 1369 2962 1420 autem
3002 1377 3152 1438 quae

544 1483 613 1523 ex
671 1483 740 1524 eo
802 1463 1005 1525 Carrio
1060 1465 1326 1526 ediderat
1380 1473 1440 1526 et
1503 1468 1628 1546 ipse
1693 1468 1753 1527 in
1815 1484 1982 1528 suam
2038 1466 2358 1527 editionem
2413 1467 2641 1545 recepit
2701 1473 2761 1526 et
2827 1474 2963 1526 ante
3024 1483 3153 1526 eam

549 1579 856 1650 receperat
900 1570 1206 1633 Parisinus
1254 1571 1462 1633 editor.
1538 1572 1640 1634 sed
1687 1574 1814 1652 ipsa
1862 1573 2043 1634 editio
2089 1591 2208 1633 non
2257 1591 2330 1634 ex
2376 1572 2500 1633 solo
2548 1571 2886 1632 Coloniensi
2933 1571 3154 1655 codice,

551 1685 619 1737 ut
685 1679 795 1758 ait,
856 1679 1005 1739 sacta
1067 1689 1182 1741 est:
1243 1697 1436 1758 neque
1494 1682 1650 1740 enim
1716 1680 1899 1740 codex
1948 1681 2289 1759 gravissime
2353 1687 2673 1758 corruptus
2731 1679 2801 1739 ad
2850 1696 2979 1738 eam
3027 1695 3152 1738 rem

545 1782 905 1866 sufficiebat,
961 1794 1021 1845 et
1073 1784 1407 1846 Parisinum
1465 1785 1826 1867 exemplum,
1883 1785 2040 1865 quod
2101 1787 2306 1865 paucis
2363 1783 2666 1845 mensibus
2726 1792 2863 1846 ante
2928 1783 3151 1845 editum

544 1896 698 1971 erat,
735 1892 794 1950 in
835 1909 982 1951 nova
1022 1892 1280 1953 editione
1320 1891 1647 1954 adhibitum
1685 1895 2036 1963 essecertis
2074 1891 2309 1952 indiciis
2346 1900 2603 1971 apparet.
2669 1893 2744 1952 in·
2768 1909 2916 1950 nova
2953 1899 3151 1951 autem

544 1996 831 2080 editione,
877 2017 1052 2077 quam
1092 1997 1503 2059 Coloniensem
1544 1999 1806 2060 codicem
1857 2007 2100 2060 secutus
2138 1997 2343 2059 Carrio
2388 1999 2640 2079 paravit,
2687 1996 2869 2058 multa
2912 1995 3150 2076 quidem

540 2106 758 2184 prioris
814 2105 1089 2167 editionis
1142 2109 1281 2168 vitia
1337 2115 1604 2167 correcta
1661 2115 1829 2189 sunt,
1884 2106 1987 2167 sed
2045 2105 2247 2166 multis
2297 2106 2473 2165 etiam
2532 2104 2680 2164 locis
2735 2106 2952 2183 partim
3009 2104 3150 2165 falsa

543 2209 765 2271 codicis
823 2215 1118 2293 scriptura
1177 2213 1498 2275 substituta
1553 2216 1768 2293 partim
1831 2214 2161 2274 temerariis
2216 2211 2461 2272 editoris
2517 2212 2878 2272 coniecturis
2942 2210 3151 2272 melior

546 2316 753 2399 lectio,
800 2337 950 2398 quae
998 2330 1169 2381 antea
1217 2319 1372 2381 edita
1416 2328 1568 2401 erat,
1615 2328 1896 2400 corrupta
1933 2328 2041 2380 est.
2115 2318 2414 2378 Carrionis
2452 2319 2631 2379 editio
2670 2336 2785 2378 una
2823 2336 2959 2379 cum
2986 2317 3148 2378 Velio

542 2422 745 2503 Longo
804 2424 875 2485 ab
937 2426 1369 2506 Hieronymo
1427 2426 1861 2488 Commelino
1927 2428 2176 2506 repetita
2236 2435 2327 2485 est
2382 2423 2803 2504 lleidelbergae
2868 2442 2918 2485 a.
2979 2421 3147 2486 1589

540 2531 753 2593 additis
811 2535 871 2594 in
928 2534 1043 2594 tine
1099 2536 1304 2613 paucis
1351 2533 1829 2595 adnotationibus
1876 2534 2139 2595 editoris,
2214 2533 2323 2593 hac
2369 2531 2627 2593 editione
2682 2534 2744 2591 in
2797 2533 2921 2592 suis
2968 2530 3145 2592 adno-

538 2638 859 2701 tationibus
919 2639 990 2699 ad
1062 2648 1381 2718 utrumque
1451 2642 1902 2719 grammaticum
1969 2637 2333 2700 Semlerus
2393 2657 2540 2699 usus
2602 2648 2709 2699 est.
2808 2637 2909 2698 sed
2971 2639 3024 2698 is
3083 2641 3145 2699 in

540 2744 917 2809 Cassiodorio
954 2746 1140 2808 multo
1187 2748 1465 2827 pauciora
1505 2766 1680 2827 quam
1719 2748 1778 2808 in
1818 2746 1982 2808 Velio
2024 2745 2223 2826 Longo
2263 2744 2575 2807 adnotavit.
2652 2746 2896 2807 eandem
2936 2745 3142 2807 editio-

536 2871 675 2913 nem
720 2852 1110 2915 Putschius
1165 2856 1488 2934 expressit,
1544 2873 1661 2933 quo
1721 2856 1938 2915 sactum
1997 2862 2090 2914 est
2145 2861 2211 2914 ut
2264 2852 2423 2914 illius
2480 2870 2715 2932 quoque
2772 2854 2953 2914 editio
3010 2871 3144 2912 cum

537 2958 837 3022 Carrionis
901 2960 1169 3041 exemplo
1244 2980 1492 3042 prorsus
1556 2964 1905 3022 consentiat.
2012 2969 2218 3021 contra
2285 2959 2611 3020 Parisinam
2690 2958 3009 3021 editionem
3074 2978 3146 3020 ex

542 3066 843 3128 Carrionis
891 3069 1240 3128 recensione
1286 3067 1560 3148 pluribus
1606 3068 1753 3128 locis
1801 3076 2132 3128 correctam
2179 3075 2416 3128 secutae
2474 3076 2614 3129 sunt
2670 3086 2772 3127 eae
2822 3070 2882 3128 iu
2931 3065 3146 3146 quibus

539 3182 742 3253 postea
803 3193 917 3234 una
964 3192 1100 3235 cum
1150 3173 1395 3253 reliquis
1442 3173 1799 3246 Cassiodorii
1853 3172 2136 3252 operibus
2193 3172 2287 3232 hic
2350 3171 2500 3233 liber
2547 3174 2741 3235 editus
2789 3182 2894 3234 est.
2968 3192 3143 3234 manu

535 3283 760 3360 scripto
817 3289 1013 3342 autem
1053 3280 1272 3341 codice
1331 3289 1461 3358 post
1521 3279 1866 3341 Carrionem
1922 3298 2079 3340 unus
2133 3278 2541 3340 Garetius
2596 3299 2741 3341 usus
2800 3288 2917 3361 est,
2974 3281 3145 3340 cuius

537 3386 715 3449 habui
773 3388 1090 3448 editionem
1139 3385 1420 3446 Venetam
1478 3405 1526 3447 a.
1580 3384 1766 3447 1729.
1842 3389 1892 3446 is
1949 3387 2107 3446 enim
2162 3386 2220 3445 in
2281 3385 2392 3445 hoc
2451 3385 2603 3447 libro
2657 3382 3146 3447 ‘vetustissimum

535 3495 799 3555 codicem
858 3512 965 3580 ι,
1021 3492 1409 3554 bibliothecae
1468 3494 1527 3553 S.
1584 3491 1885 3553 Michaelis
1942 3494 2002 3551 iu
2059 3486 2290 3552 Monte'
2350 3511 2412 3552 se
2487 3493 2761 3554 habuisse
2819 3491 3028 3553 scribit
3086 3502 3146 3553 et

541 3619 760 3680 paucas
822 3604 955 3662 eius
1011 3600 1233 3660 codicis
1293 3598 1597 3661 lectiones·
1638 3603 1697 3661 in
1759 3601 2019 3678 margine
2082 3600 2395 3659 adnotavit.
2500 3607 2766 3661 ceterum
2825 3601 2884 3658 in
2951 3600 3143 3678 ipsum

533 3706 749 3768 librum
798 3709 892 3767 vix
940 3706 1258 3786 quidquam
1307 3726 1378 3767 ex
1427 3727 1496 3766 eo
1545 3707 1747 3768 codice
1797 3708 2048 3787 recepit,
2105 3706 2208 3767 sed
2256 3706 2622 3784 antiquiores
2682 3705 2859 3766 huius
2906 3706 3143 3783 generis

532 3815 825 3875 editiones
862 3815 1172 3894 expressit.
1247 3815 1573 3902 scripturas
1612 3823 1810 3875 autem
1848 3813 2071 3874 codicis
2109 3831 2257 3891 quas
2303 3814 2362 3872 in
2403 3816 2665 3892 margine
2704 3811 2970 3872 exhibuit
3007 3830 3142 3874 cum

536 3920 906 3982 Bruxellensi
955 3920 1158 3981 codice
1206 3923 1649 3982 consentientes
1695 3923 1909 3982 inveni.

708 4027 790 4088 De
847 4046 1027 4108 opera
1082 4030 1166 4104 in¹
1201 4017 1589 4108 excerpendis
1645 4026 2180 4107 orthographorum
2238 4025 2405 4087 libris
2463 4045 2493 4086 a
2551 4047 2615 4088 se
2672 4026 2950 4087 collocata
3014 4028 3140 4106 ipse

531 4134 943 4196 Cassiodorius
980 4137 1041 4195 in
1080 4136 1444 4215 praefatione
1483 4133 1619 4195 libri
1656 4135 1821 4210 dixit,
1865 4133 2006 4195 dum
2044 4133 2115 4193 ad
2154 4132 2535 4214 complendos
2574 4132 2757 4194 libros
2796 4133 2864 4193 ad
2907 4135 3138 4194 institu-

531 4245 752 4303 tionem
799 4241 1223 4302 monachorum
1271 4260 1517 4302 suorum
1563 4260 1594 4301 a
1644 4259 1709 4301 se
1760 4243 2014 4320 scriptos
2078 4243 2457 4319 nonagesimo
2507 4243 2685 4301 tertio
2731 4242 2940 4300 aetatis
2987 4258 3139 4300 anno

529 4348 674 4409 haec
720 4357 998 4429 excerpta
1046 4368 1109 4409 se
1157 4351 1561 4429 composuisse
1610 4346 1834 4409 scribit.
1909 4347 2114 4408 eodem
2170 4350 2471 4426 pertinent
2516 4347 2689 4422 haec,
2744 4365 2922 4428 quae,
2979 4355 3139 4426 post-

528 4474 704 4534 quam
765 4457 893 4536 ipsa
953 4464 1229 4535 excerpta
1292 4455 1574 4528 confecit,
1633 4453 1706 4514 de
1768 4453 1881 4513 hoc
1943 4451 2090 4513 libro
2152 4455 2391 4533 scripsit
2451 4456 2634 4516 instit.
2688 4454 2863 4515 divin.
2925 4472 2975 4514 c.
3036 4449 3140 4532 30,

526 4578 745 4637 maqno
800 4565 1000 4624 studio
1056 4564 1303 4623 laboris
1340 4563 1619 4634 incubui,
1689 4569 1751 4620 ut
1809 4563 1868 4620 e'n
1930 4562 2085 4620 libro
2139 4567 2516 4634 sequestrato
2572 4569 2754 4636 atque
2798 4563 3137 4637 composite,

525 4672 633 4741 que·
685 4670 1045 4729 inscribitur
1100 4670 1176 4729 de
1221 4669 1694 4745 orthoyraphia,
1742 4669 1829 4726 ad
1883 4685 1984 4727 vos
2040 4669 2378 4741 defloratae
2424 4671 2680 4741 requlae
2727 4671 3136 4744 pervenirent.

525 4781 695 4834 antea
743 4783 939 4836 autem
988 4777 1147 4853 ipsos
1185 4772 1721 4853 orthographorum
1770 4770 1952 4833 libros
1997 4791 2112 4833 una
2160 4791 2296 4833 cum
2342 4773 2472 4834 aliis
2518 4775 2916 4852 grammaticis
2961 4771 3134 4833 colle-

523 4888 689 4958 gerat
746 4888 805 4940 et
862 4883 919 4940 in
979 4879 1330 4941 bibliotheca
1386 4880 1728 4940 monasterii
1784 4881 1877 4939 sui
1940 4888 2255 4958 posuerat,
2323 4897 2473 4958 quos
2531 4886 2591 4938 et
2657 4881 2716 4939 in
2772 4880 3134 4957 praefatione
