3613 5528
1492 442 1588 497 DE
1626 441 1848 498 NOTIS
2839 438 2971 504 535

369 559 411 596 p.
439 547 533 588 139.
564 546 641 586 140
668 545 725 586 R.

551 626 627 703 ·,)'<-
647 664 721 674 —
755 631 1079 691 asteriscus
1107 646 1243 691 cum
1273 627 1444 689 obelo
1482 631 1722 709 propria
1752 638 1891 690 nota
1921 637 2013 690 031
2039 627 2383 689 Aristarchi.
2458 626 2737 688 utebatur
2775 636 2972 687 autem

371 757 439 798 ea
467 740 528 799 in
557 737 649 799 his
677 735 968 818 versibu3‚
997 738 1098 815 qui
1130 754 1250 798 non
1278 754 1386 796 suo
1416 735 1545 797 loco
1575 738 1754 816 positi
1774 743 1960 797 erant.
2007 737 2152 796 item
2171 736 2397 814 antiqui
2426 735 2617 795 nostri
2646 742 2706 794 01
2724 731 2972 793 Probus.

548 852 615 905 >
654 843 902 924 simplex
949 843 1164 905 ductus
1209 845 1368 904 inter
1413 847 1623 904 versus
1668 843 2003 923 ponebatur
2049 841 2119 903 ad
2169 840 2523 922 separandas
2570 858 2668 900 res
2715 857 2747 899 a
2794 839 2975 901 rebus

372 970 521 1032 quae
575 953 863 1012 inconexa
918 956 1257 1029 currerent,
1316 966 1492 1027 quem
1540 948 1609 1009 ad
1657 949 1900 1010 modum
1946 952 2007 1009 in
2056 948 2347 1031 catalogo,
2394 966 2528 1009 cum
2576 946 2702 1008 loca
2749 965 2779 1007 a
2828 946 2975 1007 locis

318 1076 346 1115 5
374 1067 477 1120 aut
519 1061 800 1134 reqiones
845 1076 886 1118 a
933 1054 1302 1137 regionibuS,
1359 1063 1418 1117 et
1465 1058 1525 1116 in
1582 1074 1795 1137 agone,
1851 1074 1990 1119 cum
2044 1058 2303 1137 praemia
2350 1074 2381 1115 a
2428 1057 2733 1138 praemiiS‚
2787 1063 2973 1115 certa-
3100 1061 3105 1070 '

376 1168 533 1227 mina
579 1182 611 1224 a
658 1164 911 1225 diversis
958 1160 1382 1225 certaminibus
1429 1171 1798 1244 separantur.
2982 1169 2985 1176 '

550 1279 618 1342 >
658 1271 857 1352 diplen
895 1269 1285 1351 aperistikton
1320 1271 1549 1350 primus
1577 1269 1872 1350 Leagoras
1902 1270 2308 1350 Syracusanus
2345 1272 2619 1351 apposuit
2645 1269 2978 1332 Homericis

374 1379 645 1441 versibus
682 1379 751 1440 ad
792 1380 1224 1459 separationem
1262 1376 1493 1459 Olympi
1530 1397 1563 1440 a
1601 1379 1790 1462 03010,
1826 1381 2066 1460 proprie
2098 1377 2410 1459 Olympum
2438 1377 2510 1438 ab
2540 1397 2610 1439 eo
2638 1396 2748 1459 pro
2777 1387 2978 1439 monte

375 1488 636 1567 positum
672 1485 984 1567 adnotans,
1022 1503 1316 1565 nusquam
1352 1504 1462 1565 pro
1501 1484 1691 1566 caelo,
1737 1485 1895 1565 quod
1933 1503 2109 1566 saepe
2149 1475 2446 1565 οὐρανὸν
2484 1477 2691 1565 εὐρύν
2734 1485 2891 1547 111031
2919 1496 2980 1547 01

300 1612 351 1650 ιο
376 1585 632 1675 μακρὸν
660 1583 1035 1673 Ὄλυμπον,
1089 1610 1285 1671 neque
1331 1611 1363 1654 0
1412 1594 1709 1654 contrario
1756 1592 2017 1673 epitheta
2075 1601 2388 1672 permutet.
2479 1592 2738 1672 ponebat
2781 1601 2979 1655 autem

379 1710 496 1762 tam
535 1699 603 1760 ad
644 1702 861 1760 montis
898 1699 1356 1778 significationes
1386 1718 1562 1779 quam
1599 1699 1670 1761 ad
1709 1700 1886 1762 caeli:
1922 1701 2223 1779 utrimque
2262 1701 2673 1762 manifestatur
2709 1699 2980 1761 voluntas

378 1809 526 1868 eius.
618 1825 764 1868 usus
812 1815 872 1868 et
918 1808 980 1868 in
1027 1806 1229 1869 multis
1264 1807 1676 1888 AristarchuS‚
1720 1826 1881 1869 nunc
1920 1825 1988 1867 ea
2026 1824 2176 1886 quae
2214 1816 2451 1887 praeter
2488 1807 2978 1869 consuetudinem

380 1923 498 1974 tam
546 1915 696 1974 vitae
743 1922 981 1974 nostrae
1031 1931 1203 1993 quam
1245 1910 1254 1995 Ι
1295 1915 1483 1994 ipsius
1539 1925 1748 1995 poetae
1805 1913 1961 1995 apud
2017 1931 2153 1990 eum
2209 1915 2622 1975 invenirentur
2676 1914 2980 1993 adnotanS,

380 2038 540 2081 nunc
587 2022 857 2100 proprias
901 2021 1090 2100 ipsius
1135 2021 1382 2103 figuras,
1435 2020 1736 2083 interdum
1784 2040 1855 2082 ea
1899 2024 1961 2082 in
2009 2019 2227 2100 quibus
2274 2024 2550 2101 copiosus
2595 2030 2714 2104 est,
2769 2039 2981 2082 rursus

301 2147 353 2186 1⁵
380 2145 532 2207 quae
579 2127 761 2188 semel
808 2127 962 2208 apud
1009 2145 1146 2188 eum
1192 2138 1575 2207 ponerentur.
1650 2127 1922 2189 similiter
1966 2130 2027 2188 in
2076 2129 2298 2188 nostris
2344 2127 2686 2189 auctoribus
2731 2126 2980 2190 Probus,

562 2239 631 2308 >’
678 2233 833 2314 diple
881 2236 1336 2314 periestigmene
1385 2234 1792 2314 apponebatur
1846 2238 1909 2303 in
1966 2233 2057 2295 his
2104 2252 2254 2313 quae
2302 2234 2639 2297 Zenodotus
2684 2235 2978 2315 Ephesius

381 2359 501 2401 non
550 2348 711 2401 recte
750 2339 1047 2401 adiecerat
1083 2350 1186 2402 aut
1222 2340 1559 2404 detraxerat
1594 2350 1696 2403 aut
1731 2349 2187 2422 permutaverat.
2261 2351 2321 2403 et
2357 2344 2549 2403 nostri
2586 2360 2654 2402 03
2694 2343 2787 2403 031
2826 2349 2982 2402 3001.

562 2452 615 2515 D
655 2450 962 2528 antisigma
1009 2447 1341 2528 ponebatur
1386 2447 1458 2508 ad
1505 2467 1609 2509 eos
1647 2467 1857 2510 versus
1895 2467 2150 2530 quorum
2188 2448 2333 2510 ordo
2371 2450 2801 2530 permutandus
2839 2457 2982 2509 erat.

383 2557 469 2616 sic
515 2563 578 2615 et
619 2556 681 2616 in
728 2558 951 2616 nostris
996 2553 1339 2616 auctoribus
1384 2556 1698 2616 invenitur.

302 2681 355 2720 3ο
564 2668 617 2731 ζ.)
666 2665 975 2742 antisigma
1040 2680 1176 2724 cum
1239 2672 1461 2742 puncto
1529 2662 1886 2745 ponebatur,
1960 2682 2096 2724 cum
2161 2663 2427 2724 eiusdem
2499 2683 2713 2725 sensus
2778 2681 2985 2724 versus

383 2768 651 2850 duplices
697 2780 899 2832 essent
944 2780 1007 2832 et
1049 2768 1451 2851 dubitaretur,
1508 2773 1611 2850 qui
1665 2773 1865 2851 potius
1921 2771 2171 2850 legendi.
2264 2773 2350 2832 sic
2406 2779 2466 2832 01
2521 2772 2676 2853 apud
2731 2780 2984 2833 nostroS.

550 2855 608 2939 Ῑ.
643 2880 879 2938 coronis
925 2887 1152 2939 tantum
1198 2880 1261 2938 in
1308 2877 1422 2937 fine
1471 2875 1607 2939 libri
1651 2880 1845 2958 posita
1890 2880 2206 2939 invenitur.

581 2985 648 3063 >Κ
699 2987 1046 3047 ceraunium
1108 2987 1377 3067 ponitur,
1444 2987 1719 3064 quotiens
1775 2985 1946 3047 multi
2000 3004 2209 3047 versus
2266 2985 2683 3067 inprobantur,
2747 3005 2820 3046 00
2878 3005 2987 3066 per

393 3091 656 3171 singulos
702 3091 1031 3154 obelentur.

569 3255 748 3312 Codex
779 3256 1079 3312 Parisinus
1134 3263 1161 3311 1
1202 3255 1504 3312 utebantur
1646 3262 1680 3310 4
1715 3255 2009 3326 inconexa]
2049 3255 2107 3309 in
2144 3272 2356 3311 conexu
2499 3256 2987 3325 quemammodum

387 3335 648 3406 catalogo
790 3342 823 3390 5
859 3334 1115 3405 regiones
1150 3353 1188 3391 a
1221 3352 1322 3392 om.
1475 3353 1601 3390 cum
1637 3340 1764 3391 ante
1798 3334 2052 3405 praemia
2087 3351 2186 3391 om.
2332 3343 2365 3389 6
2395 3352 2430 3392 a
2455 3335 2712 3406 diversis]
2741 3335 2991 3390 aduersis

387 3434 697 3489 separan-,
734 3418 786 3474 h.
822 3434 850 3471 0
883 3417 966 3470 vel
1010 3418 1341 3486 separantur
1374 3417 1458 3470 vel
1493 3418 1756 3485 separant
1790 3432 1914 3470 cum
1947 3420 2081 3470 nota
2116 3416 2486 3471 distinctionis
2627 3423 2661 3471 8
2698 3415 2880 3484 coelo,
2928 3421 2992 3469 ut

386 3498 603 3552 videtur
753 3503 785 3551 9
822 3514 956 3566 prae
993 3498 1113 3553 celo
1268 3496 1474 3550 GVPM
1623 3500 1687 3550 10
1722 3497 2007 3566 permutat
2159 3502 2221 3550 11
2261 3498 2560 3565 011010ᾳο0
2705 3502 2772 3550 16
2808 3495 2865 3549 10
2903 3494 2990 3549 1113

386 3577 487 3631 hoc
521 3577 634 3633 loco
670 3592 770 3632 om.
916 3577 1119 3633 efesina
1266 3583 1330 3631 17
1367 3577 1788 3647 permutauerat
1823 3575 1883 3631 in
1919 3576 2008 3631 his
2045 3579 2105 3632 et
2138 3576 2315 3632 nostri
2456 3582 2525 3631 22
2561 3576 2807 3647 1301001]
2848 3580 2920 3630 ῑιῖι

537 3726 562 3773 1
604 3721 869 3775 utebatur
908 3720 1165 3776 Osmooe
1307 3726 1340 3774 3
1378 3716 1613 3788 simplex
1659 3717 1884 3789 ductus]
1933 3720 2140 3774 Isidor.
2178 3720 2315 3788 oriy.
2355 3719 2399 3771 Ι
2431 3723 2568 3785 20,8
2602 3718 2990 3789 paragraphus

389 3799 615 3868 ponitur
629 3799 702 3854 ad
715 3801 1055 3870 separandas
1073 3818 1162 3856 res
1179 3818 1217 3856 a
1233 3800 1397 3856 rebus
1413 3815 1558 3868 quae
1575 3798 1637 3853 in
1655 3814 1868 3854 conexu
1887 3801 2221 3855 concurrunt
2230 3797 2352 3868 (qui
2370 3798 2641 3854 inconexa
2659 3799 2994 3854 concurrant

388 3880 507 3934 cod.
548 3878 733 3950 Pan),
770 3897 938 3949 quem
973 3881 1047 3935 ad
1081 3881 1311 3935 modum
1346 3879 1406 3935 in
1443 3879 1701 3949 catalogo
1749 3879 1876 3935 loca
1923 3895 1958 3933 a
2005 3877 2143 3933 locis
2189 3880 2248 3932 01
2290 3878 2549 3948 regiones
2586 3895 2622 3934 a
2656 3879 2993 3949 regionibus,

388 3957 450 4012 in
486 3975 668 4029 agone
702 3960 954 4030 praemia
989 3978 1025 4014 a
1059 3960 1351 4031 praemiis,
1402 3959 1710 4015 certamina
1745 3978 1794 4015 a·
1815 3957 2045 4014 diversis
2082 3958 2477 4013 certaminibus
2512 3960 2842 4029 separantur

389 4044 424 4092 4
461 4038 732 4096 inconexa
766 4044 1157 4097 concurrerent
1200 4039 1457 4095 Osannus
1636 4044 1668 4093 5
1713 4038 1773 4092 in
1818 4055 1998 4109 agone
2045 4054 2172 4093 cum
2218 4038 2472 4107 praemia
2516 4038 2995 4106 Reifferscheidius

470 4125 500 4174 7
530 4120 812 4189 Leugoras
840 4121 1100 4176 Isidorus
1125 4120 1262 4190 θήρ.
1293 4121 1337 4173 Ι
1359 4123 1527 4187 20,14
1689 4126 1721 4174 9
1750 4135 2024 4189 nusquam
2061 4135 2162 4187 pro
2200 4118 2355 4174 caelo
2392 4118 2685 4173 Nauckius
2710 4119 2989 4188 Aristoph.

387 4199 528 4270 Byz.
563 4201 762 4270 fraym.
794 4218 854 4271 p.
892 4207 966 4256 16
1113 4205 1179 4254 10
1214 4200 1500 4268 permutet
1533 4198 1827 4254 Nauckius
1854 4199 1889 4254 l.
1919 4215 1962 4254 0.
2114 4204 2176 4252 11
2206 4197 2487 4268 utrimque
2514 4198 2992 4266 Reifferscheidius

466 4288 532 4336 12
561 4298 694 4336 usus
722 4283 808 4337 est
836 4297 905 4337 ea
929 4281 990 4337 in
1017 4279 1210 4335 multis
1237 4278 1716 4347 Reifferscheidius
1862 4285 1928 4333 16
1966 4277 2117 4348 diple
2155 4277 2610 4348 per-iestigmene,
2646 4277 2707 4331 id
2743 4278 2830 4332 est
2865 4293 2988 4330 cum

396 4359 635 4432 geminis
671 4361 920 4430 punctis:
958 4362 1106 4416 hanc
1141 4358 1358 4428 antiqui
1395 4358 1457 4413 in
1491 4358 1580 4415 his
1617 4358 2003 4429 apponebant,
2038 4373 2183 4426 quae
2219 4357 2535 4413 Zenodotus
2573 4356 2844 4427 Ephesius
2880 4373 2987 4412 non

388 4445 540 4498 recte
586 4441 870 4498 adiecerat
915 4445 1014 4497 aut
1068 4434 1386 4496 detraxerat
1445 4443 1545 4495 301
1606 4439 2025 4510 permutaverat
2075 4481 2087 4493 .
2142 4437 2202 4491 in
2263 4436 2350 4491 his
2415 4439 2475 4492 et
2534 4437 2710 4492 nostri
2773 4436 2859 4490 031
2925 4452 2991 4490 ea

390 4526 521 4578 sunt
557 4523 815 4577 Isidorus
851 4524 988 4593 oria.
1028 4522 1072 4575 I
1104 4526 1273 4587 20,15
1417 4519 1570 4590 diple
1607 4519 2037 4590 periestigmene
2074 4516 2155 4571 013
2183 4516 2570 4587 apponebatur
2596 4534 2742 4587 quae
2768 4516 2992 4572 Riesius

390 4601 581 4657 annal.
610 4602 802 4671 philol.
841 4620 891 4657 a.
932 4605 1082 4656 1866
1105 4617 1164 4670 p.
1192 4606 1304 4656 472
1335 4644 1348 4658 .
1377 4601 1437 4655 in
1473 4599 1586 4668 his,
1623 4602 1768 4670 quod
1803 4601 1868 4655 in
1902 4600 2082 4654 codice
2108 4603 2236 4666 post
2272 4600 2693 4667 permutaverat
2725 4598 2989 4666 scriptum

388 4686 493 4747 031,
535 4682 642 4735 huc
685 4682 1003 4751 transposui
1149 4686 1211 4735 17
1253 4679 1514 4735 similiter
1558 4681 1618 4733 et
1663 4681 1839 4734 nostri
1887 4696 1956 4734 ea
1999 4678 2084 4733 usi
2132 4680 2263 4732 sunt
2305 4676 2637 4732 Ribbeckius
2679 4678 2879 4747 proley.
2926 4678 2991 4731 in

400 4761 558 4831 Very.
591 4779 651 4831 p.
687 4767 794 4817 151
834 4804 847 4816 .
884 4762 1116 4828 fortasse
1159 4759 1241 4814 sic
1284 4762 1345 4815 et
1389 4758 1563 4815 nostri
1611 4776 1678 4815 ea
1724 4760 1811 4815 usi
1857 4760 1989 4815 sunt
2130 4764 2199 4812 22
2248 4758 2464 4813 coronis
2509 4759 2731 4812 tantum
2776 4757 2836 4810 in
2880 4756 2990 4810 fine

389 4841 868 4910 Reifferscheidius
902 4862 921 4894 .-
956 4842 1026 4908 ct'.
1075 4840 1282 4895 Isidor.
1318 4841 1457 4909 0259.
1497 4840 1541 4892 I
1579 4844 1756 4905 2⁰,26
1802 4837 2020 4894 coronis
2065 4842 2202 4894 nota
2247 4840 2334 4891 est
2378 4853 2521 4908 quae
2567 4836 2809 4902 (chi-onis
2856 4839 2991 4890 nota

390 4925 611 4977 tantum
646 4922 760 4978 cod.
805 4921 968 4990 Par.)
1001 4921 1060 4974 in
1096 4920 1205 4974 fine
1241 4917 1371 4974 libri
1407 4918 1710 4990 apponitur
