3613 5528
1391 447 1974 503 ORTHOGRAPHIA
2862 441 2993 507 299

380 559 421 596 p.
452 547 669 588 ποι-ω
696 547 745 586 1³.

380 641 495 694 tur.
587 631 778 692 Cerno
825 639 888 692 et
933 649 1140 691 cresco
1188 642 1248 693 et
1293 632 1480 712 glisco
1525 635 1585 694 in
1633 651 1821 695 unum
1868 632 2258 713 praeteritum
2299 625 2309 710 Ι
2349 631 2681 711 perfectum
2729 630 2992 710 veniunt,

380 737 539 818 quod
586 747 678 800 est
724 740 903 799 crevi.
978 740 1153 818 cupio
1201 742 1398 820 cupivi
1444 741 1586 801 facit
1631 749 1692 801 et
1737 741 1914 820 cupii.
1995 738 2207 800 Casses
2254 739 2403 799 retia
2449 736 2732 798 dicuntur
2778 745 2839 796 et
2886 753 2992 814 per

377 844 498 904 duo
543 863 573 904 s
627 844 992 906 scribuntur.
1084 844 1386 928 Comedia,
1443 849 1704 909 carmina
1759 864 1911 926 quae
1968 848 2030 907 in
2086 846 2368 906 conviviis
2427 850 2743 924 canuntur,
2801 860 2912 921 per
2958 860 2991 902 e

376 951 721 1031 simplicem.
797 950 1095 1013 Comburo
1133 970 1413 1033 comparo
1451 971 1743 1034 compono
1790 971 1901 1033 per
1940 971 1997 1013 m
2043 960 2105 1012 et
2151 969 2270 1012 non
2317 969 2427 1031 per
2474 968 2531 1011 n.
2605 951 2691 1010 sic
2738 946 2990 1027 compla-

320 1071 345 1111 5
375 1075 509 1137 ceo,
565 1067 992 1139 commoratus,
1050 1059 1518 1142 comprehendo,
1579 1060 1914 1121 commodat
1969 1068 2029 1120 et
2084 1057 2483 1139 commendat,
2548 1058 2994 1137 computrescit,

375 1163 713 1244 complures
767 1184 876 1245 per
920 1184 980 1226 m
1034 1163 1348 1227 scribenda
1403 1174 1560 1226 sunt.
1652 1165 1915 1226 camelus
1970 1184 2078 1245 per
2131 1183 2317 1226 unum
2374 1163 2409 1224 l.
2498 1163 2637 1225 Celo
2694 1161 2878 1243 celas,
2933 1162 2990 1223 id

373 1279 467 1331 est
511 1269 839 1353 abscondo,
887 1290 994 1351 per
1041 1271 1370 1352 simplicem
1415 1292 1478 1354 e;
1525 1271 1687 1333 caelo
1725 1272 1945 1353 caelas,
1991 1289 2128 1333 cum
2175 1273 2471 1352 picturam
2519 1271 2839 1351 significat,
2883 1289 2993 1350 per

374 1395 442 1437 ae
489 1377 897 1457 diphthongon
938 1379 1321 1441 scribendum
1358 1388 1466 1441 est.
1542 1380 1701 1442 unde
1739 1380 1954 1440 melius
1999 1377 2368 1459 intellegitur
2405 1377 2633 1439 caelum
2684 1396 2716 1436 a
2761 1378 2992 1457 pictura

373 1483 639 1558 siderum
703 1502 881 1563 quam
937 1503 968 1544 a
1025 1484 1269 1547 celando
1329 1484 1675 1548 mortalibus
1733 1504 1945 1547 arcana
2002 1485 2243 1546 dictum.
2346 1485 2516 1545 Circa
2572 1483 2644 1545 ad
2701 1482 2990 1544 visibilem

299 1608 346 1645 ιο
375 1593 679 1652 materiam
727 1590 816 1651 vel
861 1590 1057 1653 locum
1104 1594 1379 1671 pertinet.
1479 1611 1618 1672 erga
1665 1592 1735 1653 ad
1793 1594 2055 1654 animum
2103 1600 2356 1673 spectat,
2415 1593 2663 1652 maxime
2710 1609 2845 1651 cum
2893 1589 2991 1651 ali—

376 1717 553 1777 quem
589 1700 1043 1778 propensiorem
1079 1700 1358 1761 affectum
1396 1708 1643 1779 generat
1679 1701 2109 1780 proximorum.
2166 1701 2393 1759 circum
2430 1698 2501 1759 ad
2543 1709 2777 1780 tempus
2807 1699 2991 1759 reser—

374 1815 487 1866 tur.
563 1807 650 1866 cis
696 1804 941 1866 localem
989 1804 1167 1882 habet
1204 1795 1725 1887 significationem,
1772 1816 1839 1867 ut
1885 1804 2229 1885 cisalpinam
2266 1804 2537 1887 Galliam3
2584 1813 2645 1866 et
2689 1823 2798 1885 pro
2838 1805 2992 1866 ultra

372 1913 689 1992 accipitur,
726 1919 795 1973 ut
832 1907 954 1973 ‘cis
992 1911 1301 1973 definitum
1340 1907 1628 1993 tempus',
1664 1911 1778 1973 hoc
1818 1920 1911 1973 est
1948 1911 2120 1972 ultra.
2186 1930 2256 1971 ex
2295 1930 2366 1971 eo
2405 1912 2581 1973 citra:
2617 1913 2765 1973 citra
2802 1930 2991 1991 paene

373 2018 620 2078 eandem
666 2019 1154 2098 significationem
1201 2018 1379 2079 habet
1426 2036 1602 2097 quam
1649 2021 1764 2098 ciS,
1825 2020 1939 2078 nisi
1987 2016 2143 2097 quod
2192 2019 2450 2097 propriis
2508 2016 2845 2077 nominibus
2907 2020 2994 2079 cis

300 2139 347 2177 ιε»
376 2132 436 2184 et
490 2123 856 2204 appellativis
903 2127 1050 2186 citra
1099 2127 1336 2205 saepius
1389 2127 1676 2206 praeponi
1734 2123 1913 2205 solet,
1959 2126 2045 2184 cis
2091 2123 2394 2203 Rhenum,
2450 2124 2536 2183 cis
2582 2122 2785 2204 Alpes,
2841 2126 2991 2185 citra

376 2232 588 2292 forum.
664 2240 726 2292 et
771 2250 805 2292 a
851 2233 937 2293 cis
984 2234 1158 2313 citra,
1204 2252 1236 2292 a
1284 2234 1433 2292 citra
1479 2232 1631 2312 citer
1678 2232 1923 2291 citerior
1961 2231 2301 2290 citissimus
2376 2230 2616 2290 circiter
2661 2229 2732 2290 ad
2779 2248 2985 2291 nume-

376 2355 510 2397 rum
553 2339 845 2418 pertinet,
891 2348 958 2399 ut
1003 2341 1246 2399 circiter
1291 2338 1497 2399 decem
1557 2337 1856 2398 horarum.
1947 2335 2164 2397 Carcer
2220 2335 2324 2396 ubi
2381 2335 2652 2396 homines
2709 2336 2991 2399 claudun-

377 2453 491 2525 tur,
548 2462 821 2505 carceres
868 2444 1025 2506 unde
1073 2443 1391 2525 quadrigae
1439 2453 1677 2506 exeunt.
1768 2442 1941 2521 Cepit
1993 2461 2102 2522 per
2149 2442 2476 2523 simplicem
2524 2461 2556 2503 e
2604 2463 2636 2503 a
2686 2444 2992 2526 capiendo,

375 2551 573 2629 coepit
636 2569 745 2630 per
800 2551 1206 2631 diphthongon
1269 2570 1342 2612 oe
1406 2552 1477 2611 de
1534 2549 1891 2630 incipiendo.
1991 2558 2200 2629 coepta
2269 2568 2378 2630 per
2433 2549 2840 2630 diphthongon
2900 2570 2991 2631 oe,

297 2670 348 2709 2⁰
377 2658 611 2736 incepta
666 2676 776 2738 per
831 2658 1158 2738 simplicem
1207 2676 1257 2718 e.
1349 2656 1473 2717 Con
1529 2657 1919 2737 praepositio,
1975 2657 2026 2716 si
2072 2655 2144 2716 ad
2195 2654 2369 2715 verba
2418 2675 2449 2716 a
2499 2655 2796 2718 vocalibus
2841 2659 2987 2719 inci-

369 2766 595 2843 pientia
632 2763 899 2847 accedat,
948 2757 987 2826 n¹
1023 2773 1451 2826 consonantem
1496 2762 1718 2844 perdit,
1767 2772 1836 2824 ut
1872 2781 2062 2842 aequo
2105 2781 2397 2845 coaequo,
2444 2783 2515 2825 eo
2555 2783 2699 2824 coeo
2748 2772 2808 2825 et
2855 2764 2990 2827 reli-

372 2890 514 2951 qua,
561 2874 614 2932 si
660 2881 856 2933 autem
904 2872 976 2933 ad
1024 2871 1201 2933 verba
1248 2889 1281 2931 a
1327 2870 1621 2949 digammo
1667 2872 2038 2950 incipientia,
2085 2888 2204 2930 non
2251 2870 2448 2950 perdit
2501 2886 2537 2931 n
2585 2871 2869 2954 litteram,
2925 2883 2993 2935 ut

374 2976 502 3037 volo
551 2978 824 3061 convolo,
869 2981 1041 3040 vinco
1079 2980 1386 3040 convinco.
1460 2978 1702 3058 Coquus
1741 2978 1919 3055 coqui
1966 2978 2154 3056 prima
2203 2976 2422 3056 syllaba
2471 2994 2582 3057 per
2619 2998 2682 3060 c,
2730 2981 2988 3041 secunda

372 3101 479 3161 per
530 3102 568 3163 q
624 3084 1034 3146 scribendum:
1091 3103 1207 3146 uon
1264 3062 1422 3145 enim
1480 3084 1734 3145 dicimus
1790 3100 2125 3162 quoquere,
2181 3083 2284 3143 sed
2344 3101 2619 3163 coquere.
2711 3085 2979 3147 Coniunx

296 3204 345 3241 2⁵
373 3190 703 3251 secundum
738 3192 1062 3272 analogiam
1099 3209 1207 3272 per
1247 3210 1283 3251 n
1332 3189 1713 3251 scribendum
1763 3198 1881 3263 est,
1929 3188 2032 3249 sed
2079 3188 2408 3268 euphoniae
2448 3208 2624 3250 causa
2674 3210 2712 3251 n
2761 3191 2988 3253 tollitur

372 3306 432 3357 et
487 3297 742 3360 dicimus
797 3301 1028 3360 coniux.
1132 3299 1177 3359 C
1233 3305 1522 3378 sequente
1580 3295 1737 3356 nulla
1787 3292 1796 3375 Ι
1854 3295 2069 3356 vocalis
2124 3298 2436 3376 aspiratur,
2505 3305 2571 3357 ut
2626 3299 2784 3359 acies
2851 3319 2989 3360 ecce
3035 3274 3050 3289 ⁸

370 3404 597 3464 oculus.
672 3405 917 3467 Caelebs
963 3408 1065 3485 qui
1103 3404 1217 3468 sibi
1263 3407 1377 3465 iter
1424 3405 1563 3464 facit
1598 3401 1670 3462 ad
1709 3401 1939 3462 caelum
1978 3409 2038 3461 et
2090 3401 2324 3462 caelebs
2371 3403 2715 3466 caelestium
2754 3406 2980 3467 ducens

372 3512 549 3571 vitam
586 3521 647 3573 et
682 3512 957 3574 caelicola
994 3515 1097 3594 qui
1134 3511 1364 3572 caelum
1401 3509 1558 3589 colit,
1598 3517 1663 3569 ut
1701 3508 1976 3590 angelus,
2015 3509 2160 3569 haec
2200 3529 2266 3569 ae
2306 3510 2711 3591 diphthongon
2750 3512 2990 3575 habent.

372 3626 754 3698 coaetaneus,
819 3622 990 3698 quasi
1050 3636 1292 3699 compar
1359 3617 1594 3697 aetatis,
1656 3633 1766 3694 per
1831 3633 1898 3676 ae
1970 3615 2396 3696 diphthongon.
2498 3617 2655 3678 Cado
2711 3621 2899 3682 cecidi
2956 3640 2987 3682 a

292 3735 344 3775 ³⁰
372 3722 635 3783 cadendo
672 3743 779 3804 per
817 3744 878 3808 e,
924 3726 1105 3786 caedo
1143 3723 1366 3786 caecidi
1404 3741 1437 3783 a
1472 3721 1864 3801 percutiendo
1902 3741 2011 3802 per
2048 3741 2116 3783 ae
2154 3722 2593 3805 diphthongon,
2641 3725 2787 3786 cedo
2831 3731 2986 3790 cessi

548 3955 581 4003 3
619 3950 876 4006 comedia
912 3950 1163 4005 carmina
1199 3951 1331 4005 sunl:
1365 3964 1509 4017 quae
1548 3977 1614 3987 —
1655 3946 1968 4017 simplicem
2006 3947 2268 4003 scribitur
2310 3948 2382 4001 M
2508 3956 2540 4002 5
2579 3951 2990 4019 comprehendo

371 4029 668 4084 commoda
704 4030 1105 4100 computrescit
1141 4028 1498 4084 commendat
1534 4042 1828 4081 commune
1867 4028 2179 4097 complures
2218 4029 2277 4082 et
2312 4026 2454 4082 talia.
2491 4028 2565 4081 M
2698 4036 2731 4084 8
2768 4029 2988 4086 intelle-

369 4105 521 4172 gitur
560 4108 635 4161 M
666 4108 1033 4180 intellegatur
1070 4110 1113 4164 S
1250 4113 1317 4162 10
1354 4105 1600 4160 animum
1644 4107 1720 4160 M
1751 4105 1998 4161 animam
2036 4106 2081 4159 S
2216 4113 2277 4160 11
2320 4105 2549 4161 affectat
2584 4116 2819 4178 generat
2855 4115 2926 4165 M

374 4192 438 4240 13
476 4186 620 4240 citra.
646 4188 878 4244 eandem
910 4190 1117 4259 quippe
1147 4186 1613 4258 significationem
1652 4186 1828 4241 habet
1855 4187 2004 4255 quod
2046 4187 2127 4241 cis
2156 4187 2268 4242 nisi
2303 4187 2452 4256 quod
2488 4188 2726 4257 propriis
2754 4190 2989 4245 nomini-

371 4264 473 4319 bus
510 4267 572 4320 et·
607 4268 968 4337 appellatiuis
1003 4267 1224 4338 saepius
1263 4266 1339 4320 M
1447 4270 1515 4319 14
1551 4283 1719 4336 quam
1758 4264 1840 4320 cis
1880 4266 1952 4319 Μ
1987 4267 2137 4335 quod
2175 4266 2254 4321 cis
2282 4267 2383 4336 pS
2509 4275 2572 4323 16
2608 4269 2911 4323 citissimus
2947 4270 2993 4325 S

371 4344 688 4400 citessimus
727 4348 802 4401 M
837 4347 1061 4404 citimus
1090 4366 1134 4418 p
1269 4347 1343 4401 sd
1380 4363 1674 4401 numerum
1712 4347 1895 4401 solum
1933 4345 2180 4415 pertinet.
2218 4348 2290 4401 M
2433 4355 2493 4403 17
2536 4347 2760 4403 circiter
2794 4348 2989 4405 decem

371 4423 631 4479 horarum
661 4428 762 4496 pS
807 4427 1031 4483 circiter
1074 4428 1188 4484 tris,
1234 4428 1393 4482 milia
1438 4427 1531 4481 uel
1575 4426 1800 4483 circiter
1846 4427 2107 4481 horarum
2156 4427 2242 4482 de.
2282 4447 2332 4497 q.
2374 4446 2445 4483 m.
2490 4429 2558 4481 Μ
2612 4426 2833 4483 circiter
2868 4431 2991 4485 tres.

376 4503 534 4560 milia
568 4505 659 4560 vel
696 4506 919 4562 circiter
953 4508 1216 4563 horarum
1253 4508 1446 4563 decem
1487 4504 1799 4560 Frobenius
1942 4512 2012 4560 20
2049 4506 2122 4560 ad
2158 4523 2261 4561 om.
2301 4508 2370 4575 S,
2415 4508 2541 4562 add.
2575 4508 2705 4576 pM
2847 4514 2914 4563 22
2952 4526 2987 4563 a

376 4581 642 4654 digamon
678 4585 723 4640 S
736 4587 809 4640 Μ
930 4587 1259 4657 incipientia
1296 4588 1371 4641 M
1402 4584 1724 4654 incipienda
1760 4584 1806 4638 S
1929 4591 2000 4641 24
2039 4583 2288 4641 Coniunx
2327 4589 2629 4642 secundum
2666 4587 2988 4658 analogIam

374 4678 473 4730 per
502 4683 538 4718 n
576 4663 930 4720 scribendum
959 4668 1047 4720 est
1078 4668 1144 4721 ut
1178 4665 1416 4721 coniunx
1455 4664 1553 4720 sed
1589 4664 1904 4734 euphoniae
1946 4665 2021 4718 Μ
2054 4665 2293 4721 coniunx
2331 4665 2554 4735 (coniux
2584 4666 2649 4732 S)
2684 4667 2988 4723 secundum

376 4744 698 4815 analogiam
737 4761 836 4814 per
873 4762 909 4798 n
947 4743 1300 4800 scribendum
1335 4747 1422 4800 est
1457 4743 1770 4813 euphoniae
1822 4746 1910 4814 Sp
2053 4750 2123 4799 26
2170 4745 2408 4801 dicimus
2455 4745 2654 4801 coniux
2695 4746 2771 4800 M
2767 4763 2813 4815 p
2852 4746 2988 4803 diei·

266 4828 275 4837 ‘
378 4832 507 4878 mus*
532 4824 697 4879 coiux
732 4824 777 4879 S
894 4823 1054 4877 nulla
1090 4824 1302 4879 uocalis
1340 4827 1619 4895 aspiratur
1650 4824 1746 4894 pS
1781 4823 1996 4879 uocalis
2032 4823 2234 4880 melius
2270 4824 2551 4896 aspiratur
2589 4826 2664 4879 M
2785 4833 2853 4881 27
2892 4826 2986 4898 qui

381 4900 488 4957 iter
522 4903 632 4959 sibi
665 4903 806 4959 facit
842 4904 918 4958 M
1087 4904 1409 4959 caelestium
1446 4906 1653 4960 ducens
1690 4905 1869 4959 uitam
1895 4904 2000 4973 ps
2035 4903 2135 4974 qui
2170 4906 2472 4962 caelestem
2507 4905 2664 4963 ducit
2697 4903 2878 4963 uitam
2917 4909 2992 4963 M
