3613 5528
620 419 750 485 326
1765 422 2082 480 AVDACIS

620 533 662 570 p,
691 523 716 562 6
747 523 806 562 H.

620 609 936 687 exaequari
984 626 1101 668 non
1148 610 1369 689 potuit,
1418 609 1786 690 temporibus
1834 619 2215 691 exaequetur.
2292 612 2455 683 Quae
2505 610 2793 674 vocalium
2847 612 2980 673 loco
3027 630 3233 674 conso-

623 717 890 776 nantium
940 712 1289 796 ponuntur?
1353 715 1379 775 1
1427 725 1486 776 et
1533 735 1572 777 u
1613 765 1623 777 .
1666 714 1960 789 Quando?
2034 716 2182 780 Cum
2220 726 2324 780 aut
2360 721 2521 799 ipsae
2561 722 2721 780 inter
2758 738 2823 780 se
2861 723 3238 800 geminantur

622 830 723 883 aut
769 841 905 883 cum
954 821 1083 884 aliis
1133 822 1431 885 vocalibus
1478 826 1834 906 iunguntur,
1891 834 1958 887 ut
2013 833 2157 906 puta
2213 825 2393 887 veluti
2438 830 2497 887 si
2539 829 2617 888 sit
2671 830 2732 888 iu
2780 831 2971 908 capite
3027 847 3237 890 versus

617 922 945 1008 ‘periurus’
994 939 1096 991 aut
1143 926 1475 993 ‘volvitur't
1524 934 1745 1012 quippe
1794 950 1914 993 non
1961 935 2184 1012 poterit
2229 935 2419 1013 prima
2457 932 2674 1014 syllaba
2721 938 3015 1015 positione
3062 935 3236 1017 longa

616 1035 773 1117 fieri,
830 1037 945 1096 nisi
1002 1054 1261 1117 sequens
1317 1038 1534 1099 vocalis
1591 1038 1720 1100 loco
1777 1041 2161 1100 consonantis
2218 1040 2400 1102 suerit
2455 1052 2722 1125 accepta,
2779 1043 2935 1123 quod
2994 1043 3236 1123 quidem
3264 1055 3292 1096 ⁵

615 1161 724 1203 suo
763 1141 893 1203 loco
923 1142 1268 1205 docebimus
1299 1192 1311 1206 .
1343 1144 1809 1207 Consonantium
1839 1149 2070 1229 species
2107 1156 2254 1226 quot
2290 1145 2474 1209 sunt?
2538 1149 2698 1211 Duae
2730 1197 2742 1210 .
2775 1146 2983 1221 Quae?
3047 1150 3233 1210 Semi-

614 1250 934 1312 vocales·et
966 1259 1182 1312 mutae.
1250 1251 1643 1315 Semivocales
1673 1273 1823 1334 quae
1854 1251 2040 1316 sunt?
2097 1255 2260 1326 Quae
2301 1255 2539 1334 quidem
2579 1256 2792 1317 habent
2832 1259 2893 1318 in
2939 1259 3233 1337 principio

616 1365 847 1437 partem
878 1357 1230 1440 vocalitatis,
1269 1377 1404 1420 cum
1436 1378 1545 1440 per
1574 1380 1637 1422 se
1669 1362 2085 1444 proferuntur,
2125 1371 2320 1423 tamen
2352 1382 2459 1443 per
2487 1382 2551 1424 se
2582 1363 2860 1443 syllabam
2890 1365 3232 1425 facerenon

614 1465 1078 1544 possunt.Quot
1108 1461 1291 1526 sunt?
1338 1466 1607 1548 Septem,
1647 1468 1674 1527 s
1696 1467 1713 1527 l
1747 1487 1803 1527 m
1836 1487 1872 1529 n
1905 1487 1935 1528 r
1965 1489 1994 1528 s
2023 1488 2058 1528 x
2090 1517 2102 1530 .
2134 1469 2297 1540 Quae
2337 1470 2546 1532 harum
2587 1469 2841 1551 liquidae
2881 1479 3048 1550 suut,
3086 1489 3233 1550 quas

615 1571 824 1632 Graeci
872 1562 1086 1654 ὑγράς
1131 1569 1469 1652 appellant?
1542 1573 1588 1633 L
1636 1593 1693 1633 m
1742 1592 1779 1633 n
1829 1593 1859 1635 r
1907 1623 1919 1635 .
1969 1573 2250 1654 Liquidae
2299 1577 2457 1638 unde
2505 1574 2740 1638 dictae?
2814 1576 2984 1648 Quod
3033 1579 3233 1637 minus
3264 1593 3317 1631 10

615 1679 828 1739 virium
887 1677 1145 1740 habeant
1201 1688 1261 1739 et
1314 1682 1375 1739 in
1432 1682 1917 1759 pronuntiatione
1983 1680 2315 1761 liquescant
2380 1692 2557 1763 atque
2624 1684 2956 1766 solvantur,
3021 1686 3100 1745 ita
3168 1693 3234 1745 ut

613 1787 907 1864 positione
957 1784 1188 1865 longam
1235 1786 1514 1866 syllabam
1564 1787 1758 1847 facere
1808 1805 1924 1848 non
1989 1791 2235 1867 possint.
2317 1789 2481 1861 Quae
2529 1790 2966 1852 semivocalium
3015 1791 3234 1872 duplex

614 1887 749 1952 est?
822 1890 873 1950 X
922 1939 935 1952 .
984 1891 1180 1963 Quare
1242 1889 1503 1973 duplex?
1588 1892 1725 1954 ldeo
1783 1893 1941 1974 quod
2000 1913 2070 1955 ex
2128 1895 2359 1957 duabus
2415 1896 2630 1958 litteris
2687 1906 2945 1960 constat:
3002 1908 3233 1960 constat

614 2000 772 2059 enim
820 2006 924 2060 aut
969 2018 1039 2061 ex
1087 2018 1125 2079 g
1172 2009 1232 2061 et
1279 2018 1308 2060 s
1353 2008 1456 2061 aut
1503 2019 1573 2061 ex
1621 2020 1654 2060 c
1702 2010 1761 2062 et
1808 2019 1864 2081 S,
1911 2009 1978 2061 ut
2025 2020 2129 2062 rex
2177 2005 2364 2083 regiS,
2421 2005 2520 2083 pix
2567 2006 2718 2084 picis
2765 2052 2778 2065 .
2827 2008 3045 2086 quippe
3094 2015 3231 2068 ante

614 2110 919 2169 inventam
965 2126 1001 2167 x
1039 2105 1324 2181 litteram,
1372 2125 1522 2187 quae
1570 2116 1775 2188 postea
1825 2110 1885 2169 in
1934 2109 2351 2189 compendium
2408 2113 2644 2173 inventa
2701 2120 2820 2195 est,
2877 2131 2983 2173 rex
3037 2131 3148 2192 per
3193 2132 3232 2193 g
3260 2128 3312 2167 15

613 2221 673 2274 et
722 2233 750 2274 s
799 2218 1058 2290 itemque
1086 2218 1204 2290 pia:
1234 2232 1352 2290 per
1389 2232 1424 2276 c
1462 2223 1521 2276 et
1556 2234 1586 2274 s
1623 2213 1852 2275 litteras
1902 2224 2132 2276 veteres
2172 2215 2513 2278 scribebant
2557 2266 2569 2279 .
2607 2218 2771 2289 Quae
2810 2228 2951 2280 sunt
2988 2216 3230 2281 mutae?

614 2321 776 2392 Quae
825 2340 1019 2401 neque
1069 2323 1230 2401 ipsae
1278 2341 1386 2401 per
1433 2342 1497 2382 se
1553 2323 1811 2403 proferri
1868 2332 2120 2402 possunt
2177 2343 2371 2404 neque
2428 2325 2706 2405 syllabam
2765 2327 2960 2387 facere
3010 2375 3023 2388 .
3072 2327 3231 2397 Quot

613 2425 797 2488 sunt?
872 2427 1054 2509 Vllll,
1102 2427 1158 2489 id
1208 2438 1301 2489 est
1346 2428 1384 2488 b
1432 2449 1464 2488 c
1511 2429 1546 2489 d
1596 2449 1634 2508 g
1681 2429 1717 2488 b
1769 2429 1803 2489 k
1853 2449 1891 2508 p
1940 2448 1976 2508 q
2025 2438 2049 2490 t
2096 2478 2109 2491 .
2159 2430 2322 2501 Quae
2362 2441 2504 2492 sunt
2542 2452 2611 2493 ex
2649 2432 2743 2493 his
2781 2431 3229 2514 supervacuae?

616 2534 667 2593 K
718 2543 778 2595 et
824 2553 861 2614 q
912 2584 924 2596 .
974 2536 1171 2607 Quare
1218 2534 1501 2596 dicuntur
1547 2533 1994 2616 supervacuae?
2066 2535 2152 2597 Eo
2209 2536 2366 2617 quod
2426 2557 2457 2598 c
2514 2539 2711 2601 littera
2766 2540 2975 2601 harum
3031 2539 3228 2601 locum

614 2644 806 2721 possit
851 2642 1089 2723 explere
1138 2690 1152 2703 .
1203 2660 1407 2703 verum
1455 2643 1561 2704 has
1607 2661 1846 2722 quoque
1893 2647 2261 2705 necessarias
2308 2643 2763 2726 orthographiae
2803 2650 2952 2708 ratio
2992 2648 3224 2709 efficit.
3254 2664 3308 2703 20

613 2768 747 2811 nam
797 2751 1073 2830 quotiens
1121 2769 1153 2811 a
1200 2752 1499 2832 sequitur,
1548 2770 1656 2831 per
1701 2750 1739 2811 k
1789 2749 2174 2812 scribendum
2222 2759 2339 2835 est,
2387 2761 2455 2814 ut
2499 2752 2653 2815 liano
2693 2753 2976 2816 kalendae
3015 2754 3226 2838 kaput3

612 2860 889 2938 quotiens
938 2877 1004 2938 u,
1049 2876 1159 2938 per
1206 2877 1273 2939 q,
1320 2866 1386 2918 ut
1430 2860 1710 2937 quoniam
1750 2857 2043 2939 Quirites;
2091 2862 2367 2938 quotiens
2416 2861 2679 2940 reliquae
2726 2862 2984 2944 vocales,
3029 2881 3139 2943 per
3176 2881 3227 2945 c,

614 2975 679 3028 ut
727 2973 928 3028 certus
976 2967 1121 3027 civis
1168 2966 1515 3027 commodus
1555 3014 1566 3027 .
1608 2965 1762 3036 Quid
1811 2965 1884 3026 de
1932 2965 1971 3024 h
2019 2964 2556 3046 respondebimus?
2630 2968 2800 3040 Quod
2849 2972 3227 3050 aspirationis

612 3082 778 3149 nota,
835 3092 955 3134 nou
1012 3073 1207 3134 littera
1256 3074 1656 3155 existimatur,
1714 3071 1817 3132 sed
1879 3080 2078 3133 tamen
2134 3075 2194 3133 in
2253 3084 2445 3135 metro
2501 3075 2857 3154 aliquotiens
2911 3086 2974 3137 et
3029 3076 3224 3137 littera

612 3179 1080 3260 deprehenditur
1118 3228 1131 3241 .
1173 3180 1335 3252 Quae
1377 3188 1519 3241 sunt
1552 3179 1785 3241 litterae
1823 3176 2218 3259 peregrinae?
2291 3178 2337 3240 Y
2375 3189 2436 3242 et
2472 3202 2502 3242 z
2540 3230 2555 3243 .
2594 3182 2790 3254 Quare
2834 3184 3225 3264 peregriuae?
3254 3199 3308 3239 εὑ

754 3339 822 3388 25
862 3334 914 3387 Y
953 3336 1011 3389 et
1048 3334 1101 3406 z]
1143 3334 1412 3389 Iulianus
1448 3334 1514 3388 de
1549 3332 1733 3386 littera
1764 3350 1822 3401 p.
1855 3338 1928 3386 10
1964 3335 2042 3388 ed.
2074 3332 2227 3387 Rom.
2269 3332 2320 3387 Y
2350 3336 2407 3389 et
2444 3354 2472 3389 z
2501 3341 2806 3407 remanent,
2834 3304 2984 3407 'quas
3010 3337 3227 3392 litteras

518 3456 527 3467 ,
610 3418 845 3483 propter
890 3430 1094 3483 graeca
1137 3413 1365 3469 nomina
1403 3410 1730 3468 admisimus
1770 3457 1780 3468 .
1818 3414 1928 3468 Pro
1975 3412 2237 3482 qualibus
2282 3414 2639 3471 nominibus?
2704 3417 2941 3487 Propter
2988 3418 3228 3487 hymnus

610 3498 668 3550 et
713 3496 983 3565 zephyrus
1037 3538 1049 3550 .
1099 3510 1242 3562 quae
1291 3493 1338 3548 si
1385 3493 1718 3562 adsumptae
1768 3510 1881 3548 non
1934 3491 2199 3561 fuissent,
2256 3495 2522 3564 sepherus
2575 3498 2633 3552 et
2688 3497 2994 3567 diepherus
3045 3495 3229 3553 dicere

610 3574 905 3630 debuimus
944 3620 955 3631 .
996 3590 1232 3644 quarum
1268 3592 1305 3643 y
1350 3571 1498 3627 inter
1533 3571 1757 3628 vocales
1793 3573 2093 3642 habemus,
2141 3592 2169 3627 z
2215 3590 2349 3629 vero
2397 3575 2547 3630 inter
2593 3579 2993 3649 consonantes,
3040 3579 3098 3632 et
3142 3577 3231 3631 est

609 3655 844 3725 duplex,
880 3659 947 3710 ut
982 3653 1316 3723 Mezentius,
1355 3652 1489 3721 quia
1525 3652 1574 3707 si
1603 3672 1631 3706 z
1661 3669 1772 3707 non
1809 3651 2035 3719 fuisset,
2071 3669 2172 3722 per
2199 3670 2229 3707 c
2257 3656 2318 3708 et
2344 3672 2368 3708 s
2398 3656 2454 3722 (l.
2488 3657 2523 3710 d
2553 3659 2611 3712 et
2638 3662 2684 3726 s)
2714 3655 2883 3712 scribi
2915 3656 3229 3713 debebatur

752 3786 784 3834 2
842 3750 943 3834 aut
975 3780 1170 3849 priore
1216 3780 1331 3834 loco
1386 3793 1487 3832 om.
1547 3775 1621 3828 M
1762 3784 1795 3831 3
1851 3777 1899 3833 si
1952 3794 2053 3834 om.
2099 3776 2258 3844 ΒΜ,
2305 3780 2433 3836 add.
2496 3780 2548 3834 V
2687 3789 2722 3835 4
2759 3780 2970 3854 prima]
3009 3797 3120 3836 una
3160 3781 3232 3834 M

609 3866 641 3914 6
672 3877 772 3914 sno
801 3858 948 3930 loco]
968 3877 1020 3928 p.
1039 3864 1212 3925 328‚3
1231 3860 1297 3914 dc
1323 3859 1553 3930 syllabis
1572 3857 1847 3926 positione
1874 3858 2054 3927 lonyis
2124 3859 2264 3926 quot
2291 3862 2422 3914 sunt
2450 3861 2528 3914 M
2550 3865 2690 3932 quot
2716 3864 2860 3928 sunt,
2897 3867 2970 3914 ut
2997 3861 3229 3925 videtur,

607 3942 700 3996 sed
752 3957 889 3995 corr.
946 3941 1017 3995 al.
1074 3956 1143 3994 m.
1203 3939 1353 4008 quod
1410 3940 1498 3993 est
1544 3936 1600 3990 Β
1747 3943 1775 3991 7
1827 3938 1988 4006 parte
2040 3937 2117 3990 M
2254 3941 2287 3990 8
2336 3955 2462 3993 eum
2510 3958 2612 4010 pro
2660 3959 2718 3997 se
2765 3939 3127 4011 proferuntur
3171 3942 3227 3994 Β

508 4074 511 4077 ,
609 4026 640 4073 9
682 4019 834 4085 Quae
874 4019 1072 4075 barum
1108 4017 1357 4089 liquidae
1388 4047 1455 4057 —
1488 4022 1552 4070 12
1593 4013 1775 4071 faeere
1802 4032 1915 4070 non
1953 4017 2173 4085 possint
2208 4017 2272 4069 in
2308 4017 2451 4072 libro
2491 4019 2766 4075 Victorini
2801 4021 3010 4079 omissa
3045 4023 3227 4092 legun-

607 4105 701 4153 tur
737 4100 891 4169 apud
926 4098 1166 4153 Atilium
1201 4097 1679 4152 Fortunatiamaem
1722 4113 1778 4165 p.
1818 4100 2026 4162 279‚10
2167 4095 2234 4150 R.
2273 4112 2414 4163 quas
2451 4100 2642 4168 graeei
2687 4100 2830 4155 itrac
2873 4101 3174 4171 appellant
3207 4102 3228 4155 l

607 4199 664 4234 m
708 4197 746 4232 n
791 4197 821 4232 r
865 4178 1011 4232 ΒΜ
1152 4184 1215 4233 11
1265 4176 1601 4247 liquiescant
1652 4176 1728 4229 M
1872 4182 1936 4229 12
1981 4179 2220 4245 possunt
2271 4176 2347 4230 M
2498 4185 2565 4233 13
2624 4197 2691 4235 ex
2745 4178 2970 4236 duabus
3028 4181 3230 4237 litteris

607 4260 831 4313 constat
874 4260 974 4313 aut
1010 4276 1078 4314 ex
1113 4275 1152 4329 g
1190 4260 1248 4314 et
1284 4276 1309 4312 s
1357 4262 1457 4312 aut
1504 4272 1571 4310 ex
1618 4273 1648 4310 c
1685 4257 1743 4311 et
1780 4274 1806 4310 s
1844 4259 1910 4311 ut
1952 4272 2049 4311 rex
2095 4255 2243 4325 regis
2289 4256 2384 4325 pix
2432 4257 2575 4327 picis
2623 4258 2812 4328 (piscis
2862 4260 2938 4312 M
2941 4264 2965 4328 )
3015 4263 3230 4316 constat

607 4339 757 4394 enim
806 4340 1015 4410 quippe
1065 4342 1195 4394 ante
1242 4357 1278 4393 x
1322 4338 1572 4392 litteram
1618 4352 1762 4404 quae
1806 4339 1940 4406 post
1974 4337 2292 4391 incendium
2340 4337 2574 4393 inuenta
2611 4343 2698 4395 est
2731 4340 2877 4395 ΒΜ
3031 4348 3095 4398 15
3134 4359 3230 4397 rex

606 4441 707 4494 per
743 4440 783 4492 g
821 4422 879 4476 et
914 4438 940 4475 s
976 4418 1227 4488 itemque
1263 4418 1359 4488 pix
1403 4433 1506 4486 per
1542 4432 1572 4470 c
1609 4418 1668 4469 et
1701 4434 1726 4470 s
1770 4415 1992 4471 litteras
2031 4417 2248 4471 ueteres
2285 4417 2603 4473 scribebant
2651 4420 2703 4474 V
2733 4439 2830 4475 rex
2863 4438 2972 4491 per
3012 4426 3071 4494 ig
3106 4427 3165 4478 et
3201 4441 3227 4477 s

606 4500 825 4556 litteras
872 4501 1092 4555 ueteres
1142 4498 1464 4554 scribebant
1511 4496 1567 4548 B
1624 4512 1721 4549 rex
1775 4512 1878 4566 per
1933 4514 1973 4566 g
2018 4498 2078 4550 et
2122 4515 2149 4550 s
2196 4498 2416 4552 ueteres
2468 4501 2753 4556 scribebat
2799 4502 2873 4555 M
3030 4509 3093 4559 18
3140 4524 3228 4560 su·

604 4596 919 4649 prauacuae
964 4584 1193 4649 utroque
1240 4579 1352 4634 loeo
1399 4577 1475 4630 M
1619 4581 1683 4629 19
1732 4592 1762 4630 c
1799 4576 2116 4631 litterarum
2152 4577 2340 4632 locum
2376 4578 2526 4633 ΒΜ
2665 4586 2730 4634 21
2782 4582 2940 4652 nam]
3004 4602 3114 4640 non
3161 4585 3239 4638 Μ

674 4677 777 4731 per
812 4659 851 4713 k
890 4659 1242 4714 scribendum
1280 4661 1368 4713 est
1402 4661 1469 4712 ut
1504 4673 1646 4711 cano
1684 4660 1842 4725 (corr.
1874 4657 2044 4726 kano)
2081 4638 2374 4713 hanendae
2414 4661 2592 4731 kaput
2628 4661 2845 4732 quoties
2881 4659 2906 4714 i
2946 4679 3056 4732 per
3090 4681 3128 4731 q
3164 4666 3231 4717 ut

602 4746 698 4809 qffi
737 4739 972 4810 quirites
1009 4739 1065 4793 Β
1102 4756 1203 4809 per
1240 4739 1316 4795 ka
1351 4738 1707 4794 scribendum
1755 4740 1842 4792 est
1877 4741 1943 4792 ut
1989 4737 2137 4793 kano
2174 4736 2416 4794 kalende
2454 4743 2636 4812 capud
2674 4740 2934 4811 quotiens
2981 4763 3021 4800 n
3055 4762 3154 4814 per
3192 4764 3228 4815 q

601 4819 667 4871 nt
720 4819 943 4887 quando
998 4818 1246 4887 quirides
1306 4819 1381 4872 M
1531 4824 1598 4872 23
1657 4816 1824 4888 civis]
1882 4817 2038 4872 cuius
2097 4819 2173 4873 Μ
2322 4827 2393 4876 24
2451 4822 2827 4892 existimatur]
2885 4827 3112 4881 extima
3160 4827 3234 4881 M

602 4901 670 4951 25
710 4916 736 4953 s
771 4899 830 4951 et
864 4915 894 4950 z
931 4900 1007 4952 M
1485 4909 1488 4913 ’
