3613 5528
1328 417 1428 472 DE
1466 416 2041 474 ORTHOGRAPHIA
2855 420 2997 484 2189

374 532 418 570 p.
448 521 571 563 2³05.
600 522 628 562 6
656 518 707 560 P.
1380 528 1389 537 ·

376 608 680 688 triumvir,
725 604 866 666 licet
911 607 1270 687 composita,
1317 624 1438 666 non
1486 605 1773 685 simplicia
1821 608 1957 668 sint.
2030 624 2137 666 vor
2185 623 2297 684 per
2343 623 2376 663 v
2423 612 2681 685 notetur,
2741 613 2808 666 ut
2853 603 3002 666 livor

378 723 438 775 et
482 714 740 793 MavorS,
786 715 836 773 si
882 712 996 772 boc
1044 731 1263 773 nomen
1309 714 1370 773 in
1417 712 1527 773 hac
1572 720 1740 792 parte
1786 714 1929 792 poni
1978 714 2378 773 necessarium
2425 712 2709 772 dicimus:
2755 711 2992 792 quidam

379 823 538 887 enim
586 838 702 881 non
750 818 942 881 solum
988 819 1174 900 Mars,
1232 819 1336 880 sed
1384 821 1560 880 etiam
1606 818 1866 900 MavorS,
1912 817 2069 879 unde
2126 827 2187 880 et
2231 818 2536 893 Mavortia,
2598 818 2715 879 dici
2761 818 2998 880 volunt:

380 936 626 1007 excepto
673 926 920 1009 arbore,
966 927 1247 1005 quoniam
1293 933 1781 1005 nuncupatur.et
1827 923 2030 1006 arboS,
2088 925 2245 1004 quod
2302 943 2409 1005 per
2455 923 2493 984 b
2540 934 2764 985 mutam
2811 923 2992 986 scribi

330 1048 356 1087 ⁵
383 1034 582 1095 docuit
628 1033 1014 1095 consuetudo.
1091 1051 1224 1094 nam
1288 1030 1455 1093 labor
1501 1033 1665 1093 favor
1713 1033 1912 1093 fervor
1957 1051 2140 1112 pavor
2188 1051 2260 1092 ex
2305 1031 2486 1092 verbo
2541 1032 2791 1111 figurata
2837 1032 3003 1093 verbi

384 1160 617 1220 quoque
657 1160 775 1202 non
816 1140 1110 1221 abnegant
1145 1139 1428 1219 regulam.
1503 1138 1620 1201 bur
1658 1138 1878 1223 syllaba
1916 1141 2230 1200 terminata
2269 1138 2305 1199 b
2344 1146 2567 1199 mutam
2604 1140 2666 1199 in
2704 1140 3002 1219 scriptura

384 1247 641 1329 tenebit,
689 1256 757 1309 ut
802 1247 952 1308 ebur
998 1244 1201 1308 robur.

558 1354 670 1415 Ves
707 1352 907 1415 brevis
944 1353 1183 1416 definita
1224 1352 1431 1434 [quae]
1472 1352 1691 1435 syllaba
1728 1372 1839 1434 per
1868 1373 1901 1412 v
1942 1353 2201 1414 vocalem
2238 1371 2347 1433 pro
2378 1360 2743 1413 consonante
2776 1351 2998 1412 scribe·

385 1469 507 1536 tur,
555 1470 621 1523 ut
666 1461 847 1522 dives.
921 1460 1028 1522 bes
1074 1459 1246 1541 longa
1294 1479 1431 1522 cum
1478 1462 1661 1523 fuerit
1707 1463 2048 1542 terminata,
2094 1459 2133 1520 b
2181 1458 2668 1521 mutam'tenebit
2713 1461 2775 1519 in
2813 1461 2997 1538 scrip-

306 1582 357 1621 10
384 1576 543 1650 tura,
604 1576 669 1629 ut
726 1567 890 1629 labes
953 1567 1118 1629 tabes
1176 1566 1366 1647 pubes
1422 1566 1639 1648 nubes,
1703 1569 1970 1647 quamvis
2044 1565 2219 1628 nubis
2279 1565 2519 1646 quidam
2578 1567 3002 1627 nominativum

384 1676 693 1736 enuntiare
731 1675 1087 1737 maluerunt.
1162 1676 1249 1735 vis
1284 1693 1394 1754 per
1436 1692 1468 1732 v
1516 1673 1774 1735 vocalem
1819 1674 1950 1734 loco
1996 1675 2248 1753 positam
2285 1674 2693 1753 consonantiS,
2740 1680 2808 1732 ut
2843 1674 2990 1732 civis

386 1782 535 1840 nivis
581 1783 745 1842 navis
792 1782 972 1843 clavis
1017 1782 1210 1861 gravis
1255 1780 1449 1860 pulvis
1496 1783 1708 1842 suaviS.
1781 1779 1921 1841 licet
1966 1782 2127 1841 enim
2171 1779 2400 1841 scrobis
2446 1787 2508 1840 et
2553 1777 2717 1840 orbis
2762 1797 2871 1858 per
2917 1777 2957 1838 b
2991 1770 3000 1860 Ι

387 1895 605 1948 mutam
665 1887 1032 1971 scribantur,
1104 1898 1297 1949 tamen
1359 1886 1468 1948 hac
1488 1870 1600 1948 'de
1662 1905 1868 1968 causa,
1938 1888 2216 1965 quoniam
2278 1885 2515 1966 quidam
2579 1886 3004 1946 nominativum

390 1994 742 2074 singularem
790 1998 919 2057 sine
956 1998 977 2056 i
1021 1995 1219 2057 littera
1265 1996 1577 2054 enuntiare
1616 1992 1948 2054 voluerunt.
2021 1991 2131 2052 bos
2176 2011 2286 2073 per
2322 1991 2361 2052 b
2408 2001 2661 2073 mutam,
2700 2002 2765 2052 ut
2803 1990 3001 2073 arboS,

570 2174 596 2221 1
638 2167 751 2224 sint
786 2169 842 2222 B
881 2169 1015 2223 sunt
1049 2166 1167 2222 AG
1304 2172 1336 2221 2
1375 2165 1423 2221 si
1460 2165 1566 2221 boc
1602 2181 1806 2219 nomen
1847 2162 1895 2218 O
1926 2162 1974 2218 si
2008 2164 2203 2219 tamen
2239 2163 2346 2219 hoc
2383 2180 2588 2219 nomen
2624 2162 2682 2217 Β
2718 2164 2766 2219 si
2803 2165 2862 2219 et
2897 2164 3005 2219 hoc

392 2262 588 2301 nomen
624 2248 677 2301 A
837 2247 1075 2303 dicimus
1113 2246 1229 2302 AO
1261 2244 1515 2301 ducimus
1552 2244 1609 2298 Β
1769 2250 1802 2298 4
1841 2243 2108 2314 quoniam
2144 2246 2497 2314 nuncupatur
2532 2243 2650 2298 AO
2682 2243 2833 2312 quod
2870 2262 3007 2298 nun·

395 2327 620 2395 cupatur
652 2325 709 2379 Β
838 2326 1013 2398 quod]
1053 2342 1199 2395 quae
1237 2323 1422 2379 ABG
1543 2332 1574 2380 5
1614 2324 1799 2396 favor]
1837 2323 1998 2379 fabor
2031 2322 2088 2376 Β
2232 2330 2265 2377 6
2303 2323 2416 2377 Βιιι·
2452 2323 2669 2392 syllaba
2704 2324 3010 2379 terminata.

395 2403 433 2457 b
464 2408 617 2461 muta
650 2406 930 2477 scriptura
963 2404 1186 2461 tenebit
1224 2403 1272 2459 O
1302 2404 1415 2459 Bur
1436 2404 1673 2475 ‚syllaba
1706 2404 1744 2457 b
1782 2404 1999 2458 mutam
2034 2402 2313 2471 seriptma
2348 2401 2565 2458 tenebit
2599 2403 2654 2457 A
2785 2409 2815 2459 7
2852 2405 3006 2458 tene-

399 2483 535 2537 bunt
565 2483 622 2537 Β
758 2491 792 2540 8
827 2502 925 2540 nes
960 2484 1120 2540 breui
1156 2485 1328 2540 finata
1364 2483 1581 2554 syllaba.
1617 2500 1716 2553 per
1751 2502 1790 2537 u
1826 2483 2081 2538 uocalem
2127 2499 2228 2551 pro
2268 2485 2609 2539 consonante
2647 2482 2908 2538 scribitur
2945 2484 3009 2537 ul:

397 2561 546 2619 diues
604 2565 642 2619 b
691 2567 906 2619 mutam
954 2570 992 2618 fi
1038 2562 1257 2619 tenebit
1302 2562 1403 2617 bes
1452 2562 1625 2632 longa
1675 2579 1801 2617 cum
1851 2560 2023 2617 fuerit
2065 2562 2370 2618 terminata
2417 2563 2475 2617 in
2518 2562 2795 2633 scriptura
2840 2562 2886 2616 0

400 2647 431 2694 9
464 2640 628 2697 fuerit
662 2644 719 2697 A
756 2641 966 2728 fuerint
1000 2643 1057 2697 Β
1203 2642 1240 2697 b
1276 2644 1491 2697 mutam
1527 2642 1801 2699 tenebunt
1835 2642 1908 2713 B,
1945 2658 2046 2699 om.
2084 2642 2141 2696 A
2287 2648 2352 2696 12
2390 2642 2536 2697 nivis
2573 2658 2674 2697 om.
2712 2644 2767 2703 A

406 2824 957 2832 -—-———--‚-—-—-—-—--—
1518 2828 1689 2835 ——n
1704 2829 1896 2835 ψ..-

2149 2827 2998 2834 ——————-——-—.——-——-———.-„.

1292 2946 1659 3001 MARTYRII
1695 2946 1793 3002 DE
1832 2947 1878 3001 Β
1914 2946 2011 3001 ΕΤ
2049 2946 2100 3000 V

404 3114 697 3194 simplicia.
772 3132 877 3174 vor
920 3132 1031 3193 per
1068 3132 1102 3172 v
1149 3103 1485 3192 digammon
1524 3122 1796 3196 notetur,
1843 3121 1911 3175 ut
1954 3112 2105 3173 livor
2140 3119 2204 3172 et
2238 3111 2496 3193 Mavors,
2543 3115 2595 3174 si
2638 3112 2752 3174 hoc
2789 3131 3003 3174 nomen

403 3219 459 3278 in
504 3219 607 3280 hac
653 3227 822 3300 parte
868 3222 1007 3299 poni
1055 3222 1461 3281 necessarium
1507 3220 1788 3282 dicimus:
1836 3220 2075 3299 quidam
2114 3222 2274 3281 enim
2314 3237 2431 3280 non
2472 3219 2663 3280 solum
2700 3219 2856 3280 Mars
2903 3218 3006 3279 sed

405 3327 570 3386 etiam
624 3326 880 3408 Mavors,
935 3325 1093 3387 unde
1150 3334 1210 3386 et
1265 3325 1572 3410 Mavortia,
1629 3327 1747 3388 dici
1810 3326 2043 3387 volunt:
2108 3333 2356 3406 excepto
2423 3324 2664 3407 arbore,
2729 3327 3038 3406 quoniam,

403 3442 770 3514 nuncupatur
816 3441 877 3494 et
921 3432 1125 3515 arboS,
1186 3431 1344 3512 quod
1405 3453 1514 3513 per
1560 3434 1598 3494 b
1645 3441 1871 3495 mutam
1916 3431 2098 3494 scribi
2158 3431 2363 3493 docuit
2387 3431 2799 3506 ‚consuetudo
2872 3449 3008 3491 nam

355 3548 378 3588 ὃ
403 3537 559 3600 labor
625 3540 787 3601 favor
856 3540 1052 3601 fervor
1115 3557 1297 3619 pavor
1352 3559 1424 3601 ex
1481 3539 1660 3602 verbo
1716 3541 1964 3618 figurata
2021 3538 2188 3599 verbi
2245 3556 2484 3618 quoque
2541 3556 2660 3599 non
2716 3537 3010 3617 abnegant

316 3689 323 3694 -
402 3645 673 3724 regulam.
731 3645 846 3707 bur
873 3645 1093 3727 syllaba
1131 3648 1443 3708 terminata
1478 3645 1517 3707 b
1555 3655 1781 3709 mutam
1809 3649 1871 3708 in
1900 3648 2197 3725 scriptura
2234 3644 2485 3726 tenebit,
2524 3652 2590 3705 ut
2627 3642 2776 3704 ebur
2804 3641 3008 3703 robur.

570 3752 681 3813 Bas
737 3753 1016 3832 syllabam
1071 3755 1496 3836 terminarixin
1551 3755 1734 3816 latino
1782 3771 2057 3816 sermone
2122 3770 2332 3833 parum
2378 3754 2644 3813 invenire
2690 3752 3010 3832 potuimus

401 3875 499 3918 ves
531 3859 728 3919 brevis
765 3858 1003 3921 definita
1042 3858 1260 3939 syllaba
1297 3879 1406 3940 per
1442 3881 1477 3921 v
1516 3861 1775 3923 vocalem
1818 3878 1927 3942 pro
1967 3865 2329 3920 consonante
2370 3857 2688 3940 scribetur,
2727 3865 2794 3919 ut
2829 3857 3009 3918 dives.

402 3963 502 4026 bes
553 3966 725 4046 longa
771 3985 907 4030 cum
965 3968 1146 4028 fuerit
1200 3951 1537 4050 terminata,
1582 3966 1621 4028 b
1684 3976 1909 4029 mutam
1966 3965 2192 4028 tenebit
2234 3967 2297 4025 in
2346 3967 2669 4046 scriptura,
2726 3972 2795 4025 ut
2847 3962 3010 4023 labes

328 4085 377 4122 10
403 4070 562 4132 tabes
597 4073 787 4153 pubes
826 4072 1036 4154 nubes,
1064 4075 1330 4153 quamvis
1365 4073 1543 4135 nubis
1581 4073 1821 4154 quidam
1857 4074 2282 4134 nominativum
2322 4074 2619 4133 enuntiari
2655 4070 3007 4132 maluerunt.

402 4180 486 4238 vis
539 4198 645 4259 per
699 4199 733 4239 v
788 4178 1048 4240 vocalem
1102 4179 1232 4240 loco
1287 4181 1539 4259 ‘positam
1598 4181 2009 4260 consonantiS,
2073 4186 2143 4239 ut
2196 4180 2340 4239 civis
2396 4181 2547 4254 nivis
2606 4179 2771 4239 navis
2830 4175 3008 4237 clavis

401 4287 588 4363 gravis
632 4286 825 4367 pulvis
871 4288 1083 4347 suavis.
1156 4285 1297 4346 licet
1342 4287 1500 4347 enim
1547 4285 1775 4347 scrobis
1823 4295 1884 4346 et
1928 4283 2091 4345 orbis
2135 4303 2245 4364 per
2293 4284 2329 4345 b
2378 4293 2599 4347 mutam
2647 4282 3004 4364 scribantur,

406 4397 600 4453 tamen
636 4391 745 4454 bac
781 4392 855 4454 de
894 4411 1098 4475 causa,
1134 4394 1413 4472 quoniam
1452 4392 1691 4473 quidam
1727 4392 2153 4453 nominativum
2195 4391 2553 4470 singularem
2591 4392 2718 4451 sine
2755 4392 2774 4449 i
2811 4389 3009 4450 littera

406 4500 698 4559 enuntiari
742 4500 1074 4560 voluerunt.
1148 4498 1257 4559 bos
1301 4518 1412 4579 per
1456 4499 1495 4560 b
1543 4508 1792 4580 mutam,
1839 4504 1909 4559 ut
1954 4496 2155 4579 arbos,
2201 4517 2311 4559 ceu
2355 4499 2631 4577 superius
2670 4497 3007 4557 meminisse

330 4613 382 4654 ¹5
407 4606 829 4681 cognoscimus,
905 4604 1046 4688 buS,
1095 4606 1387 4686 siquidem
1426 4603 1737 4667 masculini
1781 4606 2019 4684 generis
2056 4611 2283 4666 tantum
2321 4604 2558 4664 nomina
2603 4602 2857 4685 fuerint,
2900 4620 3010 4682 per
3057 4645 3062 4650 ·

408 4707 446 4768 b
482 4718 698 4774 mutam
745 4710 1069 4795 scribetur,
1114 4720 1181 4773 ut
1228 4712 1398 4776 cibus
1443 4711 1668 4774 naebus
1716 4711 1961 4773 morbus
2006 4710 2194 4773 rubus
2239 4707 2449 4808 glob'ps
2497 4707 2734 4772 nimbus
2778 4707 3010 4769 lembus

805 4803 813 4812 ·
1163 4803 1187 4828 t

546 4887 581 4934 4
615 4898 745 4937 nam
780 4882 938 4939 lavor
970 4882 1133 4940 favor
1166 4884 1234 4939 N
1262 4902 1389 4940 nam
1428 4883 1592 4939 labor
1626 4881 1786 4938 fabor
1823 4882 1881 4935 P
1979 4889 2012 4936 5
2050 4883 2295 4950 abnegat
2329 4881 2395 4934 N
2504 4886 2570 4934 16
2607 4879 2917 4935 scribentur
2950 4879 3019 4934 N
