3613 5528
621 417 704 483 78
1688 418 1890 473 VELII
1926 417 2157 474 LONGI

618 531 659 567 p.
689 520 807 560 2236.
836 520 886 559 37
915 520 964 561 P.

619 604 751 665 dam
796 605 946 665 hanc
986 623 1023 664 n
1062 603 1333 682 litteram,
1379 620 1556 681 quam
1595 621 1777 663 sonus
1816 603 2240 663 enuntiationis
2277 603 2515 662 insistit.
2591 620 2724 661 nam
2765 603 3030 680 quamvis
3068 601 3224 661 idem

622 715 792 771 dicat
829 731 945 772 non
985 730 1116 771 esse
1154 709 1513 770 onerandam
1550 714 1934 790 supervacuis
1972 710 2185 771 litteris
2224 712 2628 789 scriptionem,
2667 727 2878 769 rursus
2914 727 3033 770 non
3070 710 3225 769 frau-

619 816 877 878 dandum
924 836 1136 879 sonum
1184 820 1483 898 existimo,
1538 834 1675 876 cum
1720 826 1782 878 et
1827 817 2012 877 levior
2058 816 2129 877 ad
2178 834 2353 877 aures
2401 825 2462 876 et
2506 815 2737 895 plenior
2783 817 3006 896 veniat,
3053 825 3121 876 ut
3165 817 3228 875 iu

618 923 952 985 abstinente
998 946 1027 986 s
1074 927 1426 986 arcessitum
1474 933 1566 985 est
1611 932 1672 984 et
1718 927 1778 983 in
1828 923 2052 984 ambitu
2098 922 2152 984 b.
2240 925 2318 983 sit
2363 941 2505 1001 ergo
2550 923 2691 983 licet
2737 925 3006 1002 coniugis
3051 941 3227 1002 gene·

620 1032 737 1090 tivo
784 1049 926 1091 casu
974 1040 1033 1092 et
1080 1034 1328 1112 seiugiS,
1385 1033 1601 1091 coniux
1659 1040 1856 1091 tamen
1905 1039 1965 1091 et
2011 1033 2178 1091 seiux
2236 1027 2537 1089 subtracta
2584 1048 2622 1089 n
2672 1028 2866 1090 littera
2913 1038 2973 1089 et
3019 1028 3226 1089 diffici-
3259 1044 3285 1083 5

619 1136 734 1197 lius
782 1137 1188 1199 enuntiabitur
1235 1147 1295 1198 et
1341 1141 1611 1217 asperius
1660 1136 1904 1198 auribus
1951 1137 2193 1197 accidet.
2269 1139 2410 1197 sane
2456 1135 2556 1196 illo
2603 1135 2892 1197 catholico
2940 1154 3004 1196 se
3051 1135 3230 1195 Nisus

621 1253 852 1325 tuetur,
907 1263 1026 1324 quo
1080 1244 1224 1305 dicit
1268 1247 1330 1304 in
1377 1243 1871 1305 declinationibus
1918 1261 2242 1318 numquam
2289 1262 2330 1303 n
2376 1242 2633 1303 litteram
2682 1245 2907 1324 perire,
2958 1260 3108 1321 quae
3157 1243 3235 1301 sit

618 1352 679 1409 in
727 1352 935 1428 primis
980 1349 1393 1430 positionibuS,
1440 1358 1505 1410 ut
1552 1350 1783 1429 pudens
1830 1349 2127 1431 pudentiS,
2173 1348 2438 1428 prudens
2485 1349 2826 1430 prudentiS,
2873 1348 3093 1409 decens
3134 1347 3233 1408 de-

621 1458 829 1517 centis,
908 1460 986 1519 ita
1036 1459 1087 1517 si
1133 1459 1349 1518 coniux
1396 1456 1574 1517 babet
1621 1476 1659 1516 ιι
1705 1457 1991 1536 litteram,
2039 1459 2470 1538 necessarium,
2517 1458 2739 1538 inquit,
2786 1459 2902 1516 erit
2945 1465 3013 1516 ut
3058 1474 3234 1534 gene·

622 1565 777 1624 tivus
825 1582 1062 1644 quoque
1103 1583 1141 1624 n
1179 1540 1438 1624 litteram
1483 1562 1710 1624 habeat.
1786 1565 1899 1624 etsi
1938 1563 1994 1623 id
2036 1581 2273 1642 quoque
2313 1565 2440 1643 ipse
2480 1570 2751 1641 spectare
2798 1562 3020 1642 debuit,
3067 1579 3235 1622 num·
3267 1577 3319 1615 ιο

622 1669 764 1747 quid
821 1669 1208 1749 amphiboliae
1266 1669 1557 1731 tollendae
1612 1672 1798 1749 gratia
1855 1671 2224 1731 consuetudo
2271 1687 2310 1729 n
2357 1669 2617 1730 litteram
2676 1672 2969 1751 omiserit,
3030 1689 3107 1729 ne
3159 1672 3240 1728 sit

622 1774 991 1853 ambiguum,
1046 1783 1248 1836 utrum
1296 1775 1368 1836 ab
1416 1794 1488 1836 eo
1534 1776 1690 1855 quod
1739 1784 1833 1836 est
1879 1779 2136 1837 coniunx
2185 1775 2479 1858 trabatur,
2534 1784 2602 1837 ut
2647 1781 2725 1837 sit
2770 1794 2801 1835 a
2850 1778 3117 1855 nomine,
3163 1794 3239 1835 an

628 1900 661 1941 a
708 1879 888 1940 verbo
928 1881 1085 1960 quod
1125 1890 1217 1941 est
1261 1884 1574 1961 coniunge.
1649 1900 1768 1942 non
1817 1901 1950 1943 esse
1988 1885 2130 1943 item
2175 1881 2320 1943 illud
2368 1901 2593 1963 verum,
2639 1882 2798 1962 quod
2847 1882 3085 1962 quidam
3132 1901 3238 1961 pu·

625 1994 771 2067 tant,
816 1989 1163 2049 servandam
1209 2007 1340 2049 esse
1391 1991 1596 2068 utique
1644 2007 1681 2048 n
1729 1988 1989 2049 litteram
2035 2008 2067 2048 a
2113 1991 2302 2068 prima
2358 1991 2650 2068 positione
2698 2008 2807 2069 per
2863 1998 3093 2050 ceteras
3138 1987 3238 2048 de-

626 2094 991 2175 clinationeS,
1037 2095 1415 2156 manifestum
1453 2104 1547 2155 est
1583 2094 1673 2154 vel
1712 2113 1784 2154 ex
1823 2094 1935 2176 bis,
1981 2094 2138 2173 quod
2187 2095 2376 2173 fingor
2423 2095 2676 2156 dicimus
2723 2103 2784 2155 et
2828 2104 3024 2155 tamen
3063 2095 3239 2155 fictus
3271 2108 3322 2147 1⁵

626 2210 686 2261 et
730 2204 943 2281 pingor
990 2212 1049 2261 et
1096 2210 1292 2261 tamen
1340 2203 1553 2280 pictus,
1630 2204 1740 2261 nec
1780 2220 1898 2261 non
1938 2210 1998 2261 et
2034 2204 2159 2280 ipsa
2201 2221 2238 2260 ιι
2277 2202 2472 2262 littera
2512 2205 2571 2262 in
2613 2202 2808 2262 locum
2851 2198 2859 2278 Ι
2902 2220 2959 2261 ιιι
2998 2205 3242 2261 litterae

626 2306 911 2388 succedit,
956 2314 1026 2367 ut
1062 2328 1197 2370 cum
1245 2309 1499 2369 dicimus
1547 2308 1996 2387 clandestinum,
2045 2325 2181 2368 cum
2219 2307 2291 2367 ab
2330 2326 2399 2368 eo
2439 2308 2708 2369 trabatur
2746 2308 2904 2388 quod
2942 2317 3035 2368 est
3071 2307 3241 2388 clam,
3343 2356 3364 2376 ,

630 2417 774 2475 item
820 2417 1098 2496 sinciput,
1145 2415 1303 2495 quod
1354 2423 1445 2475 est
1492 2417 1834 2494 semicaput.
1918 2414 2021 2474 sed
2071 2432 2190 2475 non
2236 2414 2458 2493 ubique
2506 2415 2910 2477 obtinendum.
2998 2433 3133 2475 nam
3181 2422 3243 2474 et

630 2538 746 2581 non
796 2539 1117 2599 numquam
1164 2521 1398 2601 plenius
1446 2540 1554 2600 per
1591 2540 1629 2581 n
1678 2538 1855 2599 quam
1901 2537 2010 2598 per
2047 2538 2105 2579 m
2152 2524 2515 2602 enuntiatur,
2561 2530 2629 2581 ut
2674 2539 2811 2582 cum
2857 2520 2991 2580 dico
3040 2515 3242 2579 ‘etiam

629 2622 839 2708 nunc',
897 2628 1160 2705 quamvis
1211 2646 1320 2706 per
1368 2647 1423 2688 m
1472 2627 1753 2709 scribam,
1813 2630 2013 2687 nescio
2069 2646 2187 2706 quo
2245 2628 2419 2688 modo
2477 2636 2672 2688 tamen
2730 2629 3064 2707 exprimere
3122 2644 3244 2686 non
3273 2641 3325 2679 20

627 2751 888 2814 possum.
973 2734 1273 2813 sequenda
1322 2743 1413 2795 est
1460 2752 1598 2795 vero
1646 2751 1766 2794 nou
1814 2751 2136 2813 numquam
2198 2733 2483 2813 elegantia
2541 2733 2911 2795 eruditorum
2959 2735 3243 2815 virorum,

807 2905 989 2961 Codex
1032 2905 1329 2960 Parrhasii
1428 2912 1460 2960 2
1499 2905 1654 2960 dicat
1690 2923 1788 2961 om.
1973 2911 2004 2958 3
2045 2905 2303 2959 ueniatur
2339 2903 2398 2958 in
2436 2903 2755 2960 abstinente
2793 2905 3119 2961 arcessitum
3158 2908 3246 2960 est

628 2989 692 3039 ut
727 2986 784 3040 in
822 2986 1094 3041 ambitum
1124 2986 1161 3038 b
1200 2984 1245 3037 si
1284 3001 1419 3054 erga
1456 2985 1591 3040 licet
1734 2991 1764 3038 7
1802 3002 2110 3054 numquam
2140 3002 2178 3037 n
2207 3002 2307 3041 om.
2455 2992 2487 3040 9
2525 2985 2891 3041 necessariam
2920 2986 3105 3057 inquit
3134 2986 3246 3041 erit

629 3067 687 3119 et
722 3066 1008 3135 genitiuus
1047 3081 1269 3133 quoque
1306 3083 1344 3118 n
1390 3065 1643 3120 litteram
1690 3065 1899 3120 habeat
1933 3067 1999 3120 ut
2044 3068 2119 3120 sit
2155 3066 2306 3137 quod
2349 3065 2533 3136 ipsam
2580 3066 2834 3135 spectare
2873 3066 3068 3121 debuit
3111 3083 3244 3120 nam

630 3146 764 3214 quid
802 3144 1178 3217 amphilogiae
1217 3147 1374 3214 (corr.
1414 3149 1477 3200 in
1513 3163 1680 3216 marg.
1722 3143 2103 3214 amphiboliae
2141 3148 2190 3214 c)
2238 3145 2523 3201 tollendae
2573 3144 2789 3215 gratiae
2826 3145 3168 3201 consuetudo
3205 3164 3247 3200 n

628 3225 876 3280 litteram
916 3225 1207 3282 omiserint
1243 3227 1570 3296 ambiguum
1720 3232 1782 3279 12
1821 3227 1887 3279 ut
1922 3240 1957 3276 a
1983 3226 2207 3280 nomine
2357 3232 2422 3280 14
2452 3225 2674 3295 utique]
2714 3225 2937 3294 utrique
3083 3232 3149 3280 16
3187 3226 3247 3280 et

628 3308 817 3374 tamen
853 3304 1092 3375 pinguor
1130 3307 1187 3361 et
1222 3308 1413 3360 tamen
1449 3306 1633 3374 pictus
1673 3304 1740 3358 G:
1776 3306 1970 3358 tamen
2000 3306 2192 3373 priore
2228 3307 2341 3362 loco
2379 3306 2650 3375 eaepwnxit
2686 3321 2715 3359 c
2867 3304 2927 3359 in
2962 3306 3150 3360 locum
3187 3323 3247 3359 m

630 3386 776 3439 redit
939 3391 1004 3439 18
1044 3386 1403 3440 obtinendam
1571 3390 1635 3438 19
1673 3385 1738 3436 nt
1773 3383 1925 3453 cnm]
1964 3399 2031 3437 ac
2067 3386 2188 3437 tum
2351 3391 2416 3439 21
2457 3385 2705 3456 possum]
2744 3387 2979 3453 possunt
3136 3385 3246 3439 ele·

635 3464 888 3534 gantiam

817 3604 844 3650 1
886 3599 1080 3669 quam]
1121 3612 1233 3665 qua
1269 3595 1325 3650 R
1497 3596 1643 3650 Nam
1682 3597 1937 3666 quamuis
1972 3596 2122 3652 idem
2159 3597 2244 3652 ait
2280 3615 2392 3653 non
2429 3616 2551 3654 esse
2589 3597 2929 3653 onerandam
2964 3597 3044 3652 R:
3083 3598 3152 3665 cf.
3188 3615 3247 3667 p.

635 3683 725 3744 55,
754 3682 790 3732 3
816 3681 1030 3746 negant
1055 3675 1395 3731 onerandam
1424 3675 1677 3745 pluribus
1706 3676 1913 3732 litteris
1943 3674 2304 3746 scriptionem
2450 3685 2483 3732 2
2511 3695 2624 3732 non
2652 3676 3022 3731 fraudandum
3050 3694 3248 3732 sonum

633 3756 892 3812 existimo
930 3757 1043 3810 suis
1080 3755 1284 3811 litteris
1323 3757 1649 3812 Schmitzius
1684 3758 1826 3812 stud.
1867 3759 2102 3826 orthoep.
2139 3775 2195 3825 p.
2236 3762 2310 3812 12
2348 3775 2415 3813 ex
2454 3757 2795 3816 Cassiodovii
2829 3760 3094 3828 excerptis

634 3844 665 3891 3
705 3838 770 3891 ut
804 3837 862 3890 in
901 3836 1217 3891 abstinente
1250 3837 1576 3892 arcessitum
1613 3840 1727 3906 est,
1764 3839 1828 3890 ut
1863 3837 1924 3891 in
1953 3835 2229 3890 ambitum
2258 3835 2316 3890 B.
2375 3837 2422 3891 si
2458 3854 2591 3908 ergo
2629 3838 2765 3894 licet
2801 3838 3053 3909 coniugis
3092 3837 3248 3907 geni-

639 3916 758 3971 tiuo
798 3916 951 3970 casui
988 3916 1058 3972 R.
1114 3916 1175 3970 in
1210 3917 1497 3972 abstinens
1538 3935 1562 3971 s
1601 3916 1928 3971 arcessitum
1966 3917 2048 3971 vel
2084 3916 2143 3970 in
2181 3916 2495 3972 abstinente
2542 3918 2869 3973 arcessitum
2909 3919 2996 3973 est
3031 3936 3057 3972 s
3095 3917 3248 3972 Com-

586 3997 865 4051 ·'melinus
1044 4002 1074 4049 7
1120 3995 1181 4050 in
1228 3996 1694 4052 declinationibus
1740 3996 1991 4050 litteram
2028 3996 2209 4065 perire
2246 3996 2301 4049 R
2317 4040 2329 4064 ,
2377 3997 2435 4050 iu
2473 3996 2943 4053 declinationibus
2992 3995 3251 4051 litteram

633 4092 745 4129 non
782 4075 962 4144 perire
992 4077 1202 4130 Iunius
1343 4082 1375 4131 8
1415 4076 1618 4131 decens
1655 4077 1906 4131 decentis
1931 4094 2030 4131 om.
2062 4077 2117 4131 R
2261 4083 2293 4131 9
2333 4079 2421 4131 Ita
2458 4077 2506 4131 si
2542 4077 2782 4132 coniunx
2818 4077 2993 4132 habet
3019 4094 3056 4130 n
3091 4075 3246 4130 litte-

635 4173 782 4224 ram,
820 4154 1192 4211 necessarium
1228 4156 1413 4225 inquit
1449 4156 1582 4224 erit,
1621 4160 1680 4210 et
1715 4156 1999 4225 genitiuus
2039 4174 2263 4226 quoque
2301 4176 2338 4210 n
2374 4157 2621 4212 litteram
2657 4158 2892 4225 habeat,
2929 4158 2996 4210 ut
3028 4154 3103 4210 sit
3137 4171 3249 4224 quo

635 4236 760 4306 ipsa
787 4238 1037 4306 spectare
1067 4234 1286 4289 debuit:
1324 4253 1456 4289 nam
1485 4236 1635 4304 quod
1672 4235 2054 4305 amphiboliae
2084 4236 2364 4292 tollendae
2403 4238 2590 4307 gratia
2627 4235 2969 4291 consuetudo
3016 4253 3053 4289 n
3099 4234 3251 4288 litte-

634 4333 756 4370 ram
795 4316 1073 4384 omiserit,
1113 4315 1435 4385 ambiguum
1450 4325 1474 4370 z·
1502 4334 1694 4371 verum
1731 4318 1804 4372 ab
1842 4335 1907 4372 eo
1946 4318 2096 4386 quod
2133 4320 2221 4372 est
2257 4317 2499 4372 coniunx
2545 4315 2804 4370 trahatur
2838 4319 2904 4371 ut
2954 4332 2989 4370 a
3026 4314 3251 4370 nomine

636 4413 707 4451 an
737 4412 773 4448 a
799 4397 994 4463 verbo,
1024 4395 1173 4463 quod
1212 4400 1298 4450 est
1323 4397 1630 4466 coniungo,
1658 4414 1780 4451 -non
1809 4413 1946 4451 esse.
2004 4398 2148 4452 Item
2175 4397 2318 4451 illud
2346 4414 2566 4465 verum,
2606 4395 2755 4463 quod
2785 4395 3015 4465 quidam
3042 4394 3253 4465 putant

637 4476 967 4531 seruandam
1007 4492 1127 4531 esse
1166 4474 1386 4543 utrique
1423 4494 1461 4529 n
1497 4477 1749 4531 litteram
1785 4476 1866 4541 R,
1913 4476 2012 4530 ubi
2058 4475 2385 4545 ambignum
2420 4478 2607 4530 utrum
2645 4477 2717 4530 ab
2764 4476 3109 4530 scribendum
3144 4490 3254 4528 esse

636 4560 848 4613 monuit
887 4555 1248 4612 Gom-melinus
1426 4562 1492 4609 14
1537 4557 1733 4626 utique
1779 4556 2122 4611 scribendum
2159 4570 2266 4609 esse
2301 4556 2445 4610 vidit
2481 4556 2751 4611 Semlerus
2923 4562 2988 4610 16
3026 4554 3251 4625 pingor]

636 4639 878 4709 pinguor
911 4637 992 4706 R,
1029 4636 1232 4707 pingor
1272 4635 1631 4691 Gommelinus
1772 4635 1832 4689 in
1868 4635 2053 4690 locum
2089 4654 2146 4689 m
2183 4636 2333 4690 redit
2366 4635 2422 4690 R
2569 4643 2633 4691 19
2672 4635 2996 4691 enuntiatur
3025 4652 3093 4690 ac
3128 4637 3253 4689 tum

638 4717 762 4772 dico
800 4717 971 4772 etiam
1005 4733 1155 4771 nunc
1190 4716 1272 4782 R,
1308 4716 1409 4769 ubi
1444 4733 1570 4771 cum
1608 4715 1732 4769 dico
1771 4713 1942 4768 etiam
1979 4732 2124 4769 nunc
2174 4717 2258 4771 vel
2303 4714 2611 4770 etiamnum
2647 4715 2928 4784 leyendum
2965 4715 3256 4770 adnotavit

642 4798 1000 4852 Commelinus
1107 4802 1176 4850 20
1214 4812 1324 4850 non
1361 4795 1577 4864 possint
1602 4795 1674 4863 R,
1710 4811 1824 4848 non
1853 4795 2063 4864 possim
2096 4795 2457 4851 Gomnaezims
2565 4801 2632 4848 21
2673 4795 2961 4864 sequenda
2990 4797 3076 4848 est
3113 4811 3254 4850 non-

642 4893 926 4945 nunquam
964 4875 1244 4944 elegantia
1281 4874 1649 4942 eruditorum,
1688 4873 1837 4943 quod
1876 4876 2146 4942 quasdam
2183 4876 2238 4929 R
