3613 5528
582 334 714 398 200
1655 330 2115 387 CASSIODORII

578 446 622 482 p.
651 434 769 475 2311.
802 434 850 473 12
878 433 928 473 P.

581 526 649 579 ut
713 517 831 579 illic
888 519 1020 578 istic
1085 519 1241 578 istuc
1297 518 1473 577 istinc
1527 519 1692 579 istac.
1786 524 1931 577 tunc
1988 517 2146 576 enim
2202 516 2482 577 amittunt
2538 513 2841 576 collisione
2900 515 3188 577 vocalium

585 627 889 705 spiritum,
935 642 1112 703 quem
1161 624 1306 684 aliae
1354 626 1815 704 compositiones
1864 625 2040 684 etiam
2086 624 2147 683 in
2197 621 2407 682 mediis
2446 640 2682 702 semper
2720 622 3018 684 vocalibus
3066 641 3188 684 ser·

581 740 744 813 vant,
784 739 851 792 ut
888 729 1080 791 adhuc
1116 729 1432 811 prohibeo,
1480 733 1745 810 exceptis
1786 733 1993 810 paucis
2030 731 2358 810 corruptiS,
2405 746 2555 807 quae
2593 727 2917 790 excludunt
2952 731 3191 809 penitus

582 840 884 919 spiritum,
944 839 1101 897 sicut
1155 839 1433 916 superius
1486 838 1711 898 dictum
1758 846 1877 918 est,
1940 843 2007 898 ut
2062 844 2373 916 postumus
2430 845 2567 914 post
2609 834 2949 916 humatum,
2994 833 3052 894 id
3102 842 3195 895 est

584 952 721 1023 post
774 943 1099 1024 sepultum,
1169 952 1399 1023 patrem
1455 952 1656 1025 natuS,
1717 943 1915 1004 bimus
1970 945 2184 1004 trimus
2240 941 2585 1020 quadrimus
2642 942 2809 1020 quasi
2865 958 2898 1001 a
2954 941 3045 1001 bis
3101 949 3194 1002 ter
3224 957 3250 996 5

483 1058 494 1069 '
583 1058 793 1129 quater
841 1057 901 1111 et
947 1051 1140 1110 hieme
1190 1051 1371 1132 (licta,
1416 1049 1795 1111 manubrium
1843 1049 2363 1130 manuhaberium,
2419 1046 2789 1128 peteredium
2836 1066 2868 1108 a
2925 1047 3197 1128 petendis

582 1156 1038 1219 hereditatibus:
1095 1177 1230 1218 cum
1291 1159 1403 1218 hoc
1460 1160 1655 1238 ipsum
1704 1161 1883 1219 etiam
1930 1157 2284 1237 quibusdam
2330 1157 2480 1218 solet
2526 1158 2764 1217 evenire
2812 1153 3198 1236 simplicibuS‚

584 1272 652 1324 ut
696 1263 845 1323 veho
891 1264 1063 1324 traho
1113 1267 1241 1325 vexi
1289 1268 1468 1348 traxi,
1513 1265 1657 1327 mihi
1705 1267 1812 1347 mi,
1861 1264 2003 1325 nihil
2052 1264 2159 1345 nil,
2219 1263 2524 1344 prehendo
2570 1264 2826 1344 prendo,
2882 1262 3199 1323 vehemens

587 1388 827 1431 vemens
876 1379 935 1432 et
982 1371 1221 1453 similia,
1269 1375 1425 1433 sicut
1470 1381 1605 1433 ante
1652 1372 1905 1433 relatum
1954 1379 2065 1432 est.

765 1477 971 1538 Omnis
1031 1478 1247 1540 vocalis
1309 1479 1493 1540 vocali
1555 1478 1737 1560 illata,
1798 1497 1905 1540 seu
1962 1478 2145 1539 divisa
2202 1496 2308 1539 seu
2364 1480 2424 1540 in
2482 1476 2846 1557 diphthongo
2911 1475 3200 1556 copulata,
3231 1499 3282 1538 ιο

587 1591 751 1644 caret
805 1584 1230 1667 adspiratione,
1271 1583 1281 1667 1
1331 1595 1397 1648 ut
1451 1604 1637 1647 aeuus
1693 1604 1913 1646 aeneus
1970 1584 2146 1646 aedes
2193 1583 2397 1644 aedilis
2445 1602 2619 1663 aeger
2664 1583 2868 1644 Aelius
2914 1581 3196 1643 Aemilius
3274 1667 3281 1674 ἱ

587 1708 813 1769 aequus
859 1709 1082 1770 aequor
1129 1712 1227 1753 aes
1273 1695 1518 1753 aestimo
1566 1701 1757 1754 aestas
1804 1710 2014 1752 aevum
2061 1709 2278 1771 auceps
2326 1691 2513 1752 audeo
2561 1690 2746 1751 audax
2795 1709 2977 1753 ausus
3022 1689 3196 1764 audio

588 1799 902 1876 augurium
950 1816 1134 1877 augeo
1183 1799 1388 1861 aufero
1434 1799 1704 1861 aulaeum
1751 1817 1893 1860 aura
1938 1801 2100 1860 aruris
2147 1816 2356 1859 aurum
2405 1796 2674 1859 ausculto
2711 1806 2953 1859 autumo
2991 1805 3053 1858 et
3097 1806 3199 1858 aut

588 1906 956 1985 coniunctio,
1003 1908 1266 1985 exceptis
1312 1905 1535 1967 haedus
1582 1906 1796 1967 haereo
1845 1906 2001 1966 haud
2047 1905 2256 1965 haurio
2313 1905 2410 1965 hio
2466 1906 2632 1966 hisco
2680 1913 2741 1965 et
2787 1904 3067 1984 quicquid
3124 1902 3197 1964 ab

588 2009 681 2071 his
728 2013 1105 2090 componitur
1151 2011 1239 2072 vel
1287 2012 1603 2075 derivatur.
1678 2030 1814 2074 nam
1852 2012 1996 2072 haec
2035 2020 2101 2072 ut
2137 2011 2387 2072 articulo
2425 2010 2790 2092 adspiratur,
2836 2010 2953 2071 heu
2995 2017 3057 2071 et
3101 2009 3199 2070 hei
3231 2031 3280 2071 15

591 2127 659 2178 ut
713 2118 1227 2204 interiectionibus
1284 2127 1344 2180 et
1399 2118 1578 2180 verbo
1634 2118 1864 2202 heiulo,
1912 2119 2067 2198 quod
2125 2118 2197 2178 ab
2252 2117 2349 2179 hei
2403 2117 2492 2177 vel
2542 2117 2660 2178 heu
2708 2116 3045 2178 traductum
3094 2123 3204 2197 est,

592 2224 743 2287 heus
790 2233 852 2286 et
896 2225 1027 2287 heia
1075 2234 1142 2286 ut
1189 2224 1483 2286 adverbiis
1529 2225 1620 2286 vel
1666 2224 2197 2287 interiectionibus.

770 2331 976 2392 Omnis
1033 2333 1248 2393 vocalis
1305 2332 1340 2392 b
1397 2341 1684 2412 sequente
1740 2332 1949 2393 leviter
2006 2333 2382 2411 enuntiatur,
2426 2340 2512 2392 aeut
2567 2330 2730 2392 abies
2786 2329 2937 2393 ebur
2991 2330 3072 2392 ibi
3128 2331 3205 2391 ob

593 2438 769 2519 uber,
816 2441 1033 2500 notatis
1082 2439 1267 2500 habeo
1316 2438 1498 2500 hebes
1545 2437 1808 2500 hibiscus
1856 2449 1916 2499 et
1961 2437 2241 2517 quicquid
2292 2437 2363 2498 ab
2413 2456 2531 2498 uno
2579 2456 2816 2518 quoque
2867 2456 3074 2499 eorum
3125 2439 3207 2499 lit.

772 2544 978 2606 Omnis
1017 2544 1231 2606 vocalis
1269 2565 1301 2606 c
1341 2554 1629 2624 sequente
1666 2545 1874 2607 leviter
1910 2546 2242 2625 profertur,
2287 2551 2355 2605 ut
2393 2547 2549 2605 acies
2589 2563 2730 2605 ecce
2768 2545 2977 2605 oculus
3024 2546 3207 2623 ocior,
3235 2567 3288 2606 so

594 2651 818 2731 absque
865 2653 1129 2714 articulis
1177 2661 1238 2713 et
1282 2651 1601 2734 adverbiis»,
1649 2649 1694 2731 †
1732 2670 1869 2712 cum
1906 2659 2171 2712 mutatur
2208 2650 2466 2711 vocalem
2514 2650 2869 2731 adspiratam
2918 2653 3205 2732 sequitur.

594 2761 655 2820 in
701 2759 1153 2839 pronominibus
1200 2759 1373 2821 modo
1421 2759 1782 2840 adspiratur,
1828 2766 1897 2820 ut
1944 2757 2038 2819 hic
2085 2767 2145 2819 et
2192 2756 2336 2818 haec
2383 2764 2445 2818 et
2490 2756 2620 2819 hoc.

775 2865 982 2927 Omnis
1021 2867 1235 2927 vocalis
1273 2867 1312 2928 d
1359 2873 1647 2948 sequente
1695 2866 1903 2926 leviter
1950 2867 2322 2946 enuntiatur,
2371 2873 2438 2925 ut
2483 2864 2627 2926 ador
2664 2866 2812 2927 edax
2849 2866 2998 2927 odor
3037 2866 3206 2929 udus,

598 2980 838 3034 notatur
883 2972 1097 3035 Hadria
1144 2972 1379 3035 hedera.
1466 2972 1642 3034 hodie
1691 2973 1849 3032 enim
1898 2990 1968 3030 ex
2028 2971 2139 3031 hoc
2188 2970 2281 3031 die
2330 2974 2723 3051 compositum
2771 2976 3025 3034 servavit
3070 2977 3207 3035 arti·

597 3078 715 3140 culi
761 3079 1044 3160 adspirati
1091 3084 1464 3162 scripturam.
3240 3100 3291 3139 25

779 3308 806 3357 1
846 3307 911 3360 ιιι
947 3311 1073 3361 ante
1108 3305 1226 3361 illic
1263 3322 1364 3364 om.
1398 3307 1578 3361 ABG
1680 3304 1809 3359 istic
1847 3304 1986 3359 istec
2022 3304 2169 3359 istuc
2204 3303 2347 3358 istac
2382 3305 2439 3358 A
2476 3303 2605 3359 istic
2639 3303 2782 3359 istec
2818 3305 2945 3360 istic
2982 3305 3123 3361 istac
3155 3306 3212 3360 Β

595 3379 725 3436 istic
750 3381 890 3437 istec
914 3383 1058 3439 istac
1086 3384 1230 3440 istuc
1260 3385 1308 3440 Ο
1402 3385 1619 3441 amittit
1646 3387 1829 3442 ABG
1932 3392 1965 3440 2
1995 3402 2165 3455 quam
2196 3386 2253 3452 (a
2278 3387 2411 3453 ras.)
2439 3384 2494 3438 Β
2602 3384 2796 3458 etiam]
2828 3390 2887 3443 et
2912 3390 2967 3441 A
2998 3393 3068 3443 ἴε
3099 3385 3146 3441 0

599 3468 632 3516 4
664 3463 727 3516 ιιι
753 3464 1046 3531 postumus
1068 3464 1121 3517 A
1143 3466 1205 3519 nt
1225 3465 1555 3534 posthumus
1577 3466 1634 3520 Β
1656 3469 1718 3522 ιιι
1741 3469 2031 3537 postumor
2053 3465 2100 3519 0
2205 3471 2237 3518 5
2269 3465 2427 3534 quasi
2449 3464 2522 3518 ab
2549 3464 2735 3520 hieme
2755 3468 2810 3520 A
2832 3466 2994 3536 quasi
3014 3468 3216 3536 quater

600 3544 671 3598 ab
707 3542 819 3598 isto
858 3542 1042 3599 hieme
1081 3544 1128 3599 O
1269 3553 1300 3600 6
1338 3548 1692 3601 manubrium
1730 3546 1894 3615 quasi
1932 3542 2393 3599 manuhaberium
2436 3544 2483 3599 G
2566 3552 2570 3557 ’
2620 3546 2993 3614 pieteredium
3028 3547 3083 3600 Β

598 3623 656 3694 a]
706 3639 772 3677 ex
820 3621 932 3676 AG
1076 3628 1106 3678 7
1154 3622 1349 3695 etiam]
1402 3627 1459 3680 et
1502 3626 1617 3682 AC
1756 3626 1904 3681 solet
1948 3624 2174 3679 aedium
2226 3623 2449 3679 euenire
2484 3625 2540 3678 B
2684 3630 2718 3679 8
2763 3627 2842 3680 mi
2877 3645 2978 3682 mn.
3016 3628 3071 3680 A

601 3710 669 3759 10
706 3719 802 3758 seu
840 3702 899 3757 in
940 3702 1289 3774 diphthongo
1327 3722 1426 3760 om.
1465 3706 1581 3761 AG
1722 3712 1784 3761 11
1827 3707 1892 3771 ut
1928 3721 2099 3759 aeuus
2135 3720 2343 3759 aeneus
2378 3704 2434 3757 B
2471 3708 2536 3760 ut
2573 3722 2743 3760 aeuus
2776 3724 2951 3763 naeus
2987 3706 3115 3774 AG,
3152 3708 3218 3761 ιιι

598 3802 770 3839 aeuus
806 3800 1001 3839 aereus
1041 3782 1240 3838 Carrio
1385 3786 1658 3841 Aemilius
1693 3787 1748 3840 B
1786 3784 2039 3840 aemulus
2074 3783 2189 3838 AO
2332 3791 2395 3839 12
2434 3787 2667 3857 aequor]
2707 3803 3014 3856 aequorum
3052 3786 3107 3839 B
3180 3809 3201 3825 ο

675 3870 738 3918 13
777 3863 1003 3917 auleum
1032 3863 1246 3934 Οαννίο,
1286 3865 1511 3921 alueum
1539 3866 1722 3921 ABG
1840 3863 2014 3935 auris]
2043 3865 2204 3919 auriti
2235 3866 2296 3932 0,
2332 3883 2431 3920 om.
2462 3870 2515 3920 A
2625 3867 2878 3923 ausculto
2913 3868 3143 3922 autumo
3176 3863 3224 3919 O

599 3943 858 3998 ausculta
875 3945 1040 3998 actuo
1060 3947 1115 3998 A
1144 3947 1462 4002 auscultata.
1481 3949 1776 4002 auttumno
1796 3961 1932 4000 corr.
1955 3944 2209 4000 ausculta
2226 3948 2492 4002 autumno
2520 3947 2576 4000 B
2687 3954 2754 4002 14
2782 3947 2992 4003 haedus
3011 3947 3216 4002 haereo

600 4023 754 4078 haud
791 4023 987 4079 haurio
1015 4026 1070 4079 B
1107 4026 1255 4081 haed
1293 4028 1387 4095 (he
1416 4029 1494 4095 A)
1530 4029 1734 4082 haereo
1771 4026 1887 4081 hau
1922 4024 2119 4080 haurio
2147 4025 2264 4079 AG
2405 4033 2469 4081 15
2508 4028 2650 4082 haec
2677 4029 2777 4083 aut
2813 4026 3050 4082 articulo
3087 4026 3142 4080 Β

604 4109 671 4160 ιιι
696 4105 806 4160 heu
836 4109 895 4161 et
920 4105 1016 4161 hei
1043 4107 1524 4165 interiectionibus
1542 4109 1598 4164 A
1627 4110 1690 4163 ιιι
1707 4108 1819 4162 heu
1840 4107 1899 4161 et
1916 4105 2009 4160 hei
2027 4107 2091 4159 ut
2110 4104 2590 4162 interiectionibus
2613 4107 2661 4163 0
2765 4114 2833 4163 16
2852 4108 3028 4179 quod]
3059 4107 3154 4177 qui
3176 4108 3224 4163 G

605 4204 752 4255 quae
788 4187 844 4242 A
981 4186 1035 4240 ei
1071 4188 1164 4243 uel
1200 4189 1347 4244 haeu
1381 4189 1437 4243 Β
1586 4197 1649 4244 17
1689 4188 1819 4244 heia
1855 4190 1918 4242 ut
1956 4185 2238 4241 aduerbiis
2277 4187 2325 4241 (J
2356 4187 2486 4242 heia
2522 4190 2580 4243 et
2615 4186 2898 4243 aduerbiis
2934 4189 2989 4242 Β
3027 4188 3118 4242 hei
3156 4190 3221 4241 ut

605 4266 888 4323 aduerbiis
924 4266 981 4320 A
1165 4274 1230 4323 18
1278 4274 1342 4323 ut
1378 4270 1533 4323 abies
1572 4269 1709 4324 ebur
1742 4268 1798 4321 Β
1837 4269 1903 4321 ιιι
1937 4265 2131 4320 hebies
2169 4267 2346 4322 hebur
2382 4268 2435 4320 A
2485 4270 2552 4322 ιιι
2584 4268 2782 4324 hobies
2818 4269 2998 4324 hebur
3036 4267 3084 4323 0

608 4352 673 4401 19
712 4340 908 4419 hebes]
947 4347 1121 4404 habes
1158 4349 1341 4404 ABG
1511 4349 1757 4404 hibiscus
1794 4347 1850 4401 Β
1886 4345 2041 4401 abisc
2081 4346 2133 4400 A
2169 4346 2332 4401 babis
2371 4345 2419 4401 Ο
2595 4354 2665 4403 20
2703 4365 2891 4404 omnes
2928 4348 3151 4404 uocales
3188 4365 3220 4401 c

608 4428 874 4496 sequente
912 4428 1113 4482 leuiter
1149 4428 1509 4497 proferuntur
1545 4429 1844 4500 (profertur
1881 4427 1957 4494 A)
1997 4424 2112 4481 AC
2282 4429 2350 4480 ιιι
2395 4426 2541 4482 acies
2576 4443 2705 4482 ecce
2743 4428 2939 4483 oculus
2977 4428 3128 4484 ocior
3163 4428 3219 4481 B

606 4509 673 4561 ut
707 4507 850 4564 aties
888 4509 974 4577 (ut
1001 4508 1144 4563 oties
1176 4507 1240 4578 Ο)
1280 4509 1441 4564 oculfi
1471 4510 1644 4565 sotior
1669 4509 1786 4565 AG
1900 4515 1964 4563 21
2006 4525 2132 4563 cum
2165 4509 2415 4561 mutatur
2443 4539 2508 4547 —
2539 4507 2857 4578 adspiratur
2893 4526 2994 4565 om.
3025 4509 3220 4564 Gar-rio

682 4658 808 4696 cum
853 4643 1104 4697 mutatur
1147 4643 1402 4697 uocalem
1439 4642 1495 4695 B
1541 4644 1922 4697 commutatur
1966 4643 2159 4699 uocale
2196 4642 2251 4696 A
2297 4600 2597 4696 comitatur
2643 4642 2837 4697 uooale
2879 4642 2937 4698 0.
2989 4644 3221 4710 fortasse

612 4737 736 4774 cum
774 4739 803 4775 e
841 4712 1004 4776 mutii
1033 4722 1286 4778 vocalem
1314 4720 1657 4790 adspiratam
1686 4722 1938 4791 sequitur
2045 4729 2112 4776 22
2149 4722 2209 4775 in
2246 4720 2664 4791 pronominibus
2700 4722 2866 4777 modo
2905 4721 3223 4792 adspiratur

611 4815 711 4855 om.
744 4799 793 4854 0
886 4807 954 4855 23
985 4802 1023 4855 (1
1050 4802 1242 4856 littera
1269 4804 1538 4872 sequente
1566 4801 1682 4856 AG
1776 4802 1943 4874 edax]
1973 4802 2116 4856 adax
2145 4801 2198 4855 A
2228 4800 2372 4856 adax
2400 4802 2542 4856 edax
2572 4800 2619 4856 Ο
2641 4803 2825 4857 audax
2853 4802 2994 4857 edax
3025 4800 3223 4859 Carrio
