3613 5528
633 425 764 489 514
1612 425 1961 480 ARVSIANI
1999 423 2239 479 MESSII

628 542 675 578 p.
703 526 793 568 265.
825 528 902 567 266
931 526 986 565 12.

967 630 1139 692 mea,
1187 630 1362 691 quae
1407 618 1698 690 praeter
1745 628 1939 690 spem
1986 629 2319 692 evenere,
2368 619 2663 672 utantur
2710 613 2894 690 sine,

631 709 784 770 idem
834 709 979 770 And.
1028 713 1205 787 (prol.
1253 710 1362 781 13)

1052 826 1229 887 quae
1276 809 1665 868 convenire
1711 809 1783 867 in
1832 806 2164 868 Andriam
2211 802 2257 887 †
2302 813 2744 887 receperunt

1044 906 1337 984 fatetur
1383 904 1855 967 transtulisse
1902 924 1975 966 se
2025 904 2215 984 [utar]
2263 923 2467 967 usum
2514 923 2639 985 pro
2686 907 2864 981 ειιίε,

626 1002 784 1063 idem
830 1002 1036 1065 Heaut.
1085 1006 1157 1079 (I
1193 1006 1356 1081 1,81)
3290 1012 3318 1052 ⁵

937 1103 1120 1182 quod
1166 1102 1319 1165 i'llis
1366 1113 1564 1165 aetas
1610 1104 1783 1163 mira
1831 1103 1913 1163 ad
1959 1103 2132 1164 haec
2180 1104 2441 1165 utenda
2487 1104 2742 1165 idonea
2788 1111 2928 1185 est,

626 1198 744 1259 Cic.
804 1199 1095 1261 Siciliensi
1153 1203 1244 1274 (in
1305 1201 1475 1262 Verr.
1523 1202 1599 1262 II
1637 1201 1858 1275 18‚46)
1923 1220 2098 1281 quae
2166 1201 2347 1262 bona
2409 1204 2470 1263 is
2533 1203 2655 1281 qui
2722 1209 3230 1264 testamentum

625 1297 929 1378 fecerat,
974 1298 1345 1378 aliquanto
1393 1307 1769 1378 antequam
1818 1309 1929 1361 est
1972 1308 2328 1382 mortum,
2382 1299 2549 1361 huic
2594 1298 2949 1360 Heracleo
2996 1301 3229 1359 omnia
3319 1341 3323 1345 »

625 1395 891 1457 utenda
929 1414 1006 1456 ac
1050 1396 1489 1477 possidenda
1538 1398 1954 1460 tradiderat·

802 1492 1034 1556 Vacuus
1089 1495 1196 1555 bac
1252 1513 1344 1576 re,
1401 1495 1516 1556 Sal.
1573 1496 1708 1560 hist.
1764 1498 1791 1558 Ι
1847 1516 2141 1558 vacuum
2198 1499 2414 1559 istum
2468 1493 2516 1576 †
2563 1495 2863 1558 urbibus
2924 1495 3224 1557 militari
3256 1510 3311 1550 ιο

625 1601 889 1675 aetate,
937 1592 1054 1653 Cic.
1101 1592 1309 1673 Philip.
1357 1593 1381 1653 Ι
1431 1591 1678 1672 (10,25)
1727 1598 1930 1657 vacui
1978 1604 2164 1656 metu
2222 1613 2382 1656 esse
2436 1593 2777 1657 debemus
2825 1641 2838 1655 .
2886 1612 3105 1656 vacuus
3151 1593 3224 1655 ab

629 1690 738 1751 hac
785 1709 879 1773 re,
924 1691 1082 1752 idem
1127 1711 1162 1748 *
1209 1692 1333 1752 Sal.
1388 1693 1559 1754 Catil.
1608 1695 1803 1770 (51‚1)
1850 1693 1932 1754 ab
1980 1694 2141 1754 odio
2188 1695 2505 1755 amicitia
2560 1696 2666 1754 ira
2713 1692 3225 1754 misericordia

623 1808 921 1850 vacuum
968 1808 1126 1851 esse
1173 1789 1381 1850 decet
1428 1839 1441 1849 .
1490 1809 1709 1852 vacuus
1755 1792 1914 1853 illius
1961 1793 2077 1873 rei,
2126 1790 2237 1852 Sal.
2283 1791 2407 1870 lug.
2456 1792 2661 1868 (90,1)
2718 1809 2885 1871 ager
2941 1792 3223 1870 frugum

624 1905 893 1948 vacuus
942 1936 952 1948 .
1003 1897 1169 1950 vacat
1212 1888 1321 1949 hac
1368 1907 1463 1970 re,
1508 1887 1678 1969 Verg.
1725 1889 1870 1951 Aen.
1918 1888 1997 1949 111
2044 1890 2224 1964 (123)
2270 1889 2475 1950 hoste
2521 1907 2790 1950 vacare.
2833 1884 2844 1968 Ι

800 1984 996 2066 Vsque
1043 1986 1154 2047 sub
1199 1987 1360 2048 illam
1408 2005 1564 2068 rem,
1607 1986 1758 2049 duae
1805 1989 2301 2067 praepositiones,
2348 1985 2516 2067 Verg.
2565 2006 2725 2066 geor.
2771 1986 2797 2047 1
2845 1987 3018 2060 (211)
3253 2001 3308 2040 1⁵

881 2102 1104 2163 usque
1153 2085 1283 2146 sub
1330 2093 1723 2147 extremum
1769 2084 2062 2147 brumae
2110 2084 2605 2147 intrectabilis
2652 2084 2965 2146 imbrem.

798 2180 1003 2244 Victus
1048 2183 1144 2243 illa
1191 2203 1284 2265 re,
1328 2182 1498 2263 Verg.
1544 2183 1685 2244 Aen.
1733 2182 1841 2243 XII
1887 2184 2029 2257 (29)
2201 2191 2213 2201 ’

1067 2285 1301 2342 victus
1348 2300 1582 2343 amore
1630 2286 1765 2362 tui,
1812 2284 2102 2360 cognati
2150 2283 2497 2361 sanguine
2546 2285 2797 2344 victuS.

798 2377 950 2440 Vrbs
1006 2387 1067 2440 et
1121 2398 1336 2440 nomen
1400 2378 1625 2459 plurale
1690 2379 2103 2461 subiunctum‚
2168 2378 2336 2459 Verg.
2395 2379 2534 2440 Aen.
2592 2379 2642 2439 X
2708 2380 2889 2453 (168)
2956 2382 3223 2459 quique

622 2477 869 2538 urbem
929 2477 1207 2558 liquere
1264 2477 1509 2559 Cosas,
1563 2476 1681 2538 Cic.
1739 2477 1814 2538 de
1871 2480 2054 2558 signis
2111 2482 2203 2552 (in
2274 2479 2443 2540 Verr.
2503 2480 2601 2539 IV
2649 2479 2909 2556 52‚117)
2974 2477 3304 2539 urhemzo

626 2574 1022 2654 Syracusas
1069 2576 1431 2636 maximam
1480 2594 1639 2636 esse
1686 2575 2133 2637 Graecarum.

798 2672 1080 2734 Volutans
1125 2675 1250 2734 suis
1296 2672 1574 2754 genibuS‚
1618 2671 1788 2753 Verg.
1838 2675 1977 2735 Aen.
2026 2673 2079 2733 X
2116 2675 2259 2748 (III
2293 2675 2461 2748 607)
2507 2691 2733 2753 genua
2780 2673 3223 2752 amplectens

618 2772 1072 2853 genibusque
1130 2771 1460 2833 volutans
1519 2772 1866 2834 haerebat
1912 2822 1925 2834 .
1971 2794 2006 2831 *
2052 2792 2282 2853 genua
2339 2772 2927 2853 advolvebantur,
2983 2771 3140 2832 idem
3189 2791 3223 2830 *

797 2943 979 3000 Codex
1018 2944 1316 3000 Parrhasii
1404 2951 1430 2998 1
1479 2946 1706 3001 utentur
1801 3013 1806 3019 ³
1885 2952 1920 3000 4
1968 2945 2177 3000 fatetur
2222 2963 2322 2999 om.
2371 2946 2575 3000 lacuna
2618 2961 2713 2999 sex
2757 2944 2869 3011 fere
2913 2945 3222 2999 litterarum

618 3088 810 3143 relicta
970 3093 1001 3141 9
1040 3088 1131 3158 ac]
1171 3087 1243 3141 ad
1408 3095 1473 3143 10
1508 3036 1696 3143 vacua,u
1726 3036 1892 3144 istgm
2041 3094 2105 3142 12
2142 3087 2290 3143 idem
2324 3090 2333 3155 Ι
2370 3128 2701 3142 ......
2739 3088 2811 3142 ab
2849 3086 2978 3142 odio
3017 3087 3223 3142 lacuna

616 3168 790 3221 decem
842 3168 956 3234 fere
1007 3168 1315 3222 litterarum
1359 3169 1425 3222 in
1468 3170 1631 3223 initio
1677 3186 1863 3225 versus
1907 3170 2099 3224 relicta
2269 3175 2334 3223 13
2382 3169 2540 3241 ager]
2588 3171 2716 3224 uter
2888 3172 2954 3221 14
2990 3168 3219 3238 vacuus]

614 3263 819 3301 vacuos
855 3263 995 3301 corr.
1032 3263 1242 3301 vacuus
1396 3252 1462 3302 18
1500 3265 1657 3304 amor
1692 3292 1706 3307 .
1747 3291 1758 3304 .
1800 3292 1813 3304 .
1856 3292 1867 3305 .
1906 3249 2133 3333 cognati
2178 3250 2384 3305 lacuna
2436 3254 2696 3319 quattuor
2748 3250 2860 3316 fere
2914 3249 3222 3303 litterarum

616 3336 808 3390 relicta
957 3342 1016 3389 19
1056 3335 1287 3407 quique]
1328 3335 1528 3406 quibus
1671 3343 1740 3392 20
1777 3338 1947 3394 Cosas

797 3502 823 3548 1
865 3498 1094 3551 utantur
1135 3495 1419 3552 Terentius
1563 3506 1594 3553 3
1633 3516 1778 3568 quae
1817 3515 2122 3555 convenere
2158 3497 2216 3553 in
2255 3498 2522 3553 Andriam
2560 3515 2627 3554 ex
2662 3498 2953 3554 Perinthia
2987 3498 3219 3554 Fatetur

613 3575 965 3630 transtulisse
1013 3578 1180 3643 atque
1226 3594 1384 3630 usum
1433 3595 1534 3646 pro
1586 3579 1698 3634 suis
1748 3579 2062 3646 Terentius,
2105 3580 2205 3634 ubi
2246 3577 2599 3635 transtulisse
2645 3596 2702 3634 se
2748 3598 2911 3634 usum
2956 3595 3056 3648 pro
3104 3578 3218 3633 suis

613 3656 769 3711 habet
806 3657 972 3712 code-v
1019 3656 1370 3712 Victorianus
1557 3666 1589 3713 6
1628 3659 1777 3728 quod
1814 3659 1917 3714 illa
1953 3662 2108 3715 aetas
2145 3661 2325 3732 magis
2362 3659 2434 3715 ad
2471 3660 2611 3714 haec
2648 3659 2857 3713 utenda
2892 3657 3098 3713 idonea
3134 3661 3221 3713 est

619 3736 904 3791 Terentius
941 3757 957 3788 .-
996 3735 1133 3790 mire
1179 3736 1252 3789 ad
1298 3738 1438 3793 haec
1484 3739 1669 3809 leyisse
1714 3739 2060 3795 Aru-sianum
2106 3742 2332 3796 coniecit
2386 3740 2804 3795 Lindemunnus
2984 3747 3013 3794 7
3072 3758 3216 3809 quae

614 3816 762 3871 bona.
797 3817 844 3871 is
883 3816 980 3886 qui
1017 3817 1418 3871 testamentum
1441 3816 1654 3872 fecerat
1679 3817 1809 3873 huic
1837 3820 2097 3876 Heraclio
2125 3823 2255 3877 ante
2285 3820 2599 3889 aliquanto,
2636 3837 2807 3889 quam
2835 3821 2923 3875 est
2948 3823 3217 3888 mortuus,

614 3896 803 3952 omnia
854 3896 1065 3951 utenda
1117 3913 1183 3951 ac
1237 3896 1574 3967 possidenda
1626 3899 1939 3956 tradiderat
1994 3902 2178 3958 Cicero
2361 3910 2426 3957 10
2490 3918 2727 3957 vacuam
2789 3901 2955 3956 istam
3020 3902 3218 3956 urbem

613 3977 933 4032 hominibus
987 3975 1220 4031 militari
1282 3980 1470 4032 aetate
1535 3980 1761 4034 coniecit
1816 3982 2257 4052 Lindemannus,
2323 4000 2558 4039 vacuam
2612 3983 2781 4038 istam
2832 3982 3027 4036 urbem
3084 3981 3217 4037 viris

612 4056 846 4112 militari
881 4059 1069 4112 aetate
1105 4058 1408 4114 Houvenus
1426 4076 1486 4129 p.
1515 4064 1588 4114 47
1627 4102 1640 4114 .
1677 4077 1915 4116 vacuum
1956 4064 2124 4117 istum
2163 4063 2445 4120 laboribus
2480 4063 2739 4118 militaris
2777 4061 2978 4116 aetatis
3014 4064 3220 4117 conieci

615 4138 729 4193 ind.
778 4139 889 4193 lect.
938 4137 1072 4193 Hal.
1119 4144 1247 4193 aest.
1294 4157 1345 4194 a.
1394 4144 1541 4195 1879
1584 4157 1639 4209 p.
1695 4141 1800 4194 XI
1978 4148 2042 4195 12
2100 4143 2171 4197 ab
2220 4142 2347 4198 odio
2394 4142 2645 4198 amicitia
2679 4142 2764 4196 ira
2800 4144 2969 4212 atque
3007 4139 3218 4196 miseri-

615 4217 805 4273 cordia
857 4235 1060 4273 vacuos
1112 4235 1232 4272 esse
1287 4218 1449 4274 decet
1504 4219 1805 4276 Sallustius
1866 4222 2027 4276 Catil.
2087 4228 2207 4293 51,1
2264 4268 2275 4280 .
2329 4230 2455 4280 ante
2510 4224 2768 4278 Sallustii
2820 4223 2984 4277 verba
3039 4227 3220 4276 autem

614 4301 913 4368 exemplum
952 4298 1228 4353 Ciceronis
1263 4300 1523 4355 excidisse
1558 4303 1776 4356 videtur
1922 4308 1986 4355 13
2025 4319 2160 4371 ager
2197 4307 2386 4382 autem
2424 4303 2612 4358 aridus
2649 4306 2708 4358 et
2741 4302 2970 4373 frugum
3008 4318 3218 4356 vacuus

613 4379 914 4434 Sallustius
953 4380 1082 4448 Iuy.
1120 4385 1244 4446 90‚1
1284 4384 1334 4433 et
1369 4380 1591 4435 Nonius
1618 4399 1680 4450 p.
1719 4387 1830 4437 498
1976 4386 2041 4435 18
2078 4383 2257 4439 victus
2297 4400 2483 4438 amore
2521 4381 2632 4451 tui,
2670 4384 2909 4451 cognato
2947 4380 3219 4451 sanguine

612 4460 792 4514 victus
832 4459 1106 4529 Veryilius
1265 4465 1332 4514 22
1363 4459 1527 4530 Verg.
1558 4463 1692 4517 Aen.
1721 4463 1795 4533 X]
1828 4464 1964 4517 duos
1993 4462 2224 4532 Veryilii
2241 4478 2425 4519 versus
2444 4464 2693 4531 confudit
2711 4463 3046 4526 Arusianus,
3077 4461 3215 4516 Aen.

618 4540 680 4593 Χ
706 4545 819 4595 523
850 4541 908 4594 et
933 4556 1116 4609 genua
1143 4540 1488 4609 amplectens
1516 4541 1718 4597 effatur
1744 4540 1888 4596 talia
1914 4543 2146 4612 supplex
2175 4551 2226 4598 et
2252 4544 2390 4596 Aen.
2413 4543 2539 4594 III
2565 4547 2676 4597 607
2704 4541 2923 4596 dixerat
2949 4542 3008 4595 et
3033 4558 3219 4610 genua

615 4620 902 4689 amplexus
939 4620 1282 4690 genibusque
1319 4617 1578 4676 volutans
1614 4623 1884 4677 haerebat
1921 4666 1932 4677 .
1971 4624 2166 4680 deinde
2210 4626 2318 4679 duo
2356 4621 2612 4676 Sallustii
2657 4625 2899 4694 exempla
2926 4629 3217 4693 posuerat.-

613 4700 682 4765 cf.
735 4700 883 4754 Serv.
935 4701 999 4754 in
1056 4701 1210 4771 Vei-9.
1251 4700 1389 4754 Aen.
1437 4701 1476 4753 1
1523 4706 1634 4756 307
1689 4719 1830 4771 quas
1876 4704 2044 4757 vento
2091 4702 2390 4759 accesserit
2426 4718 2575 4757 oras:
2623 4704 2742 4758 sine
2788 4703 3216 4775 praepositione,

614 4779 909 4836 Sallustius
949 4781 1154 4851 ‘genua
1190 4783 1411 4851 patrum
1450 4781 1867 4837 advolvuntur'.
