3613 5528
1271 394 1619 450 EXEMPLA
1658 395 2185 451 ELOCVTIONVM
2903 395 3035 460 483

427 506 472 545 p.
499 495 593 536 ssa.
621 495 701 537 sse
731 495 784 537 L.
2075 491 2084 498 '

607 578 838 658 Indiget
893 579 1049 642 illius
1102 581 1217 662 rei,
1277 579 1445 660 Verg.
1503 581 1635 643 buc.
1693 582 1898 657 (2,71)
1955 599 2258 661 quorum
2315 582 2597 661 indiget
2651 600 2848 662 usuS,
2901 580 3035 641 Ter.

429 686 576 746 And.
623 687 722 759 (V
756 689 927 763 3,19)
977 690 1182 769 quasi
1228 695 1303 749 tu
1349 688 1564 751 huius
1610 690 1939 768 indigeas
1984 690 2215 768 patris
2261 736 2274 749 .

606 792 799 856 Instar
845 793 1003 856 illius
1049 796 1164 877 rei,
1210 779 1380 875 Verg.
1429 796 1569 857 Aen.
1618 794 1671 855 11
1717 796 1856 870 (15)

1065 905 1301 964 instar
1348 904 1612 964 montis
1660 921 1916 983 equum
1964 903 2203 964 divina
2247 903 2311 964 P.
2359 922 2408 964 a.

346 1022 375 1063 ⁶
1065 1009 1486 1091 aedificant,

430 1115 640 1177 Cicero
714 1116 787 1177 de
862 1118 1045 1197 signis
1118 1120 1213 1191 (in
1292 1117 1461 1179 Verr.
1541 1117 1593 1173 V
1660 1117 1884 1194 17344)
1958 1135 2200 1178 navem
2279 1120 2640 1180 maximam
2719 1120 3037 1180 triremis

429 1225 664 1284 instar
709 1271 723 1284 .

605 1330 793 1394 Instat
836 1331 952 1392 illis
997 1329 1170 1412 locis,
1217 1329 1386 1410 Verg.
1434 1332 1575 1391 Aen.
1624 1330 1704 1391 XI
1751 1332 1938 1405 (529)

847 1440 993 1500 sive
1040 1440 1319 1499 instare
1367 1439 1559 1518 iugis
1605 1447 1676 1499 et
1720 1438 2018 1518 grandia
2063 1437 2349 1500 volvere
2398 1458 2559 1500 saxa
2606 1486 2619 1500 .

351 1564 402 1604 ιο
429 1546 610 1606 instat
671 1544 755 1607 illi
820 1548 907 1607 rei
972 1563 1081 1625 pro
1147 1546 1443 1627 imminet,
1511 1545 1677 1625 Verg.
1740 1547 1883 1607 Aen.
1941 1545 1993 1606 X
2048 1546 2229 1620 (195)
2296 1546 2419 1607 ille
2475 1549 2699 1609 instat
2753 1565 3033 1626 aquae.

429 1653 613 1714 instat
657 1652 814 1714 illam
862 1669 990 1715 rem
1036 1670 1146 1733 pro
1194 1653 1462 1734 festinat,
1509 1653 1666 1714 idem
1710 1654 1856 1715 Aen.
1904 1653 2033 1714 VIII
2080 1655 2268 1727 (433)

782 1769 986 1840 parte
1034 1757 1170 1820 alia
1215 1759 1423 1821 Marti
1469 1778 1908 1841 currumque
1957 1769 2297 1840 rotasque
2346 1760 2683 1822 volucres

781 1865 1157 1929 instabant
1202 1914 1216 1928 .

431 1974 610 2034 instat
655 1971 752 2034 illa
798 1992 865 2034 re
913 1973 1068 2035 illam
1115 1991 1275 2056 rem,
1317 1972 1472 2034 idem
1517 1973 1662 2034 Aen.
1710 1971 1817 2033 XII
1856 1973 2049 2047 (748)
2098 1972 2516 2054 trepidique
2562 1975 2809 2055 pedem
2857 1977 3036 2057 pede

348 2098 402 2140 ιε
429 2080 754 2142 fervidus
799 2082 1085 2143 instat.

605 2187 950 2268 Indignatus
987 2189 1145 2250 illam
1181 2207 1338 2271 rem,
1384 2140 1554 2270 Verg.
1591 2189 1735 2250 Aen.
1774 2188 1904 2249 VIII
1941 2190 2129 2264 (728)
2170 2197 2238 2250 et
2283 2199 2570 2270 pontem
2616 2190 3037 2270 indignatus

430 2295 694 2357 Araxes
741 2344 754 2357 .
802 2296 1140 2377 indignatus
1187 2296 1283 2358 ille
1329 2296 1495 2358 illum
1542 2295 1654 2358 hoc
1701 2297 1926 2378 Iacere,
1964 2299 1975 2373 Ι
2016 2296 2173 2358 idem
2216 2299 2360 2358 Aen.
2412 2296 2510 2358 VII
2558 2298 2760 2372 (770)

852 2414 1057 2485 pater
1103 2407 1557 2485 omnipotens
1602 2404 1913 2485 aliquem
1958 2405 2378 2485 indignatus
2425 2404 2506 2466 ab
2554 2403 2831 2467 umbris

635 2530 709 2573 m.
757 2514 794 2573 i.
843 2530 891 2573 a.
941 2511 974 2572 l.
1021 2530 1328 2592 surgere
1376 2515 1561 2574 vitae
1608 2559 1623 2572 .

346 2638 402 2677 20
605 2618 915 2698 Ingressus
969 2619 1123 2700 loca,
1179 2617 1299 2680 Cic.
1354 2621 1415 2680 in
1470 2619 1747 2681 Pisonem
1805 2620 2053 2696 (23,53)
2111 2620 2392 2682 Romam
2457 2638 2624 2681 vero
2689 2623 2941 2702 ipsam,
2999 2639 3034 2679 o

429 2727 743 2790 familiae
782 2745 918 2789 non
957 2726 1182 2789 dicam
1220 2726 1680 2811 Calpurniae,
1717 2726 1839 2790 sed
1879 2747 1912 2785 ιιι
1950 2727 2165 2789 huius
2203 2727 2433 2810 urbiS,
2470 2725 2592 2789 sed
2628 2727 3035 2790 Placentini

428 2838 804 2917 municipii
869 2847 944 2897 et
1005 2835 1339 2897 bracatae
1405 2837 1867 2916 cognationis
1932 2835 2274 2911 dedecus,
2340 2855 2546 2916 quem
2611 2836 2692 2897 ad
2756 2835 3034 2897 modum

428 2947 804 3025 ingressus
851 2962 925 3004 es
972 2990 986 3004 .
1033 2946 1342 3024 ingressus
1387 2944 1559 3025 locis,
1605 2944 1775 3024 Verg.
1824 2944 1966 3004 Aen.
2014 2942 2065 3003 X
2112 2918 2296 3018 (148)
2344 2946 2610 3005 castris
2658 2946 3035 3022 ingressus

428 3052 766 3114 Etruscis
813 3099 826 3112 .

346 3176 399 3215 25
603 3159 893 3239 Imposuit
955 3157 1040 3219 illi
1103 3160 1218 3240 rei,
1282 3158 1451 3238 Verg.
1517 3175 1674 3238 geor.
1741 3156 1822 3217 111
1889 3159 2068 3230 (116)
2142 3160 2471 3239 impositi
2544 3158 2757 3219 dorso
2822 3166 3034 3237 atque

429 3270 742 3348 equitem
789 3265 1131 3348 docuere,
1177 3266 1333 3327 idem
1381 3266 1524 3327 Aen.
1573 3263 1623 3325 11
1670 3265 1874 3339 (707)

737 3393 904 3454 ergo
950 3393 1103 3456 age,
1151 3393 1312 3435 care
1362 3381 1592 3454 pater,
1639 3374 1917 3433 cervici
1963 3374 2331 3453 imponere
2378 3382 2671 3434 nostrae
2720 3420 2733 3433 .

428 3483 710 3562 imposuit
755 3484 817 3542 in
863 3480 1022 3542 illam
1060 3499 1215 3560 rem,
1265 3480 1377 3541 Sal.
1418 3480 1623 3541 histor.
1663 3479 1716 3539 11
1754 3482 1991 3540 omnia
2038 3491 2323 3543 sacrata
2371 3499 2674 3561 corpora
2721 3483 2791 3540 in
2840 3489 3036 3542 rates

428 3590 888 3670 imposuisse,
943 3588 1077 3648 Ter.
1135 3589 1278 3650 And.
1337 3591 1409 3662 (Ι
1447 3588 1661 3663 1‚102)
1718 3589 2079 3666 inignem
2138 3590 2477 3669 imposita
2532 3598 2644 3648 est
2692 3635 2703 3647 .
2752 3589 3036 3667 imposuit

348 3699 490 3758 scin
548 3695 641 3756 illa
689 3714 783 3776 re,
839 3694 957 3755 Cic.
1006 3695 1078 3756 de
1135 3696 1309 3756 domo
1367 3714 1473 3757 sua
1529 3695 1818 3769 (52134)
1881 3712 2015 3755 non
2072 3698 2169 3757 ita
2228 3696 2593 3758 crudelem
2652 3695 2907 3775 fuisse,
2963 3704 3037 3756 ut

606 3859 789 3916 Codex
830 3857 1130 3914 Parrhasii
1202 3866 1234 3913 2
1271 3858 1461 3930 huius]
1502 3857 1694 3912 huisus
1850 3864 1882 3912 8
1920 3858 2021 3931 XI]
2060 3858 2164 3914 XII
2329 3866 2393 3914 16
2432 3856 2760 3930 Indignatur
2794 3859 2895 3914 ille

431 3947 495 3995 17
533 3940 663 4012 Vll]
701 3939 834 3993 VIII
993 3946 1063 3994 20
1099 3940 1160 3994 in
1195 3940 1395 3997 Pisone
1556 3944 1624 3993 21
1666 3937 2040 4008 Calphurniae
2076 3941 2174 3995 sed
2211 3939 2374 3994 huius
2411 3939 2564 3994 urbis
2602 3939 2700 3994 sed
2736 3940 3037 4010 pinsentini

497 4028 565 4075 ‘25
602 4038 752 4092 geor.
793 4020 893 4090 111]
933 4036 1048 4090 ger.
1090 4018 1193 4074 IIII
1346 4026 1415 4075 30
1452 4023 1517 4075 ut
1552 4018 1795 4075 viventis
1833 4019 2003 4075 etiam
2043 4024 2100 4075 et
2136 4020 2400 4090 spirantis
2436 4018 2716 4090 capitibus
2755 4037 2884 4075 eum
2922 4019 3036 4076 suis

426 4102 660 4157 navibus
697 4101 1010 4171 imponeret

606 4251 639 4300 6
676 4245 747 4299 de
784 4243 981 4315 signis]
1021 4243 1184 4298 immo
1223 4243 1290 4298 de
1327 4242 1619 4313 suppliciis
1763 4261 1964 4300 navem
2002 4260 2134 4299 vero
2180 4243 2448 4313 cybaeam
2486 4243 2791 4298 maximam
2828 4244 3036 4299 codices

426 4326 705 4382 Ciceronis
868 4329 936 4378 15
981 4322 1227 4379 fervidus
1286 4326 1450 4395 urget
1517 4324 1792 4395 Verqt‘lius
1827 4327 1965 4380 Aen.
2008 4324 2154 4379 XII
2191 4330 2317 4392 748,
2354 4327 2424 4393 cs.
2460 4325 2535 4379 ib.
2574 4329 2679 4380 751
2736 4325 3037 4380 latratibus

425 4408 605 4462 instat
747 4413 818 4460 20
855 4404 1094 4461 Romam
1134 4422 1267 4461 vero
1304 4405 1489 4474 ipsam
1524 4404 1775 4459 foedavit
1812 4405 2089 4460 adventus
2127 4408 2257 4458 tuus
2296 4443 2308 4456 .
2347 4421 2380 4460 o
2416 4403 2667 4461 familiae
2704 4423 2816 4462 non
2854 4405 3036 4461 dicam

427 4484 792 4556 Calpurniae,
832 4487 927 4541 sed
968 4486 1320 4554 Calventiae‚
1367 4499 1547 4553 neque
1585 4483 1749 4539 huius
1785 4485 1967 4551 urbis,
2006 4483 2104 4538 sed
2140 4483 2456 4539 Placentini
2490 4485 2806 4556 municipii,
2854 4502 3036 4555 neque

424 4565 646 4635 paterni
701 4565 946 4635 generis,
1000 4566 1097 4620 sed
1153 4565 1420 4620 bracatae
1478 4563 1832 4634 cognationis
1887 4564 2153 4631 dedecus,
2204 4582 2372 4634 quem
2427 4565 2501 4620 ad
2555 4565 2784 4621 modum
2834 4565 3038 4622 venisti

425 4647 631 4701 codices
688 4646 1023 4702 Ciceronis.
1069 4645 1349 4700 Arusiam‘
1402 4645 1678 4699 lectionem
1731 4647 2090 4714 defenderunt
2136 4606 2480 4701 'Garatom'us
2530 4647 2594 4700 in
2650 4645 2764 4701 Cic.
2811 4647 2846 4701 l.
2894 4663 2940 4701 c.
2986 4653 3037 4702 et

437 4727 753 4782 Wunder-us
787 4742 907 4781 var.
946 4726 1059 4780 lect.
1099 4726 1224 4781 libr.
1263 4727 1475 4798 aliquot
1514 4728 1683 4783 Cicer.
1715 4745 1775 4797 12·
1820 4727 2125 4781 XLVIII
2282 4734 2346 4781 21
2389 4730 2447 4782 et
2492 4725 2655 4781 huius
2693 4726 3038 4782 Gar-alonius

425 4811 476 4861 et
527 4825 595 4861 ex
649 4806 701 4860 G
757 4805 1201 4872 Lindemanmas,
1255 4806 1353 4861 sed
1405 4811 1695 4876 (superat-r.
1753 4808 1836 4876 et)
1891 4807 2055 4862 huius
2114 4806 2171 4861 P
2378 4812 2448 4861 28
2495 4806 2749 4862 sauciata
2803 4823 3037 4877 corpora

424 4886 744 4942 Dieuchius
780 4886 916 4942 Sall.
954 4886 1079 4940 hist.
1116 4887 1317 4956 fraym.
1347 4907 1409 4958 p.
1450 4893 1521 4943 54
1666 4888 1725 4942 in
1760 4890 1940 4942 ratem
1980 4887 2054 4941 M
