3613 5528
471 430 477 435 ·
567 398 595 455 l
607 391 692 455 82
1629 387 2087 445 CASSIODORII

560 506 603 544 p.
631 494 738 534 2302
764 493 814 532 P.
1571 538 1581 548 ι

561 579 885 657 eademque
915 576 1170 637 dictione
1202 592 1523 653 numquam
1553 593 1586 633 v
1624 573 1822 635 littera
1858 593 1967 654 pro
2007 583 2369 637 consonante
2402 577 2694 656 sequitur.
2757 577 2897 640 huic
2924 582 3169 659 opponi·

565 696 662 748 tur
707 684 998 764 quamvis3
1045 680 1150 742 sed
1196 680 1308 741 hoc
1354 679 1589 741 videtur
1635 698 1767 741 esse
1816 683 2235 765 compositum,
2293 701 2430 744 cum
2475 687 2773 763 posterior
2820 688 2906 746 vis
2952 685 3171 766 syllaba

563 794 941 872 subiungitur
996 790 1296 871 plurimiS,
1352 796 1419 848 ut
1473 786 1578 849 abs
1634 789 1844 868 quovis
1892 791 2237 869 quorumvis
2285 792 2579 851 utrumvis
2624 810 2693 852 ac
2739 791 2890 852 talia.
2967 791 3198 853 obser-.

510 888 519 899 ’
564 900 816 963 vandum
872 907 1066 959 tamen
1124 914 1199 958 ne
1256 914 1320 956 es
1375 912 1523 974 pura
1581 893 1798 974 syllaba
1855 897 2262 957 terminaverit
2314 899 2580 960 nomina:
2635 900 2687 958 si
2743 899 2902 959 enim
2949 899 3174 959 sinerint

562 1013 643 1071 ita
701 1008 1032 1080 enuntiata,
1100 1021 1208 1084 per
1263 1001 1301 1062 b
1357 1009 1579 1062 mutam
1636 1002 1864 1065 mediae
1927 1001 2179 1082 syllabae
2246 1005 2372 1064 sine
2439 1004 2619 1066 dubio
2675 1000 3042 1088 scribentur,
3108 1014 3173 1067 ut
3201 1022 3272 1061 5-

562 1116 723 1177 abies
780 1111 1009 1174 scabies
1065 1108 1278 1172 rabies,
1353 1118 1412 1170 at
1466 1108 1610 1170 haec
1666 1128 1906 1190 quoque
1953 1104 2183 1192 species
2239 1111 2517 1193 bipertita
2575 1114 2864 1174 consistit.
2939 1130 3073 1173 nam
3120 1114 3173 1173 si
3286 1172 3298 1182 ,

565 1220 1003 1303 trisyllaborum
1048 1219 1332 1278 maiorem
1377 1217 1652 1279 babuerit
1698 1236 2042 1300 numerum,
2094 1238 2204 1299 per
2247 1239 2283 1279 v
2339 1221 2675 1280 necessario
2725 1219 3051 1301 notabitur,
3105 1229 3176 1282 ut

563 1329 792 1391 illuvies
847 1325 1146 1406 proluvies
1201 1323 1489 1404 ingluvies
1544 1323 1861 1411 subluvies
1957 1324 2031 1387 lis
2087 1328 2263 1386 etiam
2330 1325 2547 1406 syllaba
2604 1327 2916 1387 terminata
2970 1344 3078 1406 per
3133 1325 3173 1385 b

565 1444 789 1499 mutam
826 1433 1010 1495 scribi
1047 1429 1332 1511 compulit
1367 1433 1631 1512 nomina,
1671 1437 1736 1491 ut
1772 1430 1988 1491 nobilis
2025 1431 2259 1493 mobilis
2295 1431 2602 1492 laudabilis
2642 1431 2926 1493 mirabilis
2962 1430 3175 1492 debilis

564 1542 775 1605 habilis
821 1540 1094 1623 affabilis,
1149 1540 1413 1619 exceptis
1470 1537 1669 1599 servili
1714 1537 1872 1599 civili
1918 1547 1978 1599 et
2022 1539 2184 1621 ovili,
2241 1558 2390 1619 quae
2437 1558 2471 1600 a
2517 1557 2687 1600 servo
2736 1558 2767 1600 a
2814 1541 2940 1600 cive
2995 1548 3174 1618 atque
3206 1556 3259 1595 ιο

565 1670 705 1732 ove,
760 1669 792 1710 a
848 1651 936 1708 vis
992 1645 1210 1728 syllaba
1265 1646 1631 1726 posteritatis
1688 1643 1992 1706 deducunt
2056 1648 2372 1728 originem,
2441 1648 2614 1707 cuius
2679 1654 2884 1726 postea
2939 1646 3178 1729 regulas

566 1756 999 1819 meditabimur.
1073 1755 1211 1815 licet
1265 1754 1422 1814 enim
1477 1751 1713 1813 habitus
1768 1751 2050 1813 excubiae
2105 1752 2371 1833 probitas
2424 1753 2736 1815 arbitrium
2802 1753 3050 1815 dubium
3107 1773 3178 1817 ac

618 1884 673 1890 --
700 1884 711 1887 -
726 1880 991 1889 ffl--fl

743 1937 775 1984 3
816 1931 879 1984 ut
905 1929 1005 1984 abs
1033 1924 1257 1995 quouis]
1287 1926 1352 1978 ut
1379 1922 1576 1993 quouis
1604 1921 1788 1977 ubiuis
1828 1923 1877 1978 C
1909 1918 2095 1978 uerbis
2126 1924 2325 1993 quouis
2361 1926 2416 1979 A
2526 1930 2557 1979 5
2597 1924 2813 1981 mediae
2841 1925 3093 1996 syllabae
3121 1925 3178 1979 Β

569 2010 755 2065 media
792 2009 1013 2080 syllaba
1047 2003 1165 2060 AG
1269 2010 1301 2057 6
1337 2004 1423 2075 at]
1462 2005 1561 2057 aut
1596 2004 1658 2072 C,
1696 2020 1796 2059 om.
1836 2004 1890 2058 A
2018 2011 2050 2059 9
2089 2004 2315 2076 nobilis]
2353 2006 2515 2061 nobis
2550 2005 2607 2059 Β
2742 2012 2810 2060 10
2848 2005 3087 2061 effabilis
3122 2005 3180 2059 Β

673 2088 922 2158 exeeptis
967 2085 1160 2141 seruili
1205 2082 1360 2138 ciuili
1407 2085 1462 2137 et
1507 2082 1657 2138 ouile
1694 2083 1748 2137 Β
1801 2083 2049 2154 exceptis
2086 2084 2305 2139 seruilis
2341 2084 2524 2140 ciuilis
2560 2089 2621 2140 et
2654 2083 2804 2140 ouile
2841 2086 2892 2138 A
2933 2085 3182 2155 exceptis

567 2170 785 2227 seruilis
832 2166 1015 2222 ciuilis
1062 2164 1227 2220 ouilis
1276 2163 1324 2218 G
1493 2170 1554 2217 11
1605 2180 1640 2218 a
1686 2162 1794 2234 vis]
1843 2180 1879 2218 a
1925 2163 1983 2217 ui
2028 2165 2083 2218 A
2261 2165 2488 2236 regulas
2535 2165 2652 2219 AO
2689 2164 2939 2235 regulam
2984 2164 3038 2218 B

573 2258 636 2307 12
676 2250 900 2304 habitus
940 2245 1055 2301 AG
1085 2244 1273 2300 abitus
1308 2243 1364 2297 Β
1607 2262 1617 2272 ’

1475 2508 1840 2563 MARTYRH
1877 2509 1976 2564 DE
2016 2511 2058 2564 B
2095 2511 2189 2564 ET
2228 2510 2278 2565 V

570 2686 899 2767 ambiguus.
971 2697 1222 2759 namque
1264 2697 1318 2738 m
1359 2675 1695 2737 semivocali
1731 2679 2066 2757 praeposita
2104 2679 2164 2737 in
2203 2695 2319 2738 una
2357 2680 2680 2759 eademque
2703 2681 2977 2743 'dictione
3015 2700 3183 2742 num·

573 2815 749 2878 quam
788 2812 821 2852 v
867 2791 1063 2853 littera
1109 2806 1218 2867 pro
1258 2793 1619 2847 consonante
1663 2786 1952 2863 sequitur.
2028 2784 2166 2846 huic
2213 2789 2533 2866 opponitur
2581 2791 2873 2872 quamvis3
2920 2790 3021 2851 sed
3072 2791 3184 2851 boc

575 2904 806 2965 videtur
863 2917 994 2960 esse
1051 2894 1473 2975 compositum,
1529 2910 1665 2953 cum
1720 2893 2019 2971 posterior
2063 2894 2151 2952 vis
2198 2891 2415 2972 syllaba
2463 2892 2844 2975 subiungitur
2894 2896 3187 2979 plurimiS,

572 3021 639 3078 ut
693 3008 798 3070 abs
854 3005 1061 3086 quovis
1116 3000 1464 3080 quorumvis
1521 2999 1813 3059 utrumvis
1869 3015 1936 3058 ac
1993 2996 2144 3058 talia.
2232 2996 2668 3061 observandum
2740 3010 2930 3064 tamen
2988 3022 3062 3063 ne
3120 3023 3187 3065 es

571 3135 720 3198 pura
778 3111 995 3194 syllaba
1057 3107 1469 3170 terminaverit
1523 3106 1784 3165 nomina:
1851 3105 1903 3164 si
1957 3105 2114 3164 enim
2173 3106 2250 3165 ita
2312 3105 2534 3166 fuerint
2592 3110 2922 3190 enuntiata,
2984 3128 3093 3190 per
3149 3110 3187 3171 b
3215 3123 3241 3164 5

575 3232 796 3284 mutam
857 3222 985 3280 sine
1047 3215 1226 3278 dubio
1295 3212 1521 3275 mediae
1583 3210 1835 3292 syllabae
1901 3209 2266 3293 scribentur,
2331 3220 2399 3280 ut
2462 3212 2624 3274 abies
2684 3215 2912 3277 scabies
2973 3216 3186 3279 rabies,

572 3340 748 3409 atque
793 3327 940 3387 haec
987 3341 1226 3404 quoque
1273 3322 1503 3400 species
1548 3319 1827 3400 bipartita
1873 3319 2163 3379 consistit.
2237 3337 2371 3378 nam
2421 3321 2471 3380 si
2519 3321 2958 3401 trisyllaborum
3007 3325 3186 3383 maio-

573 3455 700 3498 rem
746 3432 1064 3495 habuerint
1101 3446 1444 3508 numerum,
1489 3429 1599 3506 per
1636 3445 1669 3484 v
1708 3424 2042 3504 digammon
2082 3429 2418 3487 necessario
2459 3435 2768 3511 notentur,
2815 3438 2883 3491 ut
2918 3430 3188 3492 inluvies

573 3543 644 3604 lis
684 3544 860 3602 etiam
899 3536 1117 3618 syllaba
1155 3536 1466 3597 terminata
1503 3551 1612 3613 per
1642 3531 1679 3593 b
1719 3542 1943 3594 mutam
1981 3532 2163 3594 scribi
2201 3534 2556 3614 compulerit
2586 3538 2840 3618 nomina,
2870 3546 2937 3599 ut
2973 3538 3190 3600 nobilis

573 3648 808 3710 mobilis
845 3643 1151 3707 laudabilis
1203 3640 1515 3724 mirabiliS,
1561 3648 1809 3721 excepto
1859 3638 2114 3717 [servili]
2162 3640 2317 3701 civili
2364 3650 2424 3702 et
2480 3642 2646 3724 ovili,
2702 3645 2855 3723 quod
2904 3662 2938 3705 a
2987 3642 3188 3722 [servo
3220 3664 3272 3702 10

573 3752 831 3831 servilis]
879 3754 1004 3812 cive
1036 3749 1240 3810 -civilis
1295 3756 1471 3828 atque
1520 3765 1626 3807 ove
1686 3746 1855 3810 ovilis
1901 3749 1989 3807 vis
2036 3746 2252 3826 syllaba
2309 3751 2676 3826 posteritatis
2722 3748 3026 3812 deducunt
3070 3755 3186 3813 ori-

573 3864 798 3942 ginem,
844 3860 1015 3919 cuius
1062 3865 1266 3937 postea
1306 3854 1540 3935 regulas
1578 3852 2010 3915 meditabimur.
2077 3853 2218 3915 licet'
2253 3857 2411 3914 enim
2448 3853 2685 3916 habitus
2724 3856 3004 3934 excubiae
3050 3878 3188 3938 pro·

576 3968 726 4029 bitas
783 3964 1094 4026 arbitrium
1149 3962 1396 4024 dubium
1452 3981 1520 4023 ac
1576 3961 1710 4022 talia
1766 3979 1875 4041 per
1922 3960 1959 4020 b
2006 3971 2229 4021 mutam
2277 3961 2650 4045 scribuntur,
2707 3972 2903 4025 tamen
2961 3965 3069 4026 bac
3116 3966 3191 4028 dc

758 4156 785 4203 1
825 4144 1149 4204 semivocali
1189 4146 1245 4199 P
1279 4140 1628 4199 semivocalis
1666 4140 1733 4195 N
1879 4157 2185 4208 numquam
2226 4143 2282 4197 P
2312 4161 2445 4198 nam
2483 4161 2626 4214 quae
2663 4145 2732 4199 N
2882 4153 2914 4201 2
2953 4147 3050 4201 sed
3085 4149 3194 4203 h‘oc

576 4249 676 4288 om,
715 4229 794 4304 N,
830 4228 956 4283 add.
1000 4227 1056 4279 P
1178 4233 1211 4280 6
1249 4225 1368 4280 sine
1406 4224 1576 4278 dubio
1613 4221 1830 4277 medias
1867 4221 2113 4291 syllabas
2152 4223 2464 4278 scribentur
2500 4224 2567 4278 N
2595 4224 2784 4280 media
2818 4225 3040 4295 syllaba
3075 4225 3195 4282 sine

578 4313 750 4369 dubio
788 4308 1053 4366 scribitur
1090 4307 1147 4360 P
1311 4312 1339 4359 7
1390 4306 1559 4373 atque
1598 4304 1655 4357 P
1699 4304 1762 4357 at
1796 4303 1864 4355 N
2028 4301 2075 4355 si
2119 4303 2543 4373 trisyllaborum
2577 4304 2847 4361 maiorem
2891 4305 3196 4362 habuerint

575 4409 868 4448 numerum
914 4406 1013 4459 per
1050 4406 1084 4442 v
1121 4386 1445 4456 digammon
1490 4382 1803 4438 necessario
1842 4383 2068 4437 notatur
2104 4384 2170 4438 ut
2213 4382 2451 4438 inluvies
2502 4386 2785 4455 proluvies
2820 4384 3099 4457 ingluvies
3140 4386 3199 4440 P

578 4471 628 4527 si
662 4469 1081 4540 trisyllaborum
1118 4465 1467 4536 digammum
1503 4462 1817 4518 necessario
1854 4462 2119 4516 notentur
2153 4464 2218 4517 ut
2252 4461 2492 4519 inluvies
2529 4465 2597 4520 N
2750 4473 2782 4522 9
2822 4464 2990 4521 scribi
3026 4467 3193 4520 acuto

582 4549 1023 4620 antepenultimo
1063 4546 1355 4602 enuntiata
1391 4546 1614 4615 quando
1652 4544 1837 4599 adhuc
1874 4544 1944 4598 de
1992 4541 2149 4597 brevi
2185 4545 2461 4599 testamur
2498 4547 2832 4617 compulerit
2867 4547 3094 4602 nomina
3130 4549 3195 4602 ut

578 4629 784 4686 nobilis
820 4628 987 4683 abilis
1024 4627 1267 4683 affabilis
1304 4628 1476 4695 atque
1516 4624 1703 4703 omnia
1748 4623 1890 4679 talia
1927 4626 2160 4693 excepto
2198 4624 2380 4679 civilis
2418 4625 2554 4681 ovili
2591 4628 2743 4696 quod
2794 4643 2829 4682 a
2864 4627 2984 4682 cive
3022 4630 3194 4697 atque

580 4726 684 4765 ove
722 4708 942 4778 syllaba
977 4706 1322 4777 posteritatis
1359 4705 1643 4760 deducunt
1677 4702 1951 4772 originem
1989 4703 2046 4759 P
2184 4711 2251 4759 10
2288 4704 2448 4776 ovili]
2489 4705 2591 4760 vili
2625 4707 2692 4764 N
2827 4714 2890 4761 11
2930 4706 2987 4762 vi
3023 4706 3195 4776 sylla-

581 4789 687 4843 bae
723 4787 791 4842 N
912 4792 978 4841 12
1017 4785 1413 4843 meditabimur
1454 4785 1510 4838 P
1543 4783 1881 4838 meditemur
1916 4773 1984 4838 N
2101 4783 2326 4839 habitus
2363 4784 2628 4840 excubiae
2665 4786 2915 4856 probitas
2947 4786 3194 4842 ambitus

582 4865 878 4922 arbitrium
910 4864 967 4920 P
996 4864 1182 4920 abitus
1211 4863 1478 4919 excubiae
1505 4862 1759 4968 whitas
1786 4863 2081 4921 arbitrium
2107 4865 2174 4920 N
2279 4872 2344 4920 13
2374 4866 2689 4922 scribuntur
2718 4867 2775 4922 P
2798 4867 3107 4923 scribentur
3132 4867 3202 4923 N
