<?xml version="1.0" encoding="UTF-8"?>
<!DOCTYPE html PUBLIC "-//W3C//DTD XHTML 1.0 Transitional//EN"
    "http://www.w3.org/TR/xhtml1/DTD/xhtml1-transitional.dtd">
<html xmlns="http://www.w3.org/1999/xhtml" xml:lang="en" lang="en">
 <head>
  <title>
</title>
<meta http-equiv="Content-Type" content="text/html;charset=utf-8" />
  <meta name='ocr-system' content='tesseract 3.04.00' />
  <meta name='ocr-capabilities' content='ocr_page ocr_carea ocr_par ocr_line ocrx_word'/>
</head>
<body>
  <div class='ocr_page' id='page_1' title='image "./grammaticilatin09keilgoog_0072.png"; bbox 0 0 3613 5528; ppageno 0'>
   <div class='ocr_carea' id='block_1_1' title="bbox 605 401 2796 667">
    <p class='ocr_par' dir='ltr' id='par_1_1' title="bbox 605 401 2796 667">
     <span class='ocr_line' id='line_1_1' title="bbox 605 401 2157 472; baseline -0.001 -14"><span class='ocrx_word' id='word_1_1' title='bbox 605 408 693 472; x_wconf 79' lang='lat'><strong>62</strong></span> <span class='ocrx_word' id='word_1_2' title='bbox 1692 402 1893 458; x_wconf 67' lang='lat' dir='ltr'><strong>vanu</strong></span> <span class='ocrx_word' id='word_1_3' title='bbox 1927 401 2157 459; x_wconf 70' lang='grc'><strong>131131</strong></span> 
     </span>
     <span class='ocr_line' id='line_1_2' title="bbox 607 504 869 553; baseline 0 -9"><span class='ocrx_word' id='word_1_4' title='bbox 607 516 652 553; x_wconf 79' lang='lat' dir='ltr'><strong>p.</strong></span> <span class='ocrx_word' id='word_1_5' title='bbox 684 505 790 547; x_wconf 73' lang='lat'><strong>2285</strong></span> <span class='ocrx_word' id='word_1_6' title='bbox 819 504 869 544; x_wconf 82' lang='lat' dir='ltr'><strong>P.</strong></span> 
     </span>
     <span class='ocr_line' id='line_1_3' title="bbox 1815 583 2796 667; baseline -0.002 -19"><span class='ocrx_word' id='word_1_7' title='bbox 1815 596 2029 667; x_wconf 85' lang='lat' dir='ltr'><strong>atque</strong></span> <span class='ocrx_word' id='word_1_8' title='bbox 2078 603 2466 647; x_wconf 90' lang='lat' dir='ltr'><strong>accurrere</strong></span> <span class='ocrx_word' id='word_1_9' title='bbox 2514 583 2796 647; x_wconf 80' lang='lat' dir='ltr'><strong>scribas</strong></span> 
     </span>
    </p>
   </div>
   <div class='ocr_carea' id='block_1_2' title="bbox 607 690 3304 2480">
    <p class='ocr_par' dir='ltr' id='par_1_2' title="bbox 607 690 3304 1928">
     <span class='ocr_line' id='line_1_4' title="bbox 930 690 2841 775; baseline -0.002 -18"><span class='ocrx_word' id='word_1_10' title='bbox 930 695 1062 757; x_wconf 91' lang='lat' dir='ltr'><strong>dne</strong></span> <span class='ocrx_word' id='word_1_11' title='bbox 1110 713 1191 757; x_wconf 93' lang='lat' dir='ltr'><strong>an</strong></span> <span class='ocrx_word' id='word_1_12' title='bbox 1240 713 1300 775; x_wconf 87' lang='lat' dir='ltr'><strong>c,</strong></span> <span class='ocrx_word' id='word_1_13' title='bbox 1346 712 1483 755; x_wconf 90' lang='lat' dir='ltr'><strong>non</strong></span> <span class='ocrx_word' id='word_1_14' title='bbox 1531 701 1642 755; x_wconf 92' lang='lat' dir='ltr'><strong>est</strong></span> <span class='ocrx_word' id='word_1_15' title='bbox 1687 693 1876 773; x_wconf 91' lang='lat' dir='ltr'><strong>quod</strong></span> <span class='ocrx_word' id='word_1_16' title='bbox 1924 711 2230 773; x_wconf 81' lang='lat' dir='ltr'>quaeras</span> <span class='ocrx_word' id='word_1_17' title='bbox 2276 701 2487 772; x_wconf 88' lang='lat' dir='ltr'><strong>atque</strong></span> <span class='ocrx_word' id='word_1_18' title='bbox 2536 690 2841 754; x_wconf 87' lang='lat' dir='ltr'><strong>labores.</strong></span> 
     </span>
     <span class='ocr_line' id='line_1_5' title="bbox 609 784 3215 883; baseline -0.001 -21"><span class='ocrx_word' id='word_1_19' title='bbox 609 784 707 863; x_wconf 80' lang='lat' dir='ltr'><strong>ille</strong></span> <span class='ocrx_word' id='word_1_20' title='bbox 744 800 984 881; x_wconf 88' lang='lat' dir='ltr'><strong>quidem</strong></span> <span class='ocrx_word' id='word_1_21' title='bbox 1022 821 1140 864; x_wconf 91' lang='lat' dir='ltr'><strong>non</strong></span> <span class='ocrx_word' id='word_1_22' title='bbox 1178 803 1407 883; x_wconf 85' lang='lat' dir='ltr'><strong>putavit</strong></span> <span class='ocrx_word' id='word_1_23' title='bbox 1442 802 1734 862; x_wconf 89' lang='lat' dir='ltr'><strong>interesse</strong></span> <span class='ocrx_word' id='word_1_24' title='bbox 1773 802 2133 880; x_wconf 89' lang='lat' dir='ltr'><strong>scripturae;</strong></span> <span class='ocrx_word' id='word_1_25' title='bbox 2180 797 2283 859; x_wconf 90' lang='lat' dir='ltr'><strong>sed</strong></span> <span class='ocrx_word' id='word_1_26' title='bbox 2323 800 2375 860; x_wconf 91' lang='lat' dir='ltr'><strong>si</strong></span> <span class='ocrx_word' id='word_1_27' title='bbox 2413 817 2596 861; x_wconf 89' lang='lat' dir='ltr'><strong>sonus</strong></span> <span class='ocrx_word' id='word_1_28' title='bbox 2638 798 2987 875; x_wconf 80' lang='lat' dir='ltr'><strong>consulitur,</strong></span> <span class='ocrx_word' id='word_1_29' title='bbox 3034 800 3215 860; x_wconf 90' lang='lat' dir='ltr'><strong>inter·</strong></span> 
     </span>
     <span class='ocr_line' id='line_1_6' title="bbox 611 906 3270 989; baseline -0.002 -20"><span class='ocrx_word' id='word_1_30' title='bbox 611 916 704 970; x_wconf 90' lang='lat' dir='ltr'><strong>est</strong></span> <span class='ocrx_word' id='word_1_31' title='bbox 750 911 983 971; x_wconf 90' lang='lat' dir='ltr'><strong>aurium</strong></span> <span class='ocrx_word' id='word_1_32' title='bbox 1020 917 1088 971; x_wconf 92' lang='lat' dir='ltr'><strong>ut</strong></span> <span class='ocrx_word' id='word_1_33' title='bbox 1133 927 1167 969; x_wconf 91' lang='lat' dir='ltr'><strong>c</strong></span> <span class='ocrx_word' id='word_1_34' title='bbox 1212 910 1412 989; x_wconf 88' lang='lat' dir='ltr'><strong>potius</strong></span> <span class='ocrx_word' id='word_1_35' title='bbox 1458 924 1635 987; x_wconf 86' lang='lat' dir='ltr'><strong>quam</strong></span> <span class='ocrx_word' id='word_1_36' title='bbox 1682 907 1719 968; x_wconf 92' lang='lat' dir='ltr'><strong>d</strong></span> <span class='ocrx_word' id='word_1_37' title='bbox 1767 906 2079 969; x_wconf 79' lang='lat' dir='ltr'><strong>scribatur.</strong></span> <span class='ocrx_word' id='word_1_38' title='bbox 2172 913 2231 967; x_wconf 88' lang='lat' dir='ltr'><strong>at</strong></span> <span class='ocrx_word' id='word_1_39' title='bbox 2276 907 2465 986; x_wconf 89' lang='lat' dir='ltr'><strong>siquis</strong></span> <span class='ocrx_word' id='word_1_40' title='bbox 2510 909 2573 968; x_wconf 90' lang='lat' dir='ltr'><strong>in</strong></span> <span class='ocrx_word' id='word_1_41' title='bbox 2619 907 2712 968; x_wconf 90' lang='lat' dir='ltr'><strong>his</strong></span> <span class='ocrx_word' id='word_1_42' title='bbox 2768 913 3013 987; x_wconf 89' lang='lat' dir='ltr'><strong>quaerat</strong></span> <span class='ocrx_word' id='word_1_43' title='bbox 3063 907 3218 966; x_wconf 81' lang='lat' dir='ltr'><strong>voci·</strong></span> <span class='ocrx_word' id='word_1_44' title='bbox 3257 984 3270 989; x_wconf 43' lang='grc'>-</span> 
     </span>
     <span class='ocr_line' id='line_1_7' title="bbox 611 1011 3271 1101; baseline -0 -26"><span class='ocrx_word' id='word_1_45' title='bbox 611 1013 757 1095; x_wconf 84' lang='grc'><strong>11113,</strong></span> <span class='ocrx_word' id='word_1_46' title='bbox 804 1034 956 1095; x_wconf 87' lang='lat' dir='ltr'><strong>quae</strong></span> <span class='ocrx_word' id='word_1_47' title='bbox 1002 1017 1298 1096; x_wconf 88' lang='lat' dir='ltr'><strong>incipiunt</strong></span> <span class='ocrx_word' id='word_1_48' title='bbox 1343 1033 1375 1074; x_wconf 92' lang='lat' dir='ltr'><strong>a</strong></span> <span class='ocrx_word' id='word_1_49' title='bbox 1422 1014 1618 1101; x_wconf 66' lang='lat' dir='ltr'><strong>littera</strong></span> <span class='ocrx_word' id='word_1_50' title='bbox 1662 1022 1714 1097; x_wconf 88' lang='lat' dir='ltr'><strong>t,</strong></span> <span class='ocrx_word' id='word_1_51' title='bbox 1761 1014 1975 1076; x_wconf 89' lang='lat' dir='ltr'><strong>merito</strong></span> <span class='ocrx_word' id='word_1_52' title='bbox 2021 1011 2430 1074; x_wconf 82' lang='lat' dir='ltr'><strong>indifferenter</strong></span> <span class='ocrx_word' id='word_1_53' title='bbox 2483 1013 2830 1075; x_wconf 88' lang='lat' dir='ltr'><strong>scribuntur</strong></span> <span class='ocrx_word' id='word_1_54' title='bbox 2875 1015 3087 1075; x_wconf 79' lang='lat' dir='ltr'><strong>attinet</strong></span> <span class='ocrx_word' id='word_1_55' title='bbox 3131 1020 3213 1074; x_wconf 92' lang='lat' dir='ltr'><strong>at·</strong></span> <span class='ocrx_word' id='word_1_56' title='bbox 3244 1024 3271 1064; x_wconf 79' lang='lat'>⁵</span> 
     </span>
     <span class='ocr_line' id='line_1_8' title="bbox 615 1118 3223 1203; baseline -0.001 -21"><span class='ocrx_word' id='word_1_57' title='bbox 615 1129 819 1183; x_wconf 89' lang='lat' dir='ltr'><strong>tentus</strong></span> <span class='ocrx_word' id='word_1_58' title='bbox 856 1131 917 1184; x_wconf 91' lang='lat' dir='ltr'><strong>et</strong></span> <span class='ocrx_word' id='word_1_59' title='bbox 953 1121 1181 1184; x_wconf 87' lang='lat' dir='ltr'><strong>adtinet</strong></span> <span class='ocrx_word' id='word_1_60' title='bbox 1217 1120 1513 1203; x_wconf 90' lang='lat' dir='ltr'><strong>adtentus,</strong></span> <span class='ocrx_word' id='word_1_61' title='bbox 1558 1123 1836 1200; x_wconf 89' lang='lat' dir='ltr'><strong>quoniam</strong></span> <span class='ocrx_word' id='word_1_62' title='bbox 1875 1118 2156 1182; x_wconf 86' lang='lat' dir='ltr'><strong>utralibet</strong></span> <span class='ocrx_word' id='word_1_63' title='bbox 2191 1119 2389 1181; x_wconf 86' lang='lat' dir='ltr'><strong>littera</strong></span> <span class='ocrx_word' id='word_1_64' title='bbox 2427 1122 2648 1200; x_wconf 89' lang='lat' dir='ltr'><strong>scripta</strong></span> <span class='ocrx_word' id='word_1_65' title='bbox 2686 1119 2940 1181; x_wconf 90' lang='lat' dir='ltr'><strong>eundem</strong></span> <span class='ocrx_word' id='word_1_66' title='bbox 2979 1118 3223 1181; x_wconf 89' lang='lat' dir='ltr'><strong>auribus</strong></span> 
     </span>
     <span class='ocr_line' id='line_1_9' title="bbox 611 1224 3222 1307; baseline -0 -19"><span class='ocrx_word' id='word_1_67' title='bbox 611 1246 826 1289; x_wconf 88' lang='lat' dir='ltr'><strong>sonum</strong></span> <span class='ocrx_word' id='word_1_68' title='bbox 879 1226 1155 1290; x_wconf 89' lang='lat' dir='ltr'><strong>reddunt.</strong></span> <span class='ocrx_word' id='word_1_69' title='bbox 1248 1246 1360 1289; x_wconf 92' lang='lat' dir='ltr'><strong>nec</strong></span> <span class='ocrx_word' id='word_1_70' title='bbox 1414 1229 1612 1288; x_wconf 89' lang='lat' dir='ltr'><strong>minus</strong></span> <span class='ocrx_word' id='word_1_71' title='bbox 1669 1246 1736 1287; x_wconf 92' lang='grc'><strong>33</strong></span> <span class='ocrx_word' id='word_1_72' title='bbox 1792 1245 1943 1307; x_wconf 85' lang='lat' dir='ltr'><strong>quae</strong></span> <span class='ocrx_word' id='word_1_73' title='bbox 1990 1244 2022 1287; x_wconf 93' lang='lat' dir='ltr'><strong>a</strong></span> <span class='ocrx_word' id='word_1_74' title='bbox 2069 1245 2107 1305; x_wconf 88' lang='lat' dir='ltr'><strong>g</strong></span> <span class='ocrx_word' id='word_1_75' title='bbox 2166 1224 2362 1287; x_wconf 84' lang='lat' dir='ltr'><strong>littera</strong></span> <span class='ocrx_word' id='word_1_76' title='bbox 2417 1228 2710 1306; x_wconf 89' lang='lat' dir='ltr'><strong>incipiunt</strong></span> <span class='ocrx_word' id='word_1_77' title='bbox 2764 1229 2991 1288; x_wconf 83' lang='lat' dir='ltr'><strong>variant</strong></span> <span class='ocrx_word' id='word_1_78' title='bbox 3044 1225 3222 1287; x_wconf 89' lang='lat' dir='ltr'><strong>huius</strong></span> 
     </span>
     <span class='ocr_line' id='line_1_10' title="bbox 607 1331 3223 1415; baseline -0.001 -20"><span class='ocrx_word' id='word_1_79' title='bbox 607 1336 1069 1415; x_wconf 82' lang='lat' dir='ltr'><strong>praepositionis</strong></span> <span class='ocrx_word' id='word_1_80' title='bbox 1125 1336 1610 1397; x_wconf 85' lang='lat' dir='ltr'><strong>enuntiationem.</strong></span> <span class='ocrx_word' id='word_1_81' title='bbox 1703 1353 1839 1395; x_wconf 90' lang='lat' dir='ltr'><strong>nam</strong></span> <span class='ocrx_word' id='word_1_82' title='bbox 1895 1332 2196 1395; x_wconf 90' lang='lat' dir='ltr'><strong>interdum</strong></span> <span class='ocrx_word' id='word_1_83' title='bbox 2252 1331 2394 1393; x_wconf 89' lang='lat' dir='ltr'><strong>elisa</strong></span> <span class='ocrx_word' id='word_1_84' title='bbox 2445 1331 2483 1392; x_wconf 92' lang='lat' dir='ltr'><strong>d</strong></span> <span class='ocrx_word' id='word_1_85' title='bbox 2538 1333 2735 1394; x_wconf 87' lang='lat' dir='ltr'><strong>littera</strong></span> <span class='ocrx_word' id='word_1_86' title='bbox 2781 1352 2819 1413; x_wconf 92' lang='lat' dir='ltr'><strong>g</strong></span> <span class='ocrx_word' id='word_1_87' title='bbox 2871 1335 3223 1415; x_wconf 81' lang='lat' dir='ltr'><strong>geminatur,</strong></span> 
     </span>
     <span class='ocr_line' id='line_1_11' title="bbox 609 1420 3223 1521; baseline -0 -20"><span class='ocrx_word' id='word_1_88' title='bbox 609 1448 677 1502; x_wconf 89' lang='lat' dir='ltr'><strong>ut</strong></span> <span class='ocrx_word' id='word_1_89' title='bbox 723 1449 980 1521; x_wconf 85' lang='lat' dir='ltr'><strong>aggerat.</strong></span> <span class='ocrx_word' id='word_1_90' title='bbox 1071 1449 1164 1503; x_wconf 88' lang='lat' dir='ltr'><strong>est</strong></span> <span class='ocrx_word' id='word_1_91' title='bbox 1210 1444 1387 1504; x_wconf 89' lang='lat' dir='ltr'><strong>etiam</strong></span> <span class='ocrx_word' id='word_1_92' title='bbox 1434 1441 1537 1503; x_wconf 92' lang='lat' dir='ltr'><strong>ubi</strong></span> <span class='ocrx_word' id='word_1_93' title='bbox 1583 1460 1829 1503; x_wconf 89' lang='lat' dir='ltr'><strong>necesse</strong></span> <span class='ocrx_word' id='word_1_94' title='bbox 1853 1420 1970 1501; x_wconf 59' lang='lat' dir='ltr'><strong>&#39;est</strong></span> <span class='ocrx_word' id='word_1_95' title='bbox 2011 1438 2166 1501; x_wconf 89' lang='lat' dir='ltr'><strong>hanc</strong></span> <span class='ocrx_word' id='word_1_96' title='bbox 2213 1439 2249 1500; x_wconf 91' lang='lat' dir='ltr'><strong>d</strong></span> <span class='ocrx_word' id='word_1_97' title='bbox 2296 1439 2850 1504; x_wconf 45' lang='lat' dir='ltr'><strong>litteram-interire</strong></span> <span class='ocrx_word' id='word_1_98' title='bbox 2906 1438 3066 1500; x_wconf 91' lang='lat' dir='ltr'><strong>nulla</strong></span> <span class='ocrx_word' id='word_1_99' title='bbox 3113 1439 3223 1501; x_wconf 89' lang='lat' dir='ltr'><strong>alia</strong></span> 
     </span>
     <span class='ocr_line' id='line_1_12' title="bbox 610 1544 3304 1630; baseline -0 -22"><span class='ocrx_word' id='word_1_100' title='bbox 610 1545 960 1630; x_wconf 86' lang='lat' dir='ltr'><strong>substituta,</strong></span> <span class='ocrx_word' id='word_1_101' title='bbox 1019 1557 1086 1611; x_wconf 90' lang='lat' dir='ltr'><strong>ut</strong></span> <span class='ocrx_word' id='word_1_102' title='bbox 1141 1550 1205 1610; x_wconf 91' lang='lat' dir='ltr'><strong>iu</strong></span> <span class='ocrx_word' id='word_1_103' title='bbox 1261 1567 1331 1609; x_wconf 91' lang='lat' dir='ltr'><strong>eo</strong></span> <span class='ocrx_word' id='word_1_104' title='bbox 1392 1547 1549 1628; x_wconf 87' lang='lat' dir='ltr'><strong>quod</strong></span> <span class='ocrx_word' id='word_1_105' title='bbox 1611 1557 1703 1609; x_wconf 89' lang='lat' dir='ltr'><strong>est</strong></span> <span class='ocrx_word' id='word_1_106' title='bbox 1761 1548 1985 1628; x_wconf 90' lang='lat' dir='ltr'><strong>aspicio</strong></span> <span class='ocrx_word' id='word_1_107' title='bbox 2044 1545 2316 1608; x_wconf 84' lang='lat' dir='ltr'><strong>ascendo.</strong></span> <span class='ocrx_word' id='word_1_108' title='bbox 2409 1553 2469 1606; x_wconf 89' lang='lat' dir='ltr'><strong>at</strong></span> <span class='ocrx_word' id='word_1_109' title='bbox 2530 1544 2891 1625; x_wconf 86' lang='lat' dir='ltr'><strong>ubicumque</strong></span> <span class='ocrx_word' id='word_1_110' title='bbox 2947 1553 2971 1606; x_wconf 91' lang='lat' dir='ltr'><strong>t</strong></span> <span class='ocrx_word' id='word_1_111' title='bbox 3026 1544 3221 1607; x_wconf 88' lang='lat' dir='ltr'><strong>littera</strong></span> <span class='ocrx_word' id='word_1_112' title='bbox 3252 1558 3304 1597; x_wconf 82' lang='lat'><strong>10</strong></span> 
     </span>
     <span class='ocr_line' id='line_1_13' title="bbox 609 1651 3220 1733; baseline -0.001 -19"><span class='ocrx_word' id='word_1_113' title='bbox 609 1652 896 1716; x_wconf 88' lang='lat' dir='ltr'><strong>scribitur</strong></span> <span class='ocrx_word' id='word_1_114' title='bbox 941 1673 1053 1716; x_wconf 90' lang='lat' dir='ltr'><strong>nec</strong></span> <span class='ocrx_word' id='word_1_115' title='bbox 1101 1657 1160 1715; x_wconf 91' lang='lat' dir='ltr'><strong>in</strong></span> <span class='ocrx_word' id='word_1_116' title='bbox 1215 1657 1501 1716; x_wconf 87' lang='lat' dir='ltr'><strong>unitatem</strong></span> <span class='ocrx_word' id='word_1_117' title='bbox 1548 1657 1709 1716; x_wconf 81' lang='lat' dir='ltr'><strong>venit</strong></span> <span class='ocrx_word' id='word_1_118' title='bbox 1755 1672 1892 1715; x_wconf 91' lang='lat' dir='ltr'><strong>cum</strong></span> <span class='ocrx_word' id='word_1_119' title='bbox 1939 1653 2048 1714; x_wconf 92' lang='lat' dir='ltr'><strong>alia</strong></span> <span class='ocrx_word' id='word_1_120' title='bbox 2095 1662 2263 1731; x_wconf 88' lang='lat' dir='ltr'><strong>parte</strong></span> <span class='ocrx_word' id='word_1_121' title='bbox 2310 1653 2622 1733; x_wconf 80' lang='lat' dir='ltr'><strong>orationis,</strong></span> <span class='ocrx_word' id='word_1_122' title='bbox 2678 1653 2806 1713; x_wconf 91' lang='lat' dir='ltr'><strong>sine</strong></span> <span class='ocrx_word' id='word_1_123' title='bbox 2854 1651 3220 1713; x_wconf 86' lang='lat' dir='ltr'><strong>dubitatione</strong></span> 
     </span>
     <span class='ocr_line' id='line_1_14' title="bbox 610 1757 3223 1842; baseline -0.001 -22"><span class='ocrx_word' id='word_1_124' title='bbox 610 1761 795 1822; x_wconf 92' lang='lat' dir='ltr'><strong>vicem</strong></span> <span class='ocrx_word' id='word_1_125' title='bbox 854 1760 1099 1824; x_wconf 87' lang='lat' dir='ltr'><strong>alterius</strong></span> <span class='ocrx_word' id='word_1_126' title='bbox 1159 1764 1348 1842; x_wconf 90' lang='lat' dir='ltr'><strong>partis</strong></span> <span class='ocrx_word' id='word_1_127' title='bbox 1404 1763 1687 1823; x_wconf 88' lang='lat' dir='ltr'><strong>orationis</strong></span> <span class='ocrx_word' id='word_1_128' title='bbox 1742 1757 2029 1840; x_wconf 81' lang='lat' dir='ltr'><strong>ostendit,</strong></span> <span class='ocrx_word' id='word_1_129' title='bbox 2084 1766 2146 1819; x_wconf 92' lang='lat' dir='ltr'><strong>et</strong></span> <span class='ocrx_word' id='word_1_130' title='bbox 2191 1766 2284 1819; x_wconf 90' lang='lat' dir='ltr'><strong>est</strong></span> <span class='ocrx_word' id='word_1_131' title='bbox 2337 1759 2677 1818; x_wconf 89' lang='lat' dir='ltr'><strong>coniunctio</strong></span> <span class='ocrx_word' id='word_1_132' title='bbox 2733 1757 3082 1819; x_wconf 85' lang='lat' dir='ltr'><strong>disiunctiva</strong></span> <span class='ocrx_word' id='word_1_133' title='bbox 3144 1765 3223 1840; x_wconf 89' lang='lat' dir='ltr'><strong>at,</strong></span> 
     </span>
     <span class='ocr_line' id='line_1_15' title="bbox 608 1865 963 1928; baseline 0.008 -3"><span class='ocrx_word' id='word_1_134' title='bbox 608 1874 676 1926; x_wconf 93' lang='lat' dir='ltr'><strong>ut</strong></span> <span class='ocrx_word' id='word_1_135' title='bbox 719 1865 963 1928; x_wconf 89' lang='lat' dir='ltr'><strong>Persius</strong></span> 
     </span>
    </p>

    <p class='ocr_par' dir='ltr' id='par_1_3' title="bbox 608 1968 3303 2480">
     <span class='ocr_line' id='line_1_16' title="bbox 927 1968 2678 2051; baseline -0.001 -16"><span class='ocrx_word' id='word_1_136' title='bbox 927 1982 993 2036; x_wconf 92' lang='lat' dir='ltr'><strong>at</strong></span> <span class='ocrx_word' id='word_1_137' title='bbox 1039 1983 1104 2035; x_wconf 88' lang='lat' dir='ltr'><strong>te</strong></span> <span class='ocrx_word' id='word_1_138' title='bbox 1154 1976 1539 2036; x_wconf 87' lang='lat' dir='ltr'><strong>nocturnis</strong></span> <span class='ocrx_word' id='word_1_139' title='bbox 1586 1975 1781 2033; x_wconf 90' lang='lat' dir='ltr'><strong>iuvat</strong></span> <span class='ocrx_word' id='word_1_140' title='bbox 1828 1968 2335 2051; x_wconf 86' lang='lat' dir='ltr'><strong>impallescere</strong></span> <span class='ocrx_word' id='word_1_141' title='bbox 2383 1971 2678 2033; x_wconf 90' lang='lat' dir='ltr'><strong>chartis.</strong></span> 
     </span>
     <span class='ocr_line' id='line_1_17' title="bbox 613 2077 3303 2162; baseline 0 -23"><span class='ocrx_word' id='word_1_142' title='bbox 613 2078 773 2158; x_wconf 87' lang='lat' dir='ltr'><strong>quod</strong></span> <span class='ocrx_word' id='word_1_143' title='bbox 820 2082 872 2140; x_wconf 88' lang='lat' dir='ltr'><strong>si</strong></span> <span class='ocrx_word' id='word_1_144' title='bbox 918 2081 1033 2142; x_wconf 86' lang='lat' dir='ltr'><strong>erit</strong></span> <span class='ocrx_word' id='word_1_145' title='bbox 1076 2099 1187 2161; x_wconf 91' lang='lat' dir='ltr'><strong>per</strong></span> <span class='ocrx_word' id='word_1_146' title='bbox 1234 2086 1278 2144; x_wconf 83' lang='lat' dir='ltr'><strong>d</strong></span> <span class='ocrx_word' id='word_1_147' title='bbox 1329 2083 1618 2162; x_wconf 88' lang='lat' dir='ltr'><strong>scriptum</strong></span> <span class='ocrx_word' id='word_1_148' title='bbox 1673 2078 1772 2161; x_wconf 93' lang='lat' dir='ltr'><strong>ad,</strong></span> <span class='ocrx_word' id='word_1_149' title='bbox 1830 2096 1951 2139; x_wconf 89' lang='lat' dir='ltr'><strong>non</strong></span> <span class='ocrx_word' id='word_1_150' title='bbox 2006 2083 2236 2139; x_wconf 88' lang='lat' dir='ltr'><strong>tantum</strong></span> <span class='ocrx_word' id='word_1_151' title='bbox 2290 2078 2709 2159; x_wconf 86' lang='lat' dir='ltr'><strong>orthographia</strong></span> <span class='ocrx_word' id='word_1_152' title='bbox 2762 2077 3059 2161; x_wconf 86' lang='lat' dir='ltr'><strong>peccabit,</strong></span> <span class='ocrx_word' id='word_1_153' title='bbox 3115 2078 3220 2139; x_wconf 88' lang='lat' dir='ltr'><strong>sed</strong></span> <span class='ocrx_word' id='word_1_154' title='bbox 3251 2089 3303 2131; x_wconf 76' lang='lat'><strong>1⁶</strong></span> 
     </span>
     <span class='ocr_line' id='line_1_18' title="bbox 613 2169 3220 2267; baseline 0 -21"><span class='ocrx_word' id='word_1_155' title='bbox 613 2169 1185 2265; x_wconf 66' lang='lat' dir='ltr'><strong>etiam⁸significatio</strong></span> <span class='ocrx_word' id='word_1_156' title='bbox 1230 2188 1470 2251; x_wconf 89' lang='lat' dir='ltr'><strong>errabit.</strong></span> <span class='ocrx_word' id='word_1_157' title='bbox 1544 2194 1637 2249; x_wconf 88' lang='lat' dir='ltr'><strong>est</strong></span> <span class='ocrx_word' id='word_1_158' title='bbox 1681 2188 1862 2247; x_wconf 88' lang='lat' dir='ltr'><strong>etiam</strong></span> <span class='ocrx_word' id='word_1_159' title='bbox 1906 2182 2010 2245; x_wconf 90' lang='lat' dir='ltr'><strong>ubi</strong></span> <span class='ocrx_word' id='word_1_160' title='bbox 2057 2192 2321 2246; x_wconf 88' lang='lat' dir='ltr'><strong>transeat</strong></span> <span class='ocrx_word' id='word_1_161' title='bbox 2366 2185 2404 2246; x_wconf 91' lang='lat' dir='ltr'><strong>d</strong></span> <span class='ocrx_word' id='word_1_162' title='bbox 2450 2187 2512 2245; x_wconf 90' lang='lat' dir='ltr'><strong>in</strong></span> <span class='ocrx_word' id='word_1_163' title='bbox 2559 2185 2596 2267; x_wconf 92' lang='lat' dir='ltr'><strong>l,</strong></span> <span class='ocrx_word' id='word_1_164' title='bbox 2643 2188 2694 2247; x_wconf 90' lang='lat' dir='ltr'><strong>si</strong></span> <span class='ocrx_word' id='word_1_165' title='bbox 2739 2184 2812 2246; x_wconf 91' lang='lat' dir='ltr'><strong>ab</strong></span> <span class='ocrx_word' id='word_1_166' title='bbox 2856 2184 2968 2246; x_wconf 89' lang='grc'><strong>1133</strong></span> <span class='ocrx_word' id='word_1_167' title='bbox 3015 2184 3220 2247; x_wconf 89' lang='lat' dir='ltr'><strong>eadem</strong></span> 
     </span>
     <span class='ocr_line' id='line_1_19' title="bbox 609 2290 3220 2376; baseline 0.001 -25"><span class='ocrx_word' id='word_1_168' title='bbox 609 2290 806 2353; x_wconf 91' lang='lat' dir='ltr'><strong>littera</strong></span> <span class='ocrx_word' id='word_1_169' title='bbox 852 2311 962 2353; x_wconf 84' lang='lat' dir='ltr'><strong>vox</strong></span> <span class='ocrx_word' id='word_1_170' title='bbox 1010 2312 1269 2374; x_wconf 90' lang='lat' dir='ltr'><strong>sequens</strong></span> <span class='ocrx_word' id='word_1_171' title='bbox 1315 2297 1585 2376; x_wconf 89' lang='lat' dir='ltr'><strong>incipiat,</strong></span> <span class='ocrx_word' id='word_1_172' title='bbox 1639 2300 1710 2354; x_wconf 90' lang='lat' dir='ltr'><strong>ut</strong></span> <span class='ocrx_word' id='word_1_173' title='bbox 1755 2300 1849 2353; x_wconf 88' lang='lat' dir='ltr'><strong>est</strong></span> <span class='ocrx_word' id='word_1_174' title='bbox 1893 2290 2160 2371; x_wconf 79' lang='lat' dir='ltr'><strong>ailigere,</strong></span> <span class='ocrx_word' id='word_1_175' title='bbox 2214 2310 2326 2351; x_wconf 89' lang='lat' dir='ltr'><strong>nec</strong></span> <span class='ocrx_word' id='word_1_176' title='bbox 2373 2310 2607 2372; x_wconf 88' lang='lat' dir='ltr'><strong>semper</strong></span> <span class='ocrx_word' id='word_1_177' title='bbox 2665 2302 2890 2375; x_wconf 87' lang='lat' dir='ltr'><strong>tamen,</strong></span> <span class='ocrx_word' id='word_1_178' title='bbox 2942 2294 3220 2372; x_wconf 86' lang='lat' dir='ltr'><strong>quoniam</strong></span> 
     </span>
     <span class='ocr_line' id='line_1_20' title="bbox 608 2395 3220 2480; baseline 0.001 -23"><span class='ocrx_word' id='word_1_179' title='bbox 608 2397 862 2459; x_wconf 88' lang='lat' dir='ltr'><strong>dicimus</strong></span> <span class='ocrx_word' id='word_1_180' title='bbox 917 2398 1158 2460; x_wconf 89' lang='lat' dir='ltr'><strong>adluere</strong></span> <span class='ocrx_word' id='word_1_181' title='bbox 1206 2410 1266 2462; x_wconf 90' lang='lat' dir='ltr'><strong>et</strong></span> <span class='ocrx_word' id='word_1_182' title='bbox 1310 2401 1549 2480; x_wconf 85' lang='lat' dir='ltr'><strong>adloqui</strong></span> <span class='ocrx_word' id='word_1_183' title='bbox 1594 2408 1655 2461; x_wconf 89' lang='lat' dir='ltr'><strong>et</strong></span> <span class='ocrx_word' id='word_1_184' title='bbox 1699 2397 1905 2460; x_wconf 88' lang='lat' dir='ltr'><strong>adlabi.</strong></span> <span class='ocrx_word' id='word_1_185' title='bbox 2000 2395 2264 2457; x_wconf 87' lang='lat' dir='ltr'><strong>abbitere</strong></span> <span class='ocrx_word' id='word_1_186' title='bbox 2324 2401 2501 2459; x_wconf 86' lang='lat' dir='ltr'><strong>etiam</strong></span> <span class='ocrx_word' id='word_1_187' title='bbox 2558 2399 2796 2479; x_wconf 88' lang='lat' dir='ltr'><strong>quidam</strong></span> <span class='ocrx_word' id='word_1_188' title='bbox 2841 2402 3135 2479; x_wconf 89' lang='lat' dir='ltr'><strong>geminata</strong></span> <span class='ocrx_word' id='word_1_189' title='bbox 3181 2398 3220 2459; x_wconf 96' lang='lat' dir='ltr'><strong>b</strong></span> 
     </span>
    </p>
   </div>
   <div class='ocr_carea' id='block_1_3' title="bbox 610 2548 1034 2558">
    <p class='ocr_par' dir='ltr' id='par_1_4' title="bbox 610 2548 1034 2558">
     <span class='ocr_line' id='line_1_21' title="bbox 610 2548 1034 2558; baseline 0 2970"><span class='ocrx_word' id='word_1_190' title='bbox 610 2548 1034 2558; x_wconf 95' lang='lat' dir='ltr'><strong> </strong></span> 
     </span>
    </p>
   </div>
   <div class='ocr_carea' id='block_1_4' title="bbox 607 2620 3220 2858">
    <p class='ocr_par' dir='ltr' id='par_1_5' title="bbox 607 2620 3220 2858">
     <span class='ocr_line' id='line_1_22' title="bbox 785 2620 3219 2697; baseline 0.001 -18"><span class='ocrx_word' id='word_1_191' title='bbox 785 2624 968 2680; x_wconf 68' lang='lat' dir='ltr'><strong>eodem</strong></span> <span class='ocrx_word' id='word_1_192' title='bbox 1005 2624 1298 2679; x_wconf 73' lang='lat' dir='ltr'><strong>Parrhasii</strong></span> <span class='ocrx_word' id='word_1_193' title='bbox 1408 2632 1434 2680; x_wconf 91' lang='lat'>1</span> <span class='ocrx_word' id='word_1_194' title='bbox 1476 2626 1681 2681; x_wconf 81' lang='lat' dir='ltr'><strong>scribes</strong></span> <span class='ocrx_word' id='word_1_195' title='bbox 1868 2629 1901 2678; x_wconf 76' lang='lat'>2</span> <span class='ocrx_word' id='word_1_196' title='bbox 1939 2638 2010 2676; x_wconf 86' lang='lat' dir='ltr'><strong>an</strong></span> <span class='ocrx_word' id='word_1_197' title='bbox 2049 2620 2104 2692; x_wconf 90' lang='lat' dir='ltr'><strong>c]</strong></span> <span class='ocrx_word' id='word_1_198' title='bbox 2146 2638 2217 2677; x_wconf 90' lang='lat' dir='ltr'><strong>an</strong></span> <span class='ocrx_word' id='word_1_199' title='bbox 2257 2622 2303 2676; x_wconf 89' lang='grc' dir='ltr'><strong>Τ</strong></span> <span class='ocrx_word' id='word_1_200' title='bbox 2481 2625 2652 2696; x_wconf 85' lang='lat' dir='ltr'><strong>quod]</strong></span> <span class='ocrx_word' id='word_1_201' title='bbox 2702 2628 2841 2695; x_wconf 88' lang='lat' dir='ltr'><strong>quot</strong></span> <span class='ocrx_word' id='word_1_202' title='bbox 3021 2625 3219 2697; x_wconf 86' lang='lat' dir='ltr'><strong>atque]</strong></span> 
     </span>
     <span class='ocr_line' id='line_1_23' title="bbox 608 2701 3220 2778; baseline 0.001 -18"><span class='ocrx_word' id='word_1_203' title='bbox 608 2720 785 2773; x_wconf 88' lang='lat' dir='ltr'><strong>aeque</strong></span> <span class='ocrx_word' id='word_1_204' title='bbox 953 2712 989 2760; x_wconf 83' lang='lat'>4</span> <span class='ocrx_word' id='word_1_205' title='bbox 1022 2707 1089 2759; x_wconf 90' lang='lat' dir='ltr'><strong>ut</strong></span> <span class='ocrx_word' id='word_1_206' title='bbox 1123 2703 1170 2757; x_wconf 89' lang='lat' dir='ltr'>T</span> <span class='ocrx_word' id='word_1_207' title='bbox 1208 2703 1397 2774; x_wconf 88' lang='lat' dir='ltr'><strong>potius</strong></span> <span class='ocrx_word' id='word_1_208' title='bbox 1523 2704 1604 2775; x_wconf 93' lang='lat' dir='ltr'><strong>at]</strong></span> <span class='ocrx_word' id='word_1_209' title='bbox 1643 2706 1710 2758; x_wconf 91' lang='lat' dir='ltr'><strong>ut</strong></span> <span class='ocrx_word' id='word_1_210' title='bbox 1853 2709 1884 2758; x_wconf 87' lang='grc'>5</span> <span class='ocrx_word' id='word_1_211' title='bbox 1922 2701 2199 2757; x_wconf 77' lang='lat' dir='ltr'><strong>scribatur</strong></span> <span class='ocrx_word' id='word_1_212' title='bbox 2235 2703 2476 2758; x_wconf 87' lang='lat' dir='ltr'><strong>attineat</strong></span> <span class='ocrx_word' id='word_1_213' title='bbox 2511 2707 2761 2761; x_wconf 86' lang='lat' dir='ltr'><strong>attentus</strong></span> <span class='ocrx_word' id='word_1_214' title='bbox 2797 2707 3045 2762; x_wconf 88' lang='lat' dir='ltr'><strong>attantas</strong></span> <span class='ocrx_word' id='word_1_215' title='bbox 3082 2724 3220 2778; x_wconf 88' lang='lat' dir='ltr'><strong>quo·</strong></span> 
     </span>
     <span class='ocr_line' id='line_1_24' title="bbox 607 2782 3219 2858; baseline 0.002 -20"><span class='ocrx_word' id='word_1_216' title='bbox 607 2784 763 2839; x_wconf 90' lang='lat' dir='ltr'><strong>niam</strong></span> <span class='ocrx_word' id='word_1_217' title='bbox 870 2792 902 2840; x_wconf 90' lang='lat'>8</span> <span class='ocrx_word' id='word_1_218' title='bbox 938 2784 1367 2855; x_wconf 76' lang='lat' dir='ltr'><strong>praepositionis</strong></span> <span class='ocrx_word' id='word_1_219' title='bbox 1394 2784 1860 2855; x_wconf 75' lang='lat' dir='ltr'><strong>enuntiationem]</strong></span> <span class='ocrx_word' id='word_1_220' title='bbox 1892 2782 2294 2840; x_wconf 75' lang='lat' dir='ltr'><strong>enuntiationis</strong></span> <span class='ocrx_word' id='word_1_221' title='bbox 2322 2786 2795 2856; x_wconf 78' lang='lat' dir='ltr'><strong>praepositionem</strong></span> <span class='ocrx_word' id='word_1_222' title='bbox 2904 2795 2935 2844; x_wconf 84' lang='lat'>9</span> <span class='ocrx_word' id='word_1_223' title='bbox 2972 2788 3011 2842; x_wconf 88' lang='lat' dir='ltr'><strong>d</strong></span> <span class='ocrx_word' id='word_1_224' title='bbox 3038 2794 3219 2858; x_wconf 78' lang='lat' dir='ltr'><strong>poste-</strong></span> 
     </span>
    </p>
   </div>
   <div class='ocr_carea' id='block_1_5' title="bbox 603 2878 3113 2998">
    <p class='ocr_par' dir='ltr' id='par_1_6' title="bbox 603 2878 3113 2998">
     <span class='ocr_line' id='line_1_25' title="bbox 603 2878 3113 2998; baseline 0.002 -26"><span class='ocrx_word' id='word_1_225' title='bbox 603 2918 748 2972; x_wconf 78' lang='lat' dir='ltr'><strong>riore</strong></span> <span class='ocrx_word' id='word_1_226' title='bbox 784 2918 898 2973; x_wconf 84' lang='lat' dir='ltr'><strong>loco</strong></span> <span class='ocrx_word' id='word_1_227' title='bbox 935 2935 1034 2976; x_wconf 85' lang='lat' dir='ltr'><strong>om.</strong></span> <span class='ocrx_word' id='word_1_228' title='bbox 1075 2918 1145 2986; x_wconf 88' lang='lat' dir='ltr'><strong>C&#39;,</strong></span> <span class='ocrx_word' id='word_1_229' title='bbox 1182 2920 1311 2977; x_wconf 80' lang='lat' dir='ltr'><strong>add.</strong></span> <span class='ocrx_word' id='word_1_230' title='bbox 1347 2936 1377 2974; x_wconf 97' lang='grc'><strong>3</strong></span> <span class='ocrx_word' id='word_1_231' title='bbox 1505 2925 1571 2975; x_wconf 88' lang='grc'><strong>10</strong></span> <span class='ocrx_word' id='word_1_232' title='bbox 1608 2919 1690 2989; x_wconf 88' lang='grc'><strong>31]</strong></span> <span class='ocrx_word' id='word_1_233' title='bbox 1730 2878 1789 2985; x_wconf 61' lang='lat' dir='ltr'><strong>{t</strong></span> <span class='ocrx_word' id='word_1_234' title='bbox 1828 2916 1895 2973; x_wconf 80' lang='lat'><strong>0:</strong></span> <span class='ocrx_word' id='word_1_235' title='bbox 1935 2936 1971 2974; x_wconf 91' lang='grc'><strong>3</strong></span> <span class='ocrx_word' id='word_1_236' title='bbox 2005 2935 2271 2988; x_wconf 73' lang='lat' dir='ltr'><strong>superse-r.</strong></span> <span class='ocrx_word' id='word_1_237' title='bbox 2310 2936 2340 2974; x_wconf 89' lang='grc'><strong>3</strong></span> <span class='ocrx_word' id='word_1_238' title='bbox 2469 2927 2533 2976; x_wconf 83' lang='grc'><strong>12</strong></span> <span class='ocrx_word' id='word_1_239' title='bbox 2573 2920 2913 2976; x_wconf 88' lang='lat' dir='ltr'><strong>disiunctiua</strong></span> <span class='ocrx_word' id='word_1_240' title='bbox 2938 2921 3023 2976; x_wconf 91' lang='lat' dir='ltr'><strong>ita</strong></span> <span class='ocrx_word' id='word_1_241' title='bbox 3048 2923 3113 2998; x_wconf 80' lang='lat' dir='ltr'><strong>ut</strong></span> 
     </span>
    </p>
   </div>
   <div class='ocr_carea' id='block_1_6' title="bbox 607 2998 3109 3206">
    <p class='ocr_par' dir='ltr' id='par_1_7' title="bbox 607 2998 3109 3206">
     <span class='ocr_line' id='line_1_26' title="bbox 607 2998 3109 3072; baseline 0.002 -22"><span class='ocrx_word' id='word_1_242' title='bbox 607 3003 673 3051; x_wconf 87' lang='lat'><strong>14</strong></span> <span class='ocrx_word' id='word_1_243' title='bbox 711 2998 1077 3068; x_wconf 76' lang='lat' dir='ltr'><strong>inpallescere</strong></span> <span class='ocrx_word' id='word_1_244' title='bbox 1227 3006 1290 3054; x_wconf 82' lang='lat'><strong>15</strong></span> <span class='ocrx_word' id='word_1_245' title='bbox 1328 3017 1428 3070; x_wconf 88' lang='lat' dir='ltr'><strong>per</strong></span> <span class='ocrx_word' id='word_1_246' title='bbox 1453 3000 1492 3054; x_wconf 87' lang='lat' dir='ltr'><strong>d</strong></span> <span class='ocrx_word' id='word_1_247' title='bbox 1528 2999 1823 3069; x_wconf 89' lang='lat' dir='ltr'><strong>scriptum]</strong></span> <span class='ocrx_word' id='word_1_248' title='bbox 1862 2999 2236 3070; x_wconf 85' lang='lat' dir='ltr'><strong>perscriptum</strong></span> <span class='ocrx_word' id='word_1_249' title='bbox 2379 3017 2489 3056; x_wconf 91' lang='lat' dir='ltr'><strong>non</strong></span> <span class='ocrx_word' id='word_1_250' title='bbox 2517 3002 2764 3072; x_wconf 85' lang='lat' dir='ltr'><strong>tantum]</strong></span> <span class='ocrx_word' id='word_1_251' title='bbox 2801 3001 3109 3057; x_wconf 87' lang='lat' dir='ltr'><strong>notandum</strong></span> 
     </span>
     <span class='ocr_line' id='line_1_27' title="bbox 608 3081 3108 3206; baseline 0.001 -19"><span class='ocrx_word' id='word_1_252' title='bbox 608 3131 867 3202; x_wconf 87' lang='lat' dir='ltr'><strong>peccauit</strong></span> <span class='ocrx_word' id='word_1_253' title='bbox 1023 3137 1088 3184; x_wconf 83' lang='lat'><strong>16</strong></span> <span class='ocrx_word' id='word_1_254' title='bbox 1127 3133 1338 3188; x_wconf 89' lang='lat' dir='ltr'><strong>errauit</strong></span> <span class='ocrx_word' id='word_1_255' title='bbox 1478 3134 1601 3206; x_wconf 89' lang='lat' dir='ltr'><strong>ubi]</strong></span> <span class='ocrx_word' id='word_1_256' title='bbox 1640 3081 1726 3202; x_wconf 55' lang='lat' dir='ltr'><strong>gg}</strong></span> <span class='ocrx_word' id='word_1_257' title='bbox 1753 3131 1822 3188; x_wconf 79' lang='lat'><strong>0:</strong></span> <span class='ocrx_word' id='word_1_258' title='bbox 1859 3131 1957 3185; x_wconf 91' lang='lat' dir='ltr'><strong>ubi</strong></span> <span class='ocrx_word' id='word_1_259' title='bbox 1993 3145 2257 3200; x_wconf 69' lang='lat' dir='ltr'><strong>super-scr.</strong></span> <span class='ocrx_word' id='word_1_260' title='bbox 2297 3150 2326 3187; x_wconf 86' lang='grc'><strong>3</strong></span> <span class='ocrx_word' id='word_1_261' title='bbox 2479 3140 2544 3188; x_wconf 80' lang='lat'><strong>17</strong></span> <span class='ocrx_word' id='word_1_262' title='bbox 2583 3150 2801 3204; x_wconf 84' lang='lat' dir='ltr'><strong>semper</strong></span> <span class='ocrx_word' id='word_1_263' title='bbox 2838 3136 2884 3189; x_wconf 87' lang='lat' dir='ltr'>T</span> <span class='ocrx_word' id='word_1_264' title='bbox 2921 3137 3108 3189; x_wconf 86' lang='lat' dir='ltr'><strong>tamen</strong></span> 
     </span>
    </p>
   </div>
   <div class='ocr_carea' id='block_1_7' title="bbox 613 3209 1817 3310">
    <p class='ocr_par' dir='ltr' id='par_1_8' title="bbox 613 3209 1817 3310">
     <span class='ocr_line' id='line_1_28' title="bbox 613 3209 1817 3310; baseline 0.002 -45"><span class='ocrx_word' id='word_1_265' title='bbox 613 3216 678 3266; x_wconf 90' lang='lat'><strong>18</strong></span> <span class='ocrx_word' id='word_1_266' title='bbox 715 3211 928 3310; x_wconf 68' lang='lat' dir='ltr'><strong>adlabi]</strong></span> <span class='ocrx_word' id='word_1_267' title='bbox 968 3209 1160 3266; x_wconf 82' lang='lat' dir='ltr'><strong>adlaui</strong></span> <span class='ocrx_word' id='word_1_268' title='bbox 1303 3212 1582 3285; x_wconf 87' lang='lat' dir='ltr'><strong>abbitere]</strong></span> <span class='ocrx_word' id='word_1_269' title='bbox 1622 3213 1817 3268; x_wconf 84' lang='lat' dir='ltr'><strong>abbire</strong></span> 
     </span>
    </p>
   </div>
   <div class='ocr_carea' id='block_1_8' title="bbox 612 3349 1037 3358">
    <p class='ocr_par' dir='ltr' id='par_1_9' title="bbox 612 3349 1037 3358">
     <span class='ocr_line' id='line_1_29' title="bbox 612 3349 1037 3358; baseline 0 0"><span class='ocrx_word' id='word_1_270' title='bbox 612 3349 1037 3358; x_wconf 95' lang='lat' dir='ltr'><strong> </strong></span> 
     </span>
    </p>
   </div>
   <div class='ocr_carea' id='block_1_9' title="bbox 601 3423 3216 3898">
    <p class='ocr_par' dir='ltr' id='par_1_10' title="bbox 601 3423 3216 3898">
     <span class='ocr_line' id='line_1_30' title="bbox 783 3423 3216 3499; baseline 0.002 -20"><span class='ocrx_word' id='word_1_271' title='bbox 783 3431 812 3479; x_wconf 94' lang='lat'>1</span> <span class='ocrx_word' id='word_1_272' title='bbox 852 3427 1023 3495; x_wconf 88' lang='lat' dir='ltr'><strong>utque</strong></span> <span class='ocrx_word' id='word_1_273' title='bbox 1061 3439 1351 3481; x_wconf 86' lang='lat' dir='ltr'><strong>accurrere</strong></span> <span class='ocrx_word' id='word_1_274' title='bbox 1385 3428 1596 3483; x_wconf 87' lang='lat' dir='ltr'><strong>scribas</strong></span> <span class='ocrx_word' id='word_1_275' title='bbox 1637 3426 1866 3481; x_wconf 75' lang='lat' dir='ltr'><strong>coniecit</strong></span> <span class='ocrx_word' id='word_1_276' title='bbox 1901 3423 1973 3479; x_wconf 82' lang='lat' dir='ltr'><strong>F.</strong></span> <span class='ocrx_word' id='word_1_277' title='bbox 2012 3424 2211 3480; x_wconf 77' lang='lat' dir='ltr'><strong>Dousa</strong></span> <span class='ocrx_word' id='word_1_278' title='bbox 2246 3426 2429 3482; x_wconf 64' lang='lat' dir='ltr'><strong>Luca.</strong></span> <span class='ocrx_word' id='word_1_279' title='bbox 2464 3431 2567 3482; x_wconf 78' lang='lat' dir='ltr'><strong>sat.</strong></span> <span class='ocrx_word' id='word_1_280' title='bbox 2605 3430 2699 3484; x_wconf 80' lang='lat' dir='ltr'><strong>rel.</strong></span> <span class='ocrx_word' id='word_1_281' title='bbox 2728 3445 2791 3497; x_wconf 79' lang='lat' dir='ltr'><strong>p.</strong></span> <span class='ocrx_word' id='word_1_282' title='bbox 2829 3434 2925 3499; x_wconf 76' lang='lat'><strong>44,</strong></span> <span class='ocrx_word' id='word_1_283' title='bbox 2962 3428 3216 3498; x_wconf 87' lang='lat' dir='ltr'><strong>accipere</strong></span> 
     </span>
     <span class='ocr_line' id='line_1_31' title="bbox 603 3504 3073 3579; baseline 0.001 -20"><span class='ocrx_word' id='word_1_284' title='bbox 603 3505 775 3573; x_wconf 83' lang='lat' dir='ltr'><strong>atque</strong></span> <span class='ocrx_word' id='word_1_285' title='bbox 821 3520 1109 3559; x_wconf 89' lang='lat' dir='ltr'><strong>accurrere</strong></span> <span class='ocrx_word' id='word_1_286' title='bbox 1155 3504 1368 3561; x_wconf 89' lang='lat' dir='ltr'><strong>scribas</strong></span> <span class='ocrx_word' id='word_1_287' title='bbox 1414 3504 1748 3561; x_wconf 76' lang='lat' dir='ltr'><strong>Schmidtius</strong></span> <span class='ocrx_word' id='word_1_288' title='bbox 1793 3504 1973 3561; x_wconf 74' lang='lat' dir='ltr'><strong>Lucil.</strong></span> <span class='ocrx_word' id='word_1_289' title='bbox 2021 3508 2123 3559; x_wconf 82' lang='lat' dir='ltr'><strong>sat.</strong></span> <span class='ocrx_word' id='word_1_290' title='bbox 2164 3505 2200 3561; x_wconf 86' lang='lat' dir='ltr'><strong>l.</strong></span> <span class='ocrx_word' id='word_1_291' title='bbox 2239 3507 2346 3560; x_wconf 91' lang='lat' dir='ltr'><strong>IX</strong></span> <span class='ocrx_word' id='word_1_292' title='bbox 2390 3508 2672 3572; x_wconf 60' lang='lat' dir='ltr'><strong>(Ber-olim·</strong></span> <span class='ocrx_word' id='word_1_293' title='bbox 2704 3514 2877 3577; x_wconf 77' lang='lat'>1840)</span> <span class='ocrx_word' id='word_1_294' title='bbox 2906 3527 2965 3579; x_wconf 82' lang='lat' dir='ltr'><strong>p.</strong></span> <span class='ocrx_word' id='word_1_295' title='bbox 3004 3513 3073 3562; x_wconf 78' lang='lat'><strong>14</strong></span> 
     </span>
     <span class='ocr_line' id='line_1_32' title="bbox 610 3582 3216 3660; baseline 0.002 -21"><span class='ocrx_word' id='word_1_296' title='bbox 610 3590 642 3639; x_wconf 83' lang='lat'>2</span> <span class='ocrx_word' id='word_1_297' title='bbox 681 3583 802 3639; x_wconf 91' lang='lat' dir='ltr'><strong>Dne</strong></span> <span class='ocrx_word' id='word_1_298' title='bbox 830 3601 903 3638; x_wconf 85' lang='lat' dir='ltr'><strong>an</strong></span> <span class='ocrx_word' id='word_1_299' title='bbox 930 3583 977 3637; x_wconf 90' lang='grc' dir='ltr'><strong>Τ</strong></span> <span class='ocrx_word' id='word_1_300' title='bbox 1004 3600 1117 3639; x_wconf 89' lang='grc'><strong>11311</strong></span> <span class='ocrx_word' id='word_1_301' title='bbox 1146 3586 1234 3639; x_wconf 88' lang='grc'><strong>331</strong></span> <span class='ocrx_word' id='word_1_302' title='bbox 1259 3584 1340 3652; x_wconf 82' lang='lat' dir='ltr'><strong>R,</strong></span> <span class='ocrx_word' id='word_1_303' title='bbox 1378 3582 1500 3640; x_wconf 89' lang='lat' dir='ltr'><strong>Dne</strong></span> <span class='ocrx_word' id='word_1_304' title='bbox 1529 3602 1601 3640; x_wconf 89' lang='grc'><strong>311</strong></span> <span class='ocrx_word' id='word_1_305' title='bbox 1629 3586 1669 3641; x_wconf 91' lang='lat' dir='ltr'>C</span> <span class='ocrx_word' id='word_1_306' title='bbox 1698 3601 1811 3640; x_wconf 89' lang='lat' dir='ltr'><strong>non</strong></span> <span class='ocrx_word' id='word_1_307' title='bbox 1851 3587 1938 3641; x_wconf 90' lang='lat' dir='ltr'><strong>est</strong></span> <span class='ocrx_word' id='word_1_308' title='bbox 1966 3585 2327 3644; x_wconf 73' lang='lat' dir='ltr'><strong>Gommlinus</strong></span> <span class='ocrx_word' id='word_1_309' title='bbox 2364 3594 2414 3643; x_wconf 82' lang='lat' dir='ltr'><strong>et</strong></span> <span class='ocrx_word' id='word_1_310' title='bbox 2449 3588 2648 3644; x_wconf 82' lang='lat' dir='ltr'><strong>Dousa</strong></span> <span class='ocrx_word' id='word_1_311' title='bbox 2792 3589 2942 3660; x_wconf 88' lang='lat' dir='ltr'><strong>quod</strong></span> <span class='ocrx_word' id='word_1_312' title='bbox 2980 3604 3216 3659; x_wconf 80' lang='lat' dir='ltr'><strong>quaeras</strong></span> 
     </span>
     <span class='ocr_line' id='line_1_33' title="bbox 610 3663 3216 3737; baseline 0.003 -20"><span class='ocrx_word' id='word_1_313' title='bbox 610 3663 763 3719; x_wconf 86' lang='lat' dir='ltr'><strong>seive</strong></span> <span class='ocrx_word' id='word_1_314' title='bbox 798 3664 1019 3719; x_wconf 87' lang='lat' dir='ltr'><strong>labores</strong></span> <span class='ocrx_word' id='word_1_315' title='bbox 1057 3664 1363 3720; x_wconf 77' lang='lat' dir='ltr'><strong>Muellerus</strong></span> <span class='ocrx_word' id='word_1_316' title='bbox 1398 3665 1578 3724; x_wconf 71' lang='lat' dir='ltr'><strong>Luca.</strong></span> <span class='ocrx_word' id='word_1_317' title='bbox 1616 3672 1718 3723; x_wconf 82' lang='lat' dir='ltr'><strong>sat.</strong></span> <span class='ocrx_word' id='word_1_318' title='bbox 1755 3667 1852 3722; x_wconf 77' lang='lat' dir='ltr'><strong>rel.</strong></span> <span class='ocrx_word' id='word_1_319' title='bbox 1887 3684 1942 3736; x_wconf 81' lang='lat' dir='ltr'><strong>p.</strong></span> <span class='ocrx_word' id='word_1_320' title='bbox 1973 3670 2045 3720; x_wconf 80' lang='lat'><strong>47</strong></span> <span class='ocrx_word' id='word_1_321' title='bbox 2145 3672 2177 3720; x_wconf 84' lang='lat'><strong>3</strong></span> <span class='ocrx_word' id='word_1_322' title='bbox 2217 3667 2314 3722; x_wconf 88' lang='lat' dir='ltr'><strong>sed</strong></span> <span class='ocrx_word' id='word_1_323' title='bbox 2352 3667 2570 3722; x_wconf 88' lang='lat' dir='ltr'><strong>scilicet</strong></span> <span class='ocrx_word' id='word_1_324' title='bbox 2604 3668 2652 3724; x_wconf 89' lang='lat' dir='ltr'><strong>si</strong></span> <span class='ocrx_word' id='word_1_325' title='bbox 2688 3684 2854 3724; x_wconf 88' lang='lat' dir='ltr'><strong>sonus</strong></span> <span class='ocrx_word' id='word_1_326' title='bbox 2893 3670 3216 3737; x_wconf 86' lang='lat' dir='ltr'><strong>consulitur,</strong></span> 
     </span>
     <span class='ocr_line' id='line_1_34' title="bbox 608 3742 3214 3817; baseline 0.003 -20"><span class='ocrx_word' id='word_1_327' title='bbox 608 3742 842 3798; x_wconf 82' lang='lat' dir='ltr'><strong>interest</strong></span> <span class='ocrx_word' id='word_1_328' title='bbox 876 3744 1122 3812; x_wconf 86' lang='lat' dir='ltr'><strong>aurium,</strong></span> <span class='ocrx_word' id='word_1_329' title='bbox 1157 3747 1223 3798; x_wconf 86' lang='grc'><strong>111</strong></span> <span class='ocrx_word' id='word_1_330' title='bbox 1252 3744 1299 3798; x_wconf 93' lang='grc' dir='ltr'><strong>Τ</strong></span> <span class='ocrx_word' id='word_1_331' title='bbox 1337 3744 1523 3815; x_wconf 82' lang='lat' dir='ltr'><strong>potius</strong></span> <span class='ocrx_word' id='word_1_332' title='bbox 1561 3762 1731 3816; x_wconf 87' lang='lat' dir='ltr'><strong>qnam</strong></span> <span class='ocrx_word' id='word_1_333' title='bbox 1757 3745 1809 3801; x_wconf 93' lang='lat' dir='ltr'>D</span> <span class='ocrx_word' id='word_1_334' title='bbox 1849 3746 2140 3805; x_wconf 81' lang='lat' dir='ltr'><strong>scribatur.</strong></span> <span class='ocrx_word' id='word_1_335' title='bbox 2206 3747 2286 3802; x_wconf 89' lang='lat' dir='ltr'><strong>Vt</strong></span> <span class='ocrx_word' id='word_1_336' title='bbox 2322 3748 2370 3803; x_wconf 89' lang='grc'><strong>31</strong></span> <span class='ocrx_word' id='word_1_337' title='bbox 2406 3747 2533 3817; x_wconf 89' lang='lat' dir='ltr'><strong>quis</strong></span> <span class='ocrx_word' id='word_1_338' title='bbox 2570 3748 2629 3802; x_wconf 92' lang='lat' dir='ltr'><strong>in</strong></span> <span class='ocrx_word' id='word_1_339' title='bbox 2665 3748 2755 3802; x_wconf 88' lang='lat' dir='ltr'><strong>his</strong></span> <span class='ocrx_word' id='word_1_340' title='bbox 2792 3751 3028 3817; x_wconf 87' lang='lat' dir='ltr'><strong>quaerat</strong></span> <span class='ocrx_word' id='word_1_341' title='bbox 3064 3750 3214 3804; x_wconf 81' lang='lat' dir='ltr'><strong>voci-</strong></span> 
     </span>
     <span class='ocr_line' id='line_1_35' title="bbox 601 3821 3215 3898; baseline 0.003 -22"><span class='ocrx_word' id='word_1_342' title='bbox 601 3821 734 3891; x_wconf 84' lang='lat' dir='ltr'><strong>bus,</strong></span> <span class='ocrx_word' id='word_1_343' title='bbox 789 3840 933 3892; x_wconf 89' lang='lat' dir='ltr'><strong>quae</strong></span> <span class='ocrx_word' id='word_1_344' title='bbox 978 3823 1255 3896; x_wconf 89' lang='lat' dir='ltr'><strong>incipiunt</strong></span> <span class='ocrx_word' id='word_1_345' title='bbox 1290 3842 1325 3882; x_wconf 88' lang='lat' dir='ltr'><strong>a</strong></span> <span class='ocrx_word' id='word_1_346' title='bbox 1367 3826 1561 3882; x_wconf 87' lang='lat' dir='ltr'><strong>littera</strong></span> <span class='ocrx_word' id='word_1_347' title='bbox 1596 3827 1643 3882; x_wconf 82' lang='grc' dir='ltr'><strong>Τ</strong></span> <span class='ocrx_word' id='word_1_348' title='bbox 1679 3826 1886 3883; x_wconf 88' lang='lat' dir='ltr'><strong>merito</strong></span> <span class='ocrx_word' id='word_1_349' title='bbox 1930 3826 2316 3882; x_wconf 79' lang='lat' dir='ltr'><strong>indifferenter</strong></span> <span class='ocrx_word' id='word_1_350' title='bbox 2351 3824 2600 3881; x_wconf 87' lang='lat' dir='ltr'><strong>scribant</strong></span> <span class='ocrx_word' id='word_1_351' title='bbox 2636 3826 2902 3896; x_wconf 79' lang='lat' dir='ltr'><strong>attineat,</strong></span> <span class='ocrx_word' id='word_1_352' title='bbox 2949 3830 3215 3898; x_wconf 86' lang='lat' dir='ltr'><strong>attentus,</strong></span> 
     </span>
    </p>
   </div>
   <div class='ocr_carea' id='block_1_10' title="bbox 490 3905 3215 3980">
    <p class='ocr_par' dir='ltr' id='par_1_11' title="bbox 490 3905 3215 3980">
     <span class='ocr_line' id='line_1_36' title="bbox 490 3905 3215 3980; baseline -0 -16"><span class='ocrx_word' id='word_1_353' title='bbox 490 3957 497 3964; x_wconf 87' lang='lat'><strong>.</strong></span> <span class='ocrx_word' id='word_1_354' title='bbox 601 3905 875 3971; x_wconf 83' lang='lat' dir='ltr'><strong>attentas,</strong></span> <span class='ocrx_word' id='word_1_355' title='bbox 913 3906 1180 3973; x_wconf 88' lang='lat' dir='ltr'><strong>quoniam</strong></span> <span class='ocrx_word' id='word_1_356' title='bbox 1216 3906 1273 3961; x_wconf 82' lang='lat' dir='ltr'><em>R</em></span> <span class='ocrx_word' id='word_1_357' title='bbox 1432 3908 1530 3962; x_wconf 88' lang='lat' dir='ltr'><strong>sed</strong></span> <span class='ocrx_word' id='word_1_358' title='bbox 1568 3907 1641 3980; x_wconf 90' lang='lat' dir='ltr'><strong>si]</strong></span> <span class='ocrx_word' id='word_1_359' title='bbox 1679 3908 1777 3963; x_wconf 87' lang='lat' dir='ltr'><strong>sed</strong></span> <span class='ocrx_word' id='word_1_360' title='bbox 1814 3926 1874 3962; x_wconf 90' lang='lat' dir='ltr'><strong>.s.</strong></span> <span class='ocrx_word' id='word_1_361' title='bbox 1912 3905 1963 3960; x_wconf 90' lang='grc'><strong>31</strong></span> <span class='ocrx_word' id='word_1_362' title='bbox 1998 3907 2163 3961; x_wconf 67' lang='lat' dir='ltr'><strong>codem</strong></span> <span class='ocrx_word' id='word_1_363' title='bbox 2211 3905 2405 3960; x_wconf 73' lang='lat' dir='ltr'><strong>Vrsini</strong></span> <span class='ocrx_word' id='word_1_364' title='bbox 2564 3913 2599 3961; x_wconf 86' lang='lat'>4</span> <span class='ocrx_word' id='word_1_365' title='bbox 2653 3907 2717 3960; x_wconf 90' lang='lat' dir='ltr'><strong>ut</strong></span> <span class='ocrx_word' id='word_1_366' title='bbox 2753 3923 2783 3961; x_wconf 94' lang='lat' dir='ltr'><strong>c</strong></span> <span class='ocrx_word' id='word_1_367' title='bbox 2819 3908 3009 3978; x_wconf 90' lang='lat' dir='ltr'><strong>potius</strong></span> <span class='ocrx_word' id='word_1_368' title='bbox 3046 3926 3215 3977; x_wconf 89' lang='lat' dir='ltr'><strong>quam</strong></span> 
     </span>
    </p>
   </div>
   <div class='ocr_carea' id='block_1_11' title="bbox 595 3982 3218 4935">
    <p class='ocr_par' dir='ltr' id='par_1_12' title="bbox 595 3982 3218 4935">
     <span class='ocr_line' id='line_1_37' title="bbox 602 3982 3218 4056; baseline 0.002 -18"><span class='ocrx_word' id='word_1_369' title='bbox 602 3983 639 4038; x_wconf 87' lang='lat' dir='ltr'><strong>d</strong></span> <span class='ocrx_word' id='word_1_370' title='bbox 680 3982 1040 4040; x_wconf 75' lang='lat' dir='ltr'><strong>Commelinus</strong></span> <span class='ocrx_word' id='word_1_371' title='bbox 1181 3988 1244 4042; x_wconf 89' lang='lat' dir='ltr'><strong>at</strong></span> <span class='ocrx_word' id='word_1_372' title='bbox 1277 3986 1325 4041; x_wconf 89' lang='lat' dir='ltr'><strong>si</strong></span> <span class='ocrx_word' id='word_1_373' title='bbox 1362 3985 1487 4056; x_wconf 91' lang='lat' dir='ltr'><strong>quis</strong></span> <span class='ocrx_word' id='word_1_374' title='bbox 1524 3987 1887 4042; x_wconf 61' lang='lat' dir='ltr'><strong>Schneider-us</strong></span> <span class='ocrx_word' id='word_1_375' title='bbox 1922 3986 1958 4040; x_wconf 82' lang='lat'><strong>1.</strong></span> <span class='ocrx_word' id='word_1_376' title='bbox 1986 4002 2030 4040; x_wconf 87' lang='grc'><strong>3.</strong></span> <span class='ocrx_word' id='word_1_377' title='bbox 2059 4002 2120 4056; x_wconf 84' lang='lat' dir='ltr'><strong>p.</strong></span> <span class='ocrx_word' id='word_1_378' title='bbox 2154 3990 2268 4041; x_wconf 79' lang='lat'><strong>632</strong></span> <span class='ocrx_word' id='word_1_379' title='bbox 2414 3991 2445 4040; x_wconf 87' lang='lat'><strong>5</strong></span> <span class='ocrx_word' id='word_1_380' title='bbox 2483 3985 2868 4041; x_wconf 83' lang='lat' dir='ltr'><strong>indifferenter</strong></span> <span class='ocrx_word' id='word_1_381' title='bbox 2904 3987 3218 4044; x_wconf 69' lang='lat' dir='ltr'><strong>scribantur</strong></span> 
     </span>
     <span class='ocr_line' id='line_1_38' title="bbox 605 4063 3214 4123; baseline 0.002 -6"><span class='ocrx_word' id='word_1_382' title='bbox 605 4063 863 4119; x_wconf 88' lang='lat' dir='ltr'><strong>adtineat</strong></span> <span class='ocrx_word' id='word_1_383' title='bbox 900 4064 1143 4121; x_wconf 78' lang='lat' dir='ltr'><strong>attineat</strong></span> <span class='ocrx_word' id='word_1_384' title='bbox 1175 4065 1439 4121; x_wconf 85' lang='lat' dir='ltr'><strong>adtentus</strong></span> <span class='ocrx_word' id='word_1_385' title='bbox 1476 4068 1725 4121; x_wconf 87' lang='lat' dir='ltr'><strong>attentus</strong></span> <span class='ocrx_word' id='word_1_386' title='bbox 1762 4066 2124 4121; x_wconf 74' lang='lat' dir='ltr'><strong>Schneidems</strong></span> <span class='ocrx_word' id='word_1_387' title='bbox 2278 4070 2308 4119; x_wconf 81' lang='lat'><strong>7</strong></span> <span class='ocrx_word' id='word_1_388' title='bbox 2347 4065 2574 4120; x_wconf 76' lang='lat' dir='ltr'><strong>variant</strong></span> <span class='ocrx_word' id='word_1_389' title='bbox 2605 4064 2926 4121; x_wconf 86' lang='lat' dir='ltr'><strong>huiusmodi</strong></span> <span class='ocrx_word' id='word_1_390' title='bbox 2962 4068 3214 4123; x_wconf 85' lang='lat' dir='ltr'><strong>enuntia-</strong></span> 
     </span>
     <span class='ocr_line' id='line_1_39' title="bbox 603 4142 3216 4215; baseline 0.001 -17"><span class='ocrx_word' id='word_1_391' title='bbox 603 4142 775 4198; x_wconf 87' lang='lat' dir='ltr'><strong>tionis</strong></span> <span class='ocrx_word' id='word_1_392' title='bbox 811 4144 1299 4215; x_wconf 86' lang='lat' dir='ltr'><strong>praepositionem.</strong></span> <span class='ocrx_word' id='word_1_393' title='bbox 1354 4144 1458 4199; x_wconf 88' lang='lat' dir='ltr'><strong>Est</strong></span> <span class='ocrx_word' id='word_1_394' title='bbox 1492 4147 1661 4201; x_wconf 87' lang='lat' dir='ltr'><strong>etiam</strong></span> <span class='ocrx_word' id='word_1_395' title='bbox 1697 4146 1798 4200; x_wconf 89' lang='lat' dir='ltr'><strong>ubi</strong></span> <span class='ocrx_word' id='word_1_396' title='bbox 1835 4162 2058 4201; x_wconf 89' lang='lat' dir='ltr'><strong>necesse</strong></span> <span class='ocrx_word' id='word_1_397' title='bbox 2087 4146 2173 4200; x_wconf 87' lang='lat' dir='ltr'><strong>est</strong></span> <span class='ocrx_word' id='word_1_398' title='bbox 2206 4145 2263 4199; x_wconf 86' lang='lat' dir='ltr'><em>R</em></span> <span class='ocrx_word' id='word_1_399' title='bbox 2374 4152 2440 4200; x_wconf 87' lang='lat'><strong>10</strong></span> <span class='ocrx_word' id='word_1_400' title='bbox 2477 4145 2540 4198; x_wconf 90' lang='lat' dir='ltr'><strong>at</strong></span> <span class='ocrx_word' id='word_1_401' title='bbox 2576 4174 2642 4185; x_wconf 90' lang='lat'>—</span> <span class='ocrx_word' id='word_1_402' title='bbox 2675 4152 2743 4199; x_wconf 76' lang='lat'><strong>14</strong></span> <span class='ocrx_word' id='word_1_403' title='bbox 2781 4146 2991 4201; x_wconf 88' lang='lat' dir='ltr'><strong>chartis</strong></span> <span class='ocrx_word' id='word_1_404' title='bbox 3029 4146 3216 4201; x_wconf 78' lang='lat' dir='ltr'><strong>Velius</strong></span> 
     </span>
     <span class='ocr_line' id='line_1_40' title="bbox 602 4223 3213 4296; baseline 0 -17"><span class='ocrx_word' id='word_1_405' title='bbox 602 4223 830 4293; x_wconf 70' lang='lat' dir='ltr'><strong>Lonyue</strong></span> <span class='ocrx_word' id='word_1_406' title='bbox 856 4227 1011 4294; x_wconf 74' lang='lat' dir='ltr'><strong>apud</strong></span> <span class='ocrx_word' id='word_1_407' title='bbox 1040 4224 1448 4280; x_wconf 69' lang='lat' dir='ltr'><strong>Cassiodorium</strong></span> <span class='ocrx_word' id='word_1_408' title='bbox 1473 4242 1536 4294; x_wconf 79' lang='lat' dir='ltr'><strong>p.</strong></span> <span class='ocrx_word' id='word_1_409' title='bbox 1564 4231 1740 4282; x_wconf 80' lang='lat'><strong>2287.</strong></span> <span class='ocrx_word' id='word_1_410' title='bbox 1786 4227 1856 4293; x_wconf 76' lang='lat' dir='ltr'><strong>cf.</strong></span> <span class='ocrx_word' id='word_1_411' title='bbox 1882 4243 1939 4295; x_wconf 79' lang='lat' dir='ltr'><strong>p.</strong></span> <span class='ocrx_word' id='word_1_412' title='bbox 1963 4231 2055 4296; x_wconf 88' lang='lat'><strong>69,</strong></span> <span class='ocrx_word' id='word_1_413' title='bbox 2074 4232 2154 4283; x_wconf 78' lang='lat'><strong>20</strong></span> <span class='ocrx_word' id='word_1_414' title='bbox 2299 4230 2364 4279; x_wconf 77' lang='lat'><strong>12</strong></span> <span class='ocrx_word' id='word_1_415' title='bbox 2404 4223 2744 4279; x_wconf 79' lang='lat' dir='ltr'><strong>disiunctiua</strong></span> <span class='ocrx_word' id='word_1_416' title='bbox 2777 4225 2862 4280; x_wconf 85' lang='lat' dir='ltr'><strong>ita</strong></span> <span class='ocrx_word' id='word_1_417' title='bbox 2896 4229 2961 4279; x_wconf 90' lang='lat' dir='ltr'><strong>ut</strong></span> <span class='ocrx_word' id='word_1_418' title='bbox 2992 4226 3213 4280; x_wconf 83' lang='lat' dir='ltr'><strong>Persius</strong></span> 
     </span>
     <span class='ocr_line' id='line_1_41' title="bbox 601 4301 3212 4375; baseline 0 -18"><span class='ocrx_word' id='word_1_419' title='bbox 601 4306 683 4357; x_wconf 87' lang='lat' dir='ltr'><strong>Ac</strong></span> <span class='ocrx_word' id='word_1_420' title='bbox 722 4306 822 4373; x_wconf 87' lang='lat' dir='ltr'><strong>(At</strong></span> <span class='ocrx_word' id='word_1_421' title='bbox 855 4303 913 4358; x_wconf 81' lang='lat' dir='ltr'><em>R</em></span> <span class='ocrx_word' id='word_1_422' title='bbox 946 4306 1011 4359; x_wconf 77' lang='lat' dir='ltr'><strong>in</strong></span> <span class='ocrx_word' id='word_1_423' title='bbox 1046 4309 1207 4375; x_wconf 78' lang='lat' dir='ltr'><strong>corr.)</strong></span> <span class='ocrx_word' id='word_1_424' title='bbox 1244 4308 1303 4362; x_wconf 89' lang='lat' dir='ltr'><strong>te</strong></span> <span class='ocrx_word' id='word_1_425' title='bbox 1339 4305 1421 4360; x_wconf 79' lang='lat' dir='ltr'><strong>R:</strong></span> <span class='ocrx_word' id='word_1_426' title='bbox 1464 4306 1618 4361; x_wconf 80' lang='lat' dir='ltr'><strong>Pers.</strong></span> <span class='ocrx_word' id='word_1_427' title='bbox 1655 4311 1758 4362; x_wconf 79' lang='lat' dir='ltr'><strong>sat.</strong></span> <span class='ocrx_word' id='word_1_428' title='bbox 1797 4311 1852 4372; x_wconf 90' lang='lat'><strong>5,</strong></span> <span class='ocrx_word' id='word_1_429' title='bbox 1889 4311 1966 4362; x_wconf 82' lang='lat'><strong>62</strong></span> <span class='ocrx_word' id='word_1_430' title='bbox 2151 4309 2217 4359; x_wconf 82' lang='lat'><strong>15</strong></span> <span class='ocrx_word' id='word_1_431' title='bbox 2257 4303 2417 4370; x_wconf 82' lang='lat' dir='ltr'><strong>Quod</strong></span> <span class='ocrx_word' id='word_1_432' title='bbox 2453 4301 2501 4356; x_wconf 92' lang='lat' dir='ltr'><strong>si</strong></span> <span class='ocrx_word' id='word_1_433' title='bbox 2538 4304 2648 4357; x_wconf 90' lang='lat' dir='ltr'><strong>erit</strong></span> <span class='ocrx_word' id='word_1_434' title='bbox 2679 4305 3086 4375; x_wconf 85' lang='lat' dir='ltr'><strong>praescriptum</strong></span> <span class='ocrx_word' id='word_1_435' title='bbox 3123 4305 3212 4374; x_wconf 90' lang='lat' dir='ltr'><strong>ad,</strong></span> 
     </span>
     <span class='ocr_line' id='line_1_42' title="bbox 599 4383 3215 4457; baseline 0.002 -20"><span class='ocrx_word' id='word_1_436' title='bbox 599 4399 710 4438; x_wconf 89' lang='lat' dir='ltr'><strong>non</strong></span> <span class='ocrx_word' id='word_1_437' title='bbox 745 4385 966 4439; x_wconf 89' lang='lat' dir='ltr'><strong>tantum</strong></span> <span class='ocrx_word' id='word_1_438' title='bbox 1004 4386 1406 4457; x_wconf 82' lang='lat' dir='ltr'><strong>orthographia</strong></span> <span class='ocrx_word' id='word_1_439' title='bbox 1441 4385 1724 4456; x_wconf 86' lang='lat' dir='ltr'><strong>peccauit,</strong></span> <span class='ocrx_word' id='word_1_440' title='bbox 1762 4385 1860 4440; x_wconf 86' lang='lat' dir='ltr'><strong>sed</strong></span> <span class='ocrx_word' id='word_1_441' title='bbox 1897 4384 2070 4440; x_wconf 86' lang='grc'><strong>3113111</strong></span> <span class='ocrx_word' id='word_1_442' title='bbox 2107 4383 2438 4455; x_wconf 84' lang='lat' dir='ltr'><strong>significatio</strong></span> <span class='ocrx_word' id='word_1_443' title='bbox 2476 4383 2686 4439; x_wconf 90' lang='lat' dir='ltr'><strong>errauit</strong></span> <span class='ocrx_word' id='word_1_444' title='bbox 2721 4384 2779 4437; x_wconf 81' lang='lat' dir='ltr'><em>R</em></span> <span class='ocrx_word' id='word_1_445' title='bbox 2924 4391 2987 4439; x_wconf 80' lang='lat'><strong>17</strong></span> <span class='ocrx_word' id='word_1_446' title='bbox 3027 4388 3092 4441; x_wconf 89' lang='lat' dir='ltr'><strong>ut</strong></span> <span class='ocrx_word' id='word_1_447' title='bbox 3127 4390 3215 4441; x_wconf 87' lang='lat' dir='ltr'><strong>est</strong></span> 
     </span>
     <span class='ocr_line' id='line_1_43' title="bbox 600 4463 3212 4537; baseline 0 -18"><span class='ocrx_word' id='word_1_448' title='bbox 600 4463 832 4535; x_wconf 85' lang='lat' dir='ltr'><strong>ailigere</strong></span> <span class='ocrx_word' id='word_1_449' title='bbox 868 4464 951 4534; x_wconf 85' lang='lat' dir='ltr'><strong>R,</strong></span> <span class='ocrx_word' id='word_1_450' title='bbox 988 4468 1054 4521; x_wconf 91' lang='lat' dir='ltr'><strong>ut</strong></span> <span class='ocrx_word' id='word_1_451' title='bbox 1091 4469 1176 4523; x_wconf 86' lang='lat' dir='ltr'><strong>est</strong></span> <span class='ocrx_word' id='word_1_452' title='bbox 1211 4468 1456 4537; x_wconf 86' lang='lat' dir='ltr'><strong>allegere</strong></span> <span class='ocrx_word' id='word_1_453' title='bbox 1494 4465 1537 4517; x_wconf 89' lang='lat' dir='ltr'><em>I</em></span> <span class='ocrx_word' id='word_1_454' title='bbox 1534 4465 1718 4520; x_wconf 74' lang='lat' dir='ltr'><strong>unius.</strong></span> <span class='ocrx_word' id='word_1_455' title='bbox 1776 4463 1953 4534; x_wconf 86' lang='lat' dir='ltr'><strong>alligo</strong></span> <span class='ocrx_word' id='word_1_456' title='bbox 1990 4465 2099 4520; x_wconf 89' lang='lat' dir='ltr'><strong>duo</strong></span> <span class='ocrx_word' id='word_1_457' title='bbox 2136 4465 2158 4520; x_wconf 95' lang='lat' dir='ltr'><strong>l</strong></span> <span class='ocrx_word' id='word_1_458' title='bbox 2196 4465 2556 4534; x_wconf 60' lang='lat' dir='ltr'><strong>Papiriam-s.</strong></span> <span class='ocrx_word' id='word_1_459' title='bbox 2615 4465 2682 4531; x_wconf 78' lang='lat' dir='ltr'><strong>cs.</strong></span> <span class='ocrx_word' id='word_1_460' title='bbox 2722 4464 2918 4521; x_wconf 80' lang='lat' dir='ltr'><strong>Scaur.</strong></span> <span class='ocrx_word' id='word_1_461' title='bbox 2946 4482 3009 4534; x_wconf 77' lang='lat' dir='ltr'><strong>p.</strong></span> <span class='ocrx_word' id='word_1_462' title='bbox 3040 4470 3137 4532; x_wconf 76' lang='lat'><strong>26,</strong></span> <span class='ocrx_word' id='word_1_463' title='bbox 3177 4471 3212 4520; x_wconf 84' lang='lat'><strong><em>7</em></strong></span> 
     </span>
     <span class='ocr_line' id='line_1_44' title="bbox 600 4542 3213 4618; baseline 0.001 -21"><span class='ocrx_word' id='word_1_464' title='bbox 600 4542 858 4600; x_wconf 81' lang='lat' dir='ltr'><strong>similiter</strong></span> <span class='ocrx_word' id='word_1_465' title='bbox 893 4546 1023 4615; x_wconf 83' lang='lat' dir='ltr'><strong>lego</strong></span> <span class='ocrx_word' id='word_1_466' title='bbox 1059 4545 1234 4618; x_wconf 85' lang='lat' dir='ltr'><strong>alligo</strong></span> <span class='ocrx_word' id='word_1_467' title='bbox 1273 4545 1481 4616; x_wconf 86' lang='lat' dir='ltr'><strong>colligo</strong></span> <span class='ocrx_word' id='word_1_468' title='bbox 1516 4543 1726 4613; x_wconf 86' lang='lat' dir='ltr'><strong>pelligo</strong></span> <span class='ocrx_word' id='word_1_469' title='bbox 1898 4550 1965 4599; x_wconf 90' lang='lat'><strong>18</strong></span> <span class='ocrx_word' id='word_1_470' title='bbox 2005 4546 2236 4617; x_wconf 85' lang='lat' dir='ltr'><strong>adloqui</strong></span> <span class='ocrx_word' id='word_1_471' title='bbox 2273 4549 2332 4602; x_wconf 87' lang='lat' dir='ltr'><strong>et</strong></span> <span class='ocrx_word' id='word_1_472' title='bbox 2367 4545 2505 4601; x_wconf 90' lang='lat' dir='ltr'><strong>alibi</strong></span> <span class='ocrx_word' id='word_1_473' title='bbox 2540 4545 2623 4613; x_wconf 88' lang='lat' dir='ltr'><strong>R,</strong></span> <span class='ocrx_word' id='word_1_474' title='bbox 2660 4544 2890 4616; x_wconf 86' lang='lat' dir='ltr'><strong>adloqui</strong></span> <span class='ocrx_word' id='word_1_475' title='bbox 2925 4547 2984 4602; x_wconf 82' lang='lat' dir='ltr'><strong>et</strong></span> <span class='ocrx_word' id='word_1_476' title='bbox 3020 4545 3213 4602; x_wconf 86' lang='lat' dir='ltr'><strong>adlabi</strong></span> 
     </span>
     <span class='ocr_line' id='line_1_45' title="bbox 600 4624 3212 4696; baseline 0 -15"><span class='ocrx_word' id='word_1_477' title='bbox 600 4624 962 4682; x_wconf 73' lang='lat' dir='ltr'><strong>Commelinus</strong></span> <span class='ocrx_word' id='word_1_478' title='bbox 1086 4626 1296 4682; x_wconf 86' lang='lat' dir='ltr'><strong>Abbire</strong></span> <span class='ocrx_word' id='word_1_479' title='bbox 1335 4624 1506 4681; x_wconf 87' lang='lat' dir='ltr'><strong>etiam</strong></span> <span class='ocrx_word' id='word_1_480' title='bbox 1545 4624 1773 4693; x_wconf 89' lang='lat' dir='ltr'><strong>quidam</strong></span> <span class='ocrx_word' id='word_1_481' title='bbox 1811 4624 2098 4695; x_wconf 85' lang='lat' dir='ltr'><strong>geminata</strong></span> <span class='ocrx_word' id='word_1_482' title='bbox 2132 4626 2170 4680; x_wconf 92' lang='lat' dir='ltr'><strong>b</strong></span> <span class='ocrx_word' id='word_1_483' title='bbox 2209 4626 2528 4681; x_wconf 88' lang='lat' dir='ltr'><strong>maluerunt</strong></span> <span class='ocrx_word' id='word_1_484' title='bbox 2562 4628 2621 4681; x_wconf 90' lang='lat' dir='ltr'><strong>et</strong></span> <span class='ocrx_word' id='word_1_485' title='bbox 2656 4625 2840 4681; x_wconf 87' lang='lat' dir='ltr'><strong>dicere</strong></span> <span class='ocrx_word' id='word_1_486' title='bbox 2867 4627 2927 4680; x_wconf 89' lang='lat' dir='ltr'><strong>et</strong></span> <span class='ocrx_word' id='word_1_487' title='bbox 2953 4626 3212 4696; x_wconf 86' lang='lat' dir='ltr'><strong>scribere,</strong></span> 
     </span>
     <span class='ocr_line' id='line_1_46' title="bbox 597 4703 3210 4776; baseline 0.001 -17"><span class='ocrx_word' id='word_1_488' title='bbox 597 4708 663 4760; x_wconf 90' lang='lat' dir='ltr'><strong>ut</strong></span> <span class='ocrx_word' id='word_1_489' title='bbox 696 4704 1013 4762; x_wconf 85' lang='lat' dir='ltr'><strong>intermissa</strong></span> <span class='ocrx_word' id='word_1_490' title='bbox 1049 4705 1099 4759; x_wconf 91' lang='lat' dir='ltr'>D</span> <span class='ocrx_word' id='word_1_491' title='bbox 1137 4708 1196 4761; x_wconf 91' lang='lat' dir='ltr'><strong>et</strong></span> <span class='ocrx_word' id='word_1_492' title='bbox 1228 4705 1291 4761; x_wconf 92' lang='lat' dir='ltr'><strong>in</strong></span> <span class='ocrx_word' id='word_1_493' title='bbox 1325 4705 1434 4761; x_wconf 91' lang='lat' dir='ltr'><strong>hoc</strong></span> <span class='ocrx_word' id='word_1_494' title='bbox 1469 4703 1683 4759; x_wconf 90' lang='lat' dir='ltr'><strong>nullam</strong></span> <span class='ocrx_word' id='word_1_495' title='bbox 1719 4705 2096 4760; x_wconf 86' lang='lat' dir='ltr'><strong>differentiam</strong></span> <span class='ocrx_word' id='word_1_496' title='bbox 2133 4707 2300 4774; x_wconf 87' lang='lat' dir='ltr'><strong>putat</strong></span> <span class='ocrx_word' id='word_1_497' title='bbox 2335 4722 2454 4761; x_wconf 89' lang='lat' dir='ltr'><strong>esse</strong></span> <span class='ocrx_word' id='word_1_498' title='bbox 2491 4705 2769 4776; x_wconf 88' lang='lat' dir='ltr'><strong>Lucilius,</strong></span> <span class='ocrx_word' id='word_1_499' title='bbox 2805 4706 2906 4775; x_wconf 89' lang='lat' dir='ltr'><strong>qui</strong></span> <span class='ocrx_word' id='word_1_500' title='bbox 2940 4704 3050 4773; x_wconf 86' lang='lat' dir='ltr'><strong>ait,</strong></span> <span class='ocrx_word' id='word_1_501' title='bbox 3097 4706 3210 4761; x_wconf 85' lang='lat' dir='ltr'><strong>Ab·</strong></span> 
     </span>
     <span class='ocr_line' id='line_1_47' title="bbox 600 4782 3209 4857; baseline 0.002 -21"><span class='ocrx_word' id='word_1_502' title='bbox 600 4782 718 4838; x_wconf 88' lang='lat' dir='ltr'><strong>bire</strong></span> <span class='ocrx_word' id='word_1_503' title='bbox 761 4801 874 4839; x_wconf 88' lang='lat' dir='ltr'><strong>non</strong></span> <span class='ocrx_word' id='word_1_504' title='bbox 916 4786 1157 4842; x_wconf 88' lang='lat' dir='ltr'><strong>multum</strong></span> <span class='ocrx_word' id='word_1_505' title='bbox 1196 4787 1285 4841; x_wconf 89' lang='lat' dir='ltr'><strong>est</strong></span> <span class='ocrx_word' id='word_1_506' title='bbox 1321 4785 1358 4839; x_wconf 92' lang='lat' dir='ltr'><strong>d</strong></span> <span class='ocrx_word' id='word_1_507' title='bbox 1404 4784 1453 4839; x_wconf 88' lang='lat' dir='ltr'><strong>si</strong></span> <span class='ocrx_word' id='word_1_508' title='bbox 1499 4785 1557 4838; x_wconf 90' lang='lat' dir='ltr'><strong>et</strong></span> <span class='ocrx_word' id='word_1_509' title='bbox 1592 4800 1665 4838; x_wconf 89' lang='lat' dir='ltr'><strong>an</strong></span> <span class='ocrx_word' id='word_1_510' title='bbox 1701 4784 1739 4839; x_wconf 92' lang='lat' dir='ltr'><strong>b</strong></span> <span class='ocrx_word' id='word_1_511' title='bbox 1786 4785 1974 4842; x_wconf 88' lang='lat' dir='ltr'><strong>habet.</strong></span> <span class='ocrx_word' id='word_1_512' title='bbox 2039 4785 2123 4840; x_wconf 86' lang='lat' dir='ltr'><strong>Ex</strong></span> <span class='ocrx_word' id='word_1_513' title='bbox 2169 4785 2512 4857; x_wconf 85' lang='lat' dir='ltr'><strong>praepositio</strong></span> <span class='ocrx_word' id='word_1_514' title='bbox 2551 4783 2725 4840; x_wconf 90' lang='lat' dir='ltr'><strong>habet</strong></span> <span class='ocrx_word' id='word_1_515' title='bbox 2760 4784 3209 4841; x_wconf 86' lang='lat' dir='ltr'><strong>obseruationem</strong></span> 
     </span>
     <span class='ocr_line' id='line_1_48' title="bbox 595 4864 2035 4935; baseline 0.001 -16"><span class='ocrx_word' id='word_1_516' title='bbox 595 4864 667 4919; x_wconf 86' lang='lat' dir='ltr'><strong>R.</strong></span> <span class='ocrx_word' id='word_1_517' title='bbox 723 4865 974 4921; x_wconf 88' lang='lat' dir='ltr'><strong>abbitere</strong></span> <span class='ocrx_word' id='word_1_518' title='bbox 1009 4867 1250 4935; x_wconf 54' lang='lat' dir='ltr'><strong>renituit</strong></span> <span class='ocrx_word' id='word_1_519' title='bbox 1285 4864 1646 4920; x_wconf 63' lang='lat' dir='ltr'><strong>Schneider-us</strong></span> <span class='ocrx_word' id='word_1_520' title='bbox 1683 4865 1717 4922; x_wconf 82' lang='lat'><strong>1.</strong></span> <span class='ocrx_word' id='word_1_521' title='bbox 1756 4881 1800 4921; x_wconf 91' lang='grc'><strong>3.</strong></span> <span class='ocrx_word' id='word_1_522' title='bbox 1831 4882 1896 4935; x_wconf 81' lang='lat' dir='ltr'><strong>p.</strong></span> <span class='ocrx_word' id='word_1_523' title='bbox 1923 4868 2035 4921; x_wconf 86' lang='lat'><strong>633</strong></span> 
     </span>
    </p>
   </div>
   <div class='ocr_carea' id='block_1_12' title="bbox 3594 1850 3601 2764">
    <p class='ocr_par' dir='ltr' id='par_1_13' title="bbox 3594 1850 3601 2764">
     <span class='ocr_line' id='line_1_49' title="bbox 3594 1850 3601 2764; baseline 0 0"><span class='ocrx_word' id='word_1_524' title='bbox 3594 1850 3601 2764; x_wconf 95' lang='lat' dir='ltr'><strong> </strong></span> 
     </span>
    </p>
   </div>
   <div class='ocr_carea' id='block_1_13' title="bbox 3595 3747 3600 4273">
    <p class='ocr_par' dir='ltr' id='par_1_14' title="bbox 3595 3747 3600 4273">
     <span class='ocr_line' id='line_1_50' title="bbox 3595 3747 3600 4273; baseline 0 0"><span class='ocrx_word' id='word_1_525' title='bbox 3595 3747 3600 4273; x_wconf 95' lang='lat' dir='ltr'><strong> </strong></span> 
     </span>
    </p>
   </div>
  </div>
 </body>
</html>
