3613 5528
1330 467 1470 522 ARS
1527 467 2015 524 GRAMMATICA
2841 467 2973 532 375

377 671 593 715 annum
660 654 1133 714 ducentesimum
1198 656 1514 735 septimum
1582 656 1794 716 vixisse
1861 654 1998 715 olim
2056 653 2347 716 oehlerus
2413 654 2525 717 sibi
2581 665 2973 738 persuaserat,

377 768 650 822 auctores
697 780 814 822 non
862 760 1153 844 adhibuit,
1210 764 1365 823 sicut
1422 779 1601 843 supra
1657 761 1804 845 dixi,
1865 771 2058 824 tamen
2117 765 2266 823 ratio
2324 762 2689 845 disputandi,
2743 783 2857 844 qua
2910 766 2969 824 in

378 879 503 930 arte
560 868 857 929 tractanda
915 887 1060 930 usus
1116 877 1234 951 est,
1299 868 1371 931 ab
1436 869 1545 932 hac
1610 878 1800 930 aetate
1857 869 2044 931 aliena
2100 879 2192 931 est
2240 918 2253 931 .
2300 869 2418 931 huc
2473 871 2698 932 accedit
2756 889 2973 932 nomen

379 974 715 1037 Sacerdotis
770 986 863 1037 ter
917 978 978 1037 in
1036 976 1304 1058 exemplo
1359 980 1620 1057 positum
1677 972 1758 1060 (is
1815 979 1973 1038 enim
2027 979 2101 1038 iis
2159 979 2555 1057 grammaticis
2602 996 2753 1057 quos
2799 978 2972 1039 modo

378 1082 523 1165 dixi,
586 1083 701 1144 hoc
765 1093 856 1145 est
920 1092 1130 1165 quarto
1195 1084 1458 1166 saeculo,
1532 1102 1648 1145 non
1716 1083 1901 1145 multo
1966 1085 2263 1163 antiquior
2329 1084 2509 1145 fuisse
2574 1084 2833 1167 videtur,
2900 1085 2973 1146 cf.

378 1208 620 1269 gramm.
668 1190 762 1252 lat.
810 1211 861 1252 v.
908 1191 982 1252 vl
1027 1211 1082 1272 p.
1129 1184 1293 1275 424)
1341 1199 1400 1252 et
1447 1209 1660 1252 nomen
1709 1190 1920 1252 Donati
1967 1193 2026 1250 in
2076 1198 2340 1251 extremo
2386 1189 2539 1251 libro
2576 1190 2928 1271 appellatum
2960 1239 2973 1252 .

379 1316 732 1377 quamquam
792 1298 864 1358 de
922 1298 1145 1359 Donato
1201 1297 1441 1378 quidem
1496 1300 1619 1359 scio
1676 1296 1937 1359 dubitari
1992 1317 2195 1380 posse,
2259 1305 2460 1360 utrum
2525 1317 2592 1358 ea
2648 1317 2797 1378 quae
2861 1299 2975 1359 hoc

380 1406 615 1465 nomine
662 1408 930 1485 apposito
977 1407 1195 1486 scripta
1243 1413 1386 1467 sunt
1430 1404 1502 1465 ab
1548 1407 1678 1485 ipso
1725 1404 2006 1466 Dositheo
2054 1423 2127 1465 an
2166 1403 2239 1465 ab
2276 1402 2388 1465 alio
2425 1406 2805 1484 grammatico
2842 1413 2977 1484 post

379 1531 514 1573 eum
562 1511 753 1574 addita
801 1515 934 1574 sint.

554 1619 711 1701 Ergo
760 1620 830 1682 ad
878 1630 1066 1682 artem
1111 1624 1551 1701 grammaticam
1597 1621 1864 1683 Dosithei
1911 1620 2175 1682 definitio
2221 1622 2532 1703 temporiS‚
2578 1638 2728 1700 quae
2764 1637 2975 1699 genea-

381 1726 564 1807 logiae
620 1727 833 1809 Hygini
893 1729 1087 1790 addita
1143 1739 1260 1812 est,
1324 1729 1484 1792 nullo
1551 1729 1722 1791 modo
1787 1730 2048 1810 pertinet
2108 1776 2121 1789 .
2176 1728 2246 1789 ad
2312 1731 2977 1808 interpretamentorum

382 1846 575 1896 autem
622 1835 805 1896 libros
854 1854 1067 1897 nomen
1113 1839 1506 1916 grammatici,
1561 1836 1718 1917 quod
1775 1845 1939 1897 certe
1996 1836 2051 1896 el
2097 1836 2199 1914 qui
2255 1853 2318 1895 se
2366 1853 2520 1896 anno
2569 1835 2977 1898 ducentesimo

381 1943 631 2022 septimo
661 1944 971 2023 scripsisse
1002 1943 1255 2005 fateatur
1283 1944 1465 2006 tribui
1494 1931 1722 2028 nequitJ
1745 1946 1827 2006 ita
1856 1951 2083 2004 tantum
2113 1941 2327 2002 referri
2353 1944 2591 2025 poterit,
2620 1951 2687 2005 ut
2713 1945 2764 2004 is
2786 1944 2978 2003 varios

382 2046 561 2109 libros
608 2049 748 2111 olim
795 2053 855 2112 in
901 2070 1179 2132 graecum
1226 2070 1560 2114 sermonem
1610 2051 1922 2114 translatos
1969 2048 2276 2128 collegisse
2324 2058 2384 2111 et
2430 2069 2545 2112 una
2584 2069 2721 2113 cum
2765 2049 2979 2129 glossis

383 2155 697 2218 verborum
772 2167 831 2219 et
905 2161 1236 2242 nominum,
1308 2179 1427 2240 quo
1501 2159 1838 2221 uberiorem
1913 2157 2228 2219 exercendi
2301 2160 2607 2219 materiem
2674 2154 2979 2237 discipulis

383 2264 720 2347 praeberet,
766 2268 1179 2345 grammaticae
1226 2270 1338 2327 arti
1384 2285 1414 2327 a
1463 2274 1653 2328 semet
1706 2268 1837 2347 ipso
1893 2266 2252 2346 compositae
2309 2265 2593 2326 adiecisse
2641 2264 2918 2326 credatur
2964 2311 2978 2325 .

385 2388 575 2450 neque
632 2380 829 2432 tamen
886 2371 1032 2433 fides
1086 2391 1263 2435 mauu
1321 2376 1681 2454 scriptorum
1737 2372 2008 2434 codicum
2064 2371 2214 2433 hanc
2269 2375 2559 2434 rationem
2607 2370 2980 2434 commendat

385 2478 472 2538 vel
519 2487 745 2539 certam
791 2497 1027 2541 causam
1075 2479 1345 2562 praebet,
1391 2499 1499 2542 cur
1545 2499 1575 2540 a
1616 2479 1896 2542 Dositheo
1942 2482 2316 2560 potissimum
2356 2480 2502 2542 haec
2539 2481 2734 2542 omnia
2772 2478 2980 2541 collata
3035 2475 3042 2488 ‘

386 2593 445 2645 et
489 2589 813 2667 composita
860 2605 990 2647 esse
1038 2586 1331 2667 dicamus,
1375 2589 1725 2667 praesertim
1773 2604 1911 2647 cum
1958 2585 2140 2647 multa
2178 2589 2307 2646 eius
2352 2588 2589 2665 generis
2624 2588 2975 2667 interpreta-

310 2744 319 2749 .
387 2701 581 2753 menta
646 2712 765 2754 nou
830 2693 1043 2755 additis
1106 2693 1446 2755 nominibus
1505 2703 1814 2755 auctorum
1888 2695 1949 2754 in
2024 2691 2328 2754 codicibus
2401 2695 2620 2774 scripta
2694 2693 2977 2754 ferantur.

386 2818 573 2862 annus
621 2811 815 2863 tamen
864 2803 967 2862 uni
1013 2800 1225 2882 Hygini
1271 2801 1422 2864 libro
1478 2802 1710 2865 additus
1766 2802 1838 2863 de
1895 2802 2142 2882 reliquis
2195 2819 2432 2881 quoque
2487 2802 2977 2881 interpretamen-

389 2914 581 2968 torum
629 2908 797 2969 libris
844 2908 1083 2991 valebit,
1129 2912 1179 2970 si
1226 2928 1432 2970 verum
1479 2917 1572 2971 est
1616 2909 1726 2970 hos
1771 2927 1980 2970 omnes
2034 2907 2106 2969 ab
2162 2906 2370 2969 eodem
2426 2916 2668 2969 auctore
2724 2910 2979 2988 scriptos

389 3024 446 3075 et
488 3034 610 3076 uno
657 3034 837 3096 opere
887 3016 1224 3097 duodecim,
1271 3025 1339 3078 ut
1384 3016 1642 3098 videtur,
1688 3014 1977 3076 librorum
2023 3014 2483 3096 comprehensos
2528 3033 2678 3075 esse.
