3613 5528
1336 451 1435 507 DE
1473 450 2056 508 ORTHOGRAPHIA
2881 445 3004 513 137

405 657 581 719 supra
634 640 695 699 in
751 637 913 699 Velio
974 637 1174 717 Longo
1232 655 1376 698 usus
1431 655 1590 717 sum,
1647 645 1706 698 et
1760 636 2173 696 Monacensem
2225 632 2378 716 766,
2435 654 2611 713 quem
2670 654 2738 696 ex
2789 635 3009 697 Veneto

404 745 604 807 codice
649 744 976 812 Politianus
1021 744 1353 824 descripsit.
1427 761 1563 804 nam
1622 742 1694 804 de
1742 743 1989 823 reliquis
2035 742 2387 822 apographis
2434 741 2655 803 codicis
2700 740 3011 804 Bobiensis

402 856 462 914 in
500 852 612 913 hoc
650 851 803 912 libro
842 869 962 911 non
1000 852 1293 931 quaesivi,
1331 850 1432 911 sed
1463 849 1940 930 Neapolitanum,
1976 866 2153 928 quem
2189 851 2252 909 in
2286 865 2483 909 meum
2513 866 2688 910 usum
2717 849 3011 911 Gustavus

402 959 685 1039 Meyncke
722 959 1147 1040 descripserat,
1184 960 1354 1037 sequi
1394 960 1537 1019 satis
1574 957 1782 1038 habui,
1828 964 2144 1037 propterea
2183 955 2339 1034 quod
2384 956 2542 1017 huuc
2580 957 2641 1016 in
2679 956 2808 1045 aliis
2844 955 3011 1018 libris

404 1074 674 1127 accurate
717 1085 788 1127 ex
827 1065 1147 1146 archetypo
1177 1083 1527 1159 expressum
1565 1083 1696 1126 esse
1737 1073 2021 1143 expertus
2058 1081 2237 1124 eram.
2286 1063 2698 1124 Monacensem
2729 1062 3013 1146 codicem,

406 1173 505 1251 qui
551 1171 714 1232 solus
761 1171 1005 1237 alterius
1054 1173 1259 1251 stirpis
1307 1174 1475 1232 testis
1515 1170 1759 1232 relictus
1796 1180 1917 1252 est,
1965 1169 2037 1230 ab
2077 1169 2303 1230 Halmio
2341 1169 2412 1230 ad
2459 1189 2554 1231 me
2593 1172 2839 1232 missum
2886 1172 3012 1252 ipse

404 1280 649 1357 inspexi.
722 1281 784 1339 in
831 1277 1244 1339 constituenda
1291 1286 1491 1339 autem
1550 1276 1802 1337 lectione
1862 1277 2240 1357 praecipuam
2298 1277 2474 1338 fldem
2521 1277 2699 1339 habui
2745 1278 3011 1359 Neapoli·

406 1393 540 1445 tano
579 1384 796 1466 codici,
843 1385 1015 1445 cuius
1053 1386 1411 1464 scripturam
1449 1386 1531 1447 ita
1574 1383 1844 1465 exhibui,
1894 1393 1985 1466 ut,
2033 1384 2133 1446 ubi
2180 1383 2253 1446 ab
2295 1403 2363 1445 ea
2400 1384 2798 1446 recedendum
2838 1393 3014 1467 esset,

406 1509 639 1552 omnem
693 1490 1147 1572 discrepantiam
1208 1494 1270 1553 in
1326 1492 1704 1553 adnotatione
1762 1491 2030 1553 subiecta
2083 1492 2424 1553 indicarem.
2512 1494 2779 1570 quamvis
2824 1491 3015 1552 multa

409 1601 561 1660 enim
621 1617 770 1678 quae
826 1600 888 1659 in
948 1616 1018 1660 eo
1079 1607 1359 1679 corrupta
1415 1606 1556 1660 sunt
1610 1606 1773 1661 recte
1829 1602 2048 1679 scripta
2105 1599 2376 1679 legantur
2432 1601 2492 1659 in
2547 1599 2821 1660 Politiani
2880 1617 3014 1678 apo-

407 1706 655 1788 grapho,
711 1713 909 1765 tamen
956 1725 1131 1785 quam
1190 1709 1415 1767 incerta
1462 1705 1640 1767 huius
1696 1704 1834 1766 libri
1890 1704 2037 1766 fides
2085 1708 2187 1781 sit,
2244 1708 2598 1786 comparatis
2645 1708 2894 1766 maxime
2942 1707 3014 1765 iis

409 1831 556 1892 quae
611 1812 766 1893 apud
813 1811 1249 1874 Cassiodorium
1308 1813 1589 1892 leguntur
1645 1812 1815 1874 facile
1873 1823 2133 1892 apparet.
2207 1832 2340 1875 nam
2387 1821 2448 1874 et
2499 1812 2673 1873 verba
2729 1831 3015 1892 gramma·

372 1922 510 1985 ,tici
555 1922 616 1980 in
665 1938 735 1979 eo
782 1937 958 1999 saepe
1006 1906 1228 1981 temere
1280 1930 1499 1981 mutata
1547 1930 1607 1982 et
1653 1920 1958 2002 complura
2005 1924 2254 1983 maxime
2301 1923 2360 1982 in
2418 1922 2605 2000 prima
2652 1928 2822 1999 parte
2878 1918 3014 1979 libri

409 2026 599 2088 addita
646 2033 802 2087 sunt.
882 2026 1000 2087 huc
1055 2027 1284 2088 accedit
1329 2027 1487 2109 quod
1542 2036 1712 2088 vetus
1758 2027 1943 2088 codex
1998 2045 2115 2089 non
2172 2047 2419 2109 prorsus
2467 2034 2740 2088 accurate
2787 2044 2819 2085 a
2864 2025 3017 2086 Poli-

409 2135 566 2193 tiano
612 2132 846 2194 videtur
891 2133 1229 2213 descriptus
1274 2152 1421 2194 esse.
1498 2152 1679 2213 quare
1718 2152 1956 2195 omnem
2003 2154 2129 2196 eam
2179 2138 2508 2215 scripturae
2556 2126 3015 2214 discrepantiam

410 2240 744 2302 adscribere
803 2239 991 2321 nolui,
1048 2240 1150 2300 sed
1208 2260 1275 2301 ea
1333 2260 1481 2321 quae
1542 2244 1765 2302 rectius
1821 2243 1882 2301 in
1930 2260 2000 2302 eo
2048 2260 2223 2321 quam
2270 2243 2337 2302 in
2384 2240 2767 2321 Neapolitano
2815 2239 3018 2301 codice

412 2350 627 2427 scripta
683 2355 851 2408 erant
906 2347 997 2407 vel
1051 2348 1247 2428 aliquo
1304 2347 1478 2408 modo
1537 2347 1937 2409 memorabilia
1995 2367 2127 2409 esse
2185 2346 2534 2409 videbantur
2581 2346 2858 2427 indicavi,
2909 2345 3019 2406 alia

413 2473 559 2533 quae
616 2454 854 2516 levioris
899 2457 1184 2516 momenti
1241 2464 1410 2516 erant
1465 2457 1654 2516 omisi.
1729 2458 1793 2517 in
1839 2456 2125 2536 exemplis
2172 2474 2312 2516 vero
2360 2452 2679 2515 verborum
2735 2451 3020 2532 quaedam

413 2564 612 2643 etiam,
668 2580 818 2641 quae
875 2563 1100 2622 rectius
1156 2564 1217 2622 in
1264 2581 1334 2623 eo
1381 2565 1601 2642 scripta
1664 2580 1794 2623 esse
1854 2571 2131 2644 excerpta
2185 2561 2546 2642 persuadere
2603 2560 2904 2642 videntur,
2960 2560 3020 2619 in

413 2669 786 2730 adnotatione
839 2670 1038 2749 potius
1094 2667 1374 2730 exhibere
1433 2688 1609 2749 quam
1665 2672 1726 2731 in
1784 2678 2010 2731 textum
2059 2673 2326 2751 recipere
2376 2676 2840 2730 consentaneum
2888 2684 3020 2726 esse

414 2776 568 2838 duxi.
642 2778 704 2852 in
753 2777 1048 2855 excerptis
1085 2775 1444 2838 Cassiodorii
1482 2795 1617 2837 cum
1656 2785 1781 2837 tres
1820 2777 2056 2839 codices
2094 2776 2338 2839 adhibiti
2375 2779 2522 2858 sint,
2569 2791 2824 2855 quorum
2871 2774 3020 2853 opti-

416 2902 545 2944 mus
599 2891 691 2943 est
736 2882 1081 2963 BeruensiS‚
1135 2882 1315 2942 huius
1374 2882 1509 2944 libri
1563 2886 1921 2963 praestantia
1977 2886 2093 2944 iam
2149 2887 2277 2963 ipso
2306 2883 2595 2962 ·Martyrii
2653 2879 2804 2941 libro
2862 2898 3021 2940 com-

413 2998 613 3070 parato
674 2991 1004 3050 certissime
1063 2990 1464 3051 confirmatur.
1560 3008 1744 3069 quare
1815 2989 1992 3051 huius
2063 2990 2300 3069 quidem
2361 2990 2716 3068 scripturam
2776 2988 2838 3046 in
2909 2984 3018 3046 hac

415 3115 649 3177 quoque
703 3078 897 3177 parte,
954 3098 1109 3157 sicut
1161 3099 1224 3156 in
1270 3096 1398 3157 aliis
1443 3105 1861 3177 excerptorum
1918 3096 2212 3178 partibus,
2268 3098 2557 3176 integram
2603 3093 2870 3155 indicavi.
2944 3108 3016 3155 ex

415 3202 657 3283 reliquis
702 3201 936 3264 duobus
982 3202 1286 3265 codicibus
1333 3204 1514 3265 multa
1563 3223 1712 3284 quae
1760 3213 1966 3283 aperto
2005 3205 2144 3264 vitio
2182 3198 2462 3282 corrupta
2501 3209 2670 3262 erant
2716 3203 2843 3262 sine
2892 3199 3012 3261 ullo

415 3308 798 3391 detrimento,
843 3319 912 3370 ut
955 3319 1130 3392 puto,
1175 3313 1389 3372 omissa
1438 3320 1593 3372 sunt.
1669 3311 1927 3391 denique
1974 3313 2251 3390 quoniam
2302 3309 2480 3371 multa
2528 3327 2677 3389 quae
2730 3310 2794 3368 in
2841 3326 3017 3368 manu

416 3418 651 3495 scriptis
699 3416 1057 3478 Cassiodorii
1103 3416 1270 3478 libris
1316 3425 1597 3497 corrupta
1646 3417 1921 3479 feruntur
1969 3435 2087 3477 non
2136 3415 2443 3477 erroribus
2489 3414 2867 3476 librariorum
2916 3412 3020 3474 sed

418 3523 817 3604 neglegentiae
874 3526 1241 3604 excerptoris
1298 3523 1611 3585 tribuenda
1668 3508 1955 3586 sunt'vel
2013 3543 2083 3585 ex
2142 3525 2368 3585 vitiosis
2415 3521 2747 3603 codicibuS,
2804 3519 3023 3600 quibus

417 3630 823 3692 Cassiodorius
862 3630 1164 3716 utebatur,
1213 3630 1285 3692 ab
1323 3630 1423 3692 illo
1462 3634 1711 3712 repetita
1751 3639 1949 3714 erant,
1991 3631 2169 3692 huius
2207 3648 2444 3710 quoque
2482 3630 2719 3710 generis
2757 3627 3021 3708 exempla

416 3738 475 3797 in
529 3737 621 3798 bis
666 3738 929 3818 Martyrii
983 3741 1278 3818 excerptis
1332 3740 1716 3798 inveniuntur
1769 3738 2050 3818 plurima,
2106 3753 2360 3816 quorum
2422 3735 2634 3815 partim
2684 3736 2743 3794 in
2790 3732 3025 3795 duobus

418 3845 588 3904 etiam
644 3843 908 3924 Martyrii
964 3844 1267 3908 codicibus
1325 3844 1533 3906 eodem
1589 3845 1763 3906 modo
1822 3852 2101 3924 corrupta
2158 3843 2463 3924 leguntur,
2531 3844 2746 3921 partim
2803 3860 2876 3902 ex
2933 3842 3025 3902 bis

420 3949 581 4010 facile
639 3950 941 4011 emendari
995 3959 1263 4031 possunt.
1337 3951 1482 4012 haec
1540 3954 1720 4031 igitur
1777 3953 1838 4012 in
1895 3970 2040 4012 nova
2091 3951 2346 4012 editione
2405 3948 2789 4028 relinquenda
2837 3955 3025 4029 erant,

418 4056 891 4136 quandoquidem
937 4058 1242 4119 emendata
1288 4057 1463 4119 lectio
1508 4060 1623 4118 iam
1671 4076 1741 4118 ex
1792 4059 1982 4138 ipsius
2036 4057 2402 4137 grammatici
2445 4054 2598 4116 libro
2644 4055 2767 4133 peti
2811 4061 3025 4134 potest.

420 4181 769 4242 quamquam
825 4163 1062 4225 difficile
1123 4173 1251 4225 erat
1306 4172 1529 4225 certam
1576 4166 1637 4225 in
1686 4183 1753 4224 ea
1786 4183 1867 4230 ,re
1914 4166 2204 4225 rationem
2251 4172 2486 4243 tenere,
2533 4180 2724 4240 neque
2774 4159 3026 4221 multum

420 4272 706 4332 interesse
752 4272 951 4350 putavi
998 4279 1066 4331 ut
1111 4272 1341 4332 diversa
1388 4274 1668 4332 vitiorum
1705 4290 1922 4352 genera
1970 4280 2243 4332 accurate
2291 4269 2819 4348 distinguerentur.

592 4376 675 4437 De
723 4375 959 4438 duobus
1004 4376 1400 4458 gra‘mmaticiS
1447 4397 1702 4460 quorum
1749 4379 1987 4439 nomina
2047 4380 2411 4458 praescripta
2459 4384 2626 4456 sunt,
2680 4373 3024 4434 Adamantio

422 4491 481 4543 et
522 4483 828 4565 Martyri0‚
883 4483 1030 4545 nihil
1092 4488 1412 4547 memoriae
1459 4487 1762 4566 proditum
1809 4492 1917 4546 est.
1991 4484 2093 4546 sed
2152 4481 2224 4543 ab
2280 4485 2650 4544 institutione
2698 4479 3025 4540 Adamantii

423 4591 602 4668 patris
638 4590 731 4650 sui
768 4609 832 4651 se
870 4591 1205 4670 profectum
1235 4611 1365 4654 esse
1403 4594 1465 4654 in
1502 4593 1867 4672 praefatione
1907 4589 2089 4652 libelli
2125 4589 2270 4650 dicit
2305 4591 2582 4670 scriptor,
2617 4603 2751 4647 cum
2793 4584 3026 4663 regulas

427 4694 717 4758 scribendi
764 4696 837 4758 ab
884 4697 982 4758 illo
1031 4707 1301 4778 acceptas
1348 4702 1410 4761 in
1456 4698 1608 4760 hanc
1657 4699 2068 4759 commentarii
2115 4697 2363 4756 formam
2409 4694 2724 4773 redigeret.
2789 4711 2860 4753 ex
2907 4710 3026 4771 quo

431 4804 594 4879 sequi
639 4802 870 4865 videtur
917 4822 1133 4866 nomen
1179 4805 1470 4887 Martyrii,
1514 4804 1673 4885 quod
1726 4822 1862 4865 cum
1911 4803 2095 4866 altero
2142 4821 2174 4863 a
2224 4801 2595 4863 Cassiodorio
2644 4797 3027 4861 coniunctum

432 4914 544 4987 est,
588 4912 894 4989 proprium
940 4911 1121 4972 fuisse
1171 4910 1300 4992 filii,
1347 4913 1447 4991 qui
1495 4913 1689 4990 ipsum
1750 4907 1969 4971 librum
2016 4910 2366 4990 composuit.
2438 4910 2492 4968 is
2546 4925 2726 4987 porro
2782 4907 2843 4968 in
2892 4906 3026 4968 sub·
