3613 5528
1359 382 1458 437 DE
1495 381 2074 439 ORTHOGRAPHIA
2896 387 3019 452 151

414 494 459 532 1).
487 484 604 524 8284.
630 482 683 523 85
709 482 760 522 P.

417 586 649 648 quoque
704 567 1097 649 intellegenda
1154 576 1260 630 est.
1335 571 1618 648 extinguo
1672 577 1767 630 est
1823 570 2006 650 enim,
2062 577 2122 630 et
2168 569 2241 630 ab
2288 569 2401 631 hoc
2448 572 2828 654 extinguunt,
2882 573 3024 635 licet

418 678 710 739 enuntiari
755 694 877 737 non
923 679 1128 757 possit.

592 782 968 845 Intervallum
1015 783 1164 844 duas
1210 783 1231 845 l
1275 782 1480 845 habet:
1527 782 1742 844 vallum
1789 785 1950 844 enim
1997 785 2193 863 ipsum
2239 801 2359 844 non
2407 782 2577 845 aliter
2632 783 2943 866 scribitur,
2988 805 3019 847 a

415 909 531 969 quo
577 890 966 952 intervallum.
1042 889 1225 952 Varro
1272 891 1415 952 dicit
1462 889 1766 951 intervalla
1814 908 1946 951 esse
1993 892 2180 969 spatia
2227 908 2378 969 quae
2426 900 2568 952 sunt
2629 893 2785 954 inter
2830 896 3020 973 capita

360 1014 387 1054 5
416 996 720 1073 vallorum,
775 997 836 1058 id
891 1005 984 1059 est
1040 1000 1308 1078 stipitum
1364 995 1582 1076 quibus
1640 995 1856 1058 vallum
1908 998 2000 1079 fit3
2066 997 2224 1059 unde
2281 1004 2480 1060 cetera
2541 995 2805 1079 quo‘que·
2835 1002 3022 1080 spatia

414 1107 732 1167 intervalla
778 1105 1076 1167 dicuntur.

587 1209 963 1272 Observanda
1001 1211 1217 1291 pusillo
1256 1211 1599 1291 diligentius
1637 1219 1731 1272 est
1763 1212 2275 1292 praepositionum
2304 1230 2440 1274 cum
2478 1212 2676 1274 verbis
2713 1222 2817 1276 aut
2856 1234 3019 1276 voca-

414 1317 563 1379 bulis
609 1319 986 1400 compositio,
1032 1326 1100 1379 ut
1144 1328 1540 1381 consonantes
1586 1319 1938 1379 novissimas
1998 1320 2504 1399 praepositionum
2545 1318 2554 1396 Ι
2597 1321 2852 1382 sciamus
2899 1341 3018 1383 non

411 1424 651 1507 durare,
707 1424 813 1485 sed
868 1427 1086 1487 mutari
1140 1426 1509 1507 plerumque.
1593 1429 1793 1506 itaque
1852 1444 1972 1488 non
2030 1443 2353 1506 numquam
2410 1445 2560 1507 quae
2622 1438 3020 1491 consonantes

334 1549 383 1589 ιο
410 1531 724 1593 verborum
781 1540 885 1594 aut
931 1533 1350 1596 vocabulorum
1396 1536 1587 1614 primo
1645 1533 1776 1594 loco
1833 1540 2003 1616 sunt,
2060 1533 2294 1593 easdem
2344 1551 2587 1596 necesse
2634 1543 2727 1596 est
2783 1536 2914 1596 fieri
2961 1544 3023 1597 et

408 1640 470 1699 in
517 1638 1053 1721 praepositionibus
1062 1686 1081 1720 ,
1128 1650 1229 1702 aut
1273 1651 1521 1722 propter
1567 1640 1865 1702 levitatem
1904 1648 2007 1703 aut
2043 1642 2181 1720 quia
2218 1642 2460 1701 omnino
2498 1644 2797 1705 enuntiari
2842 1661 3020 1724 saepe

407 1744 638 1806 litterae
702 1748 1206 1826 praepositionum
1272 1765 1393 1809 non
1456 1755 1723 1828 possunt.
1816 1746 2053 1826 quando
2109 1754 2308 1808 autem
2366 1747 2532 1829 fiant,
2587 1748 2822 1827 quando
2881 1769 3018 1827 non,

407 1871 554 1913 sono
600 1854 1104 1915 internoscemus:
1158 1855 1376 1916 accedo
1423 1854 1541 1916 duo
1588 1872 1652 1934 c,
1708 1851 1880 1914 attuli
1923 1852 2040 1914 duo
2087 1861 2138 1933 t,
2192 1852 2466 1947 assiduus
2513 1854 2631 1915 duo
2678 1873 2734 1936 s,
2785 1857 3019 1919 arrideo

405 1959 525 2021 duo
580 1978 638 2041 r,
693 1977 947 2040 appareo
1004 1959 1122 2022 duo
1178 1979 1244 2041 p,
1300 1977 1496 2021 annuo
1551 1959 1668 2021 duo
1725 1976 1797 2039 n,
1852 1956 2024 2037 alligo
2081 1957 2199 2018 duo
2256 1958 2290 2018 l.
2374 1961 2436 2020 in
2500 1959 2593 2020 his
2649 1978 2767 2021 non
2825 1962 3017 2027 solum

327 2084 378 2123 ιε
407 2074 654 2147 propter
705 2066 1004 2128 levitatem
1059 2075 1456 2129 consonantes
1511 2073 1844 2145 mutantur,
1900 2064 2003 2125 sed
2052 2072 2112 2124 et
2165 2067 2303 2144 quia
2359 2065 2519 2126 nullo
2574 2065 2750 2126 modo
2806 2085 3018 2131 sonare

282 2219 303 2234 .
406 2173 444 2234 d
490 2173 686 2235 littera
730 2181 944 2254 potest.
1018 2182 1108 2236 est
1153 2174 1256 2236 ubi
1293 2182 1467 2236 sonet
1502 2181 1564 2236 et
1602 2172 1703 2234 ubi
1741 2171 2066 2254 scribatur,
2112 2189 2250 2232 cum
2296 2171 2325 2232 f
2365 2176 2714 2235 consonanti
2750 2174 3015 2256 adiungi-

408 2289 533 2355 tur,
570 2289 639 2342 ut
674 2281 867 2343 adfluo
905 2281 1066 2342 adsui
1102 2281 1409 2343 adlectus:
1446 2287 1507 2341 at
1546 2286 1752 2339 contra
1789 2277 1828 2338 b
1868 2295 1987 2338 non
2025 2286 2222 2359 sonat,
2260 2284 2330 2339 ut
2365 2279 2510 2339 oll'ui
2548 2280 2733 2341 offero
2763 2282 3015 2344 offendo.

405 2390 467 2448 in
505 2386 636 2449 aliis
670 2390 847 2449 etiam
884 2387 1349 2450 consonantibus
1394 2385 1553 2447 idem
1589 2385 1842 2464 patitur,
1889 2390 1953 2444 ut
2000 2401 2255 2462 suggero
2294 2402 2328 2441 *
2366 2384 2600 2445 ostendi
2637 2388 2794 2447 enim
2835 2406 3014 2469 supra

404 2494 694 2573 digamma
741 2497 1122 2556 consonantis
1168 2496 1285 2555 vim
1322 2491 1559 2554 habere.
1642 2498 1735 2552 est
1778 2489 1884 2551 ubi
1929 2488 1994 2570 b,
2041 2490 2198 2569 quod
2246 2491 2341 2549 vix
2388 2490 2672 2553 credibile
2719 2500 2838 2576 est,
2883 2496 2944 2555 in
2984 2515 3013 2557 s

322 2618 376 2656 20
406 2609 677 2680 cogatur,
726 2608 793 2662 ut
838 2604 1144 2681 suscipere
1182 2602 1481 2662 sustinere
1519 2596 1886 2678 suspendere
1925 2598 2242 2677 suscitare,
2289 2604 2350 2657 et
2397 2597 2553 2676 quod
2592 2601 2820 2679 antiqui
2856 2600 3015 2662 dixe-

404 2716 548 2769 runt
594 2707 930 2790 sustollere,
986 2727 1094 2770 nos
1148 2708 1471 2790 praeterito
1520 2702 1750 2766 sustuli.
1837 2704 1979 2763 item
2027 2722 2099 2764 ex
2155 2705 2517 2785 praepositio
2564 2705 2634 2767 ad
2682 2706 2711 2768 f
2758 2705 3013 2771 litteram

403 2815 719 2897 formatur,
780 2824 847 2876 ut
907 2816 1085 2877 effluo
1147 2815 1360 2877 effodio
1421 2814 1603 2874 effero
1664 2810 1889 2892 effici03
1948 2828 2060 2871 nec
2119 2813 2316 2873 minus
2375 2812 2436 2873 in
2496 2831 2525 2873 s
2581 2813 2895 2897 formatur,
2949 2824 3019 2878 ut

583 2995 612 3043 ’1
653 2988 1017 3043 Observanda
1051 2987 1348 3057 Papirion.
1387 2990 1520 3052 162,
1556 2989 1592 3039 9
1633 2981 1827 3038 Caecil.
1879 2981 2043 3037 Vind.
2080 2985 2235 3038 2318

584 3146 611 3194 1
651 3139 1041 3210 exstinguont,
1080 3140 1166 3193 est
1203 3136 1351 3192 enim
1389 3135 1462 3191 ab
1498 3151 1566 3190 ex
1603 3133 1661 3189 et
1697 3133 1942 3203 stinguO,
1979 3133 2038 3187 et
2074 3133 2146 3188 ob
2181 3134 2288 3187 hoc
2323 3132 2684 3204 exstinguont
2721 3135 2918 3191 Carrio

399 3219 472 3273 ab
511 3218 620 3275 hoc
655 3217 994 3288 extinguunt
1028 3217 1083 3272 A
1122 3216 1193 3272 ob
1232 3216 1338 3271 hoc
1375 3215 1672 3285 extingunt
1705 3214 1760 3269 Β
1796 3216 1870 3269 ab
1906 3213 2013 3269 hoc
2042 3214 2373 3284 extinguent
2411 3214 2458 3269 Ο
2578 3221 2610 3270 3
2648 3216 3016 3273 Interusllnm

398 3297 548 3354 enim
569 3315 669 3370 per
687 3298 796 3354 duo
813 3298 856 3353 ll
876 3297 1090 3353 uallum
1107 3295 1291 3367 ipsum
1314 3293 1361 3348 0
1427 3311 1537 3349 non
1557 3294 1725 3349 aliter
1742 3311 1843 3350 om.
1855 3294 1926 3362 B,
1948 3295 2073 3350 add.
2096 3294 2128 3350 b
2202 3300 2236 3348 4
2254 3293 2533 3350 interuals
2549 3296 2596 3349 C
2664 3300 2796 3352 sunt
2813 3314 2921 3354 ras.
2941 3301 3016 3371 B,

396 3375 456 3443 ἶῐ
478 3388 686 3455 Paris„
703 3386 817 3442 sint
833 3386 944 3442 AG
966 3392 1015 3442 et
1034 3386 1201 3442 codex
1218 3384 1518 3439 Ber-nensis
1534 3387 1648 3440 243
1748 3389 1780 3436 5
1800 3383 1889 3455 fit]
1912 3382 1987 3438 sit
2002 3382 2050 3438 0
2069 3449 2076 3454 .
2142 3398 2365 3451 quoque
2385 3382 2594 3455 spatia]
2615 3388 2724 3453 Τςε
2739 3387 2944 3455 paucis
2959 3391 3014 3444 A

509 3473 543 3522 6
578 3466 880 3523 intervalla
914 3483 1015 3523 om.
1052 3463 1234 3520 ABG
1386 3472 1415 3520 ’1
1456 3463 1542 3519 est
1575 3479 1675 3519 om.
1712 3463 1769 3516 Β
1926 3465 2029 3518 aut
2062 3462 2350 3518 vocabulis
2388 3461 2749 3521 Schneiderus
2782 3483 3015 3537 yramm.

398 3576 498 3630 lat.
540 3575 583 3627 Ι
607 3592 667 3644 p.
706 3578 843 3642 643,-
879 3591 916 3629 a
951 3572 1241 3627 uocalibus
1278 3570 1394 3625 AG
1424 3575 1475 3625 et
1510 3570 1676 3624 codex
1699 3569 2000 3625 Ber-nensis
2034 3574 2149 3626 243
2187 3545 2519 3624 a‘uocalibus
2552 3569 2608 3624 Β
2651 3586 2665 3598 ·
2752 3579 2785 3627 9
2821 3573 3015 3644 itaque

397 3670 512 3708 non
541 3670 807 3722 umquam
836 3653 1205 3709 consonantes
1247 3649 1295 3705 0
1398 3654 1464 3704 10
1502 3649 1798 3704 uerborum
1827 3666 1864 3705 a
1888 3651 2293 3706 uocabulorum
2327 3649 2447 3705 AG
2552 3656 2614 3706 11
2655 3655 2756 3708 aut
2783 3657 3017 3724 propter

396 3733 693 3788 leuitatem
736 3733 987 3802 aliquam
1023 3730 1249 3786 omnino
1286 3732 1340 3786 A
1388 3748 1424 3786 a
1456 3731 1686 3800 propter
1730 3728 2026 3785 leuitatem
2060 3747 2097 3785 a
2134 3738 2247 3801 qus.
2281 3728 2508 3787 omnino
2548 3730 2596 3785 G
2639 3749 2750 3807 que
2787 3736 3017 3804 propter

396 3811 694 3869 leuitatem
731 3828 953 3883 quoque
991 3811 1214 3867 omnino
1251 3811 1307 3866 Β
1343 3829 1487 3882 quae
1523 3812 1756 3882 propter
1791 3809 2082 3872 lenitatem
2122 3826 2341 3881 quoque
2379 3810 2604 3866 omnino
2644 3827 2679 3870 s·
2847 3829 3040 3868 enun-’

397 3892 543 3948 tisre
580 3909 748 3962 saepe
786 3890 976 3946 littera.
1010 3890 1128 3946 Ao
1304 3897 1370 3946 12
1409 3892 1630 3961 quando
1669 3893 1862 3946 autem
1899 3891 2000 3946 fiat
2036 3907 2173 3945 sono
2209 3891 2645 3947 internoscemus
2680 3893 2736 3947 A
2915 3894 3016 3948 fiat

395 3979 652 4043 excerpta
686 3973 992 4043 Papiriam
1113 3974 1338 4043 quando
1375 3974 1509 4044 non]
1550 3989 1700 4043 quan
1735 3988 1850 4028 non
1890 3971 1938 4027 0
2071 3978 2136 4026 13
2173 3972 2602 4028 internoscimus
2642 3974 2688 4030 0
2817 3982 2882 4030 14
2919 3992 3014 4046 sp-

395 4071 537 4125 paro
564 4054 620 4107 A
721 4058 786 4108 15
814 4052 1109 4107 mutantur
1135 4052 1233 4107 sed
1260 4055 1320 4107 et
1346 4052 1480 4121 quia
1497 4051 1552 4105 Β
1580 4051 1802 4105 mutant
1829 4049 1927 4105 sed
1955 4056 1986 4105 ὃ
2015 4050 2166 4119 quod
2194 4051 2321 4107 AO.
2349 4054 2548 4107 rectius
2576 4058 2695 4109 erat
2714 4056 2934 4109 mutant
2959 4054 3013 4122 d,

397 4135 498 4190 sed
537 4136 595 4190 et
629 4133 761 4203 quia
922 4138 987 4187 16
1026 4134 1111 4188 est
1144 4150 1244 4189 om.
1283 4132 1472 4188 ABG.
1528 4131 1610 4187 ibi
1647 4132 1812 4185 sonat
1846 4132 1906 4184 et
1939 4129 2019 4184 ibi
2055 4129 2318 4185 scribitur
2353 4148 2386 4190 ς
2538 4135 2879 4189 consonante
2915 4133 3011 4188 ad-

396 4215 650 4285 iungitur
685 4213 871 4269 adfluo
909 4213 963 4266 A
1013 4215 1339 4270 consonanti
1390 4211 1652 4282 adiungit
1686 4210 1870 4265 adfluo
1910 4209 1957 4264 0
2098 4216 2162 4265 17
2202 4211 2286 4283 at]
2323 4216 2390 4267 ut
2423 4212 2502 4284 Β,
2540 4228 2641 4271 om.
2678 4212 2799 4267 AG
2945 4217 3010 4267 ut

396 4300 529 4351 ante
565 4292 699 4350 offui
732 4309 835 4348 om.
875 4292 1058 4348 ABG
1176 4296 1309 4352 effni
1347 4296 1514 4352 effero
1553 4293 1600 4348 Ο
1733 4297 1800 4346 18
1838 4289 2037 4361 etiam]
2077 4289 2225 4345 enim
2261 4292 2316 4345 A
2334 4290 2384 4347 0
2508 4295 2575 4349 ut
2610 4297 2736 4347 ante
2772 4308 3013 4361 suggero

396 4391 501 4430 om.
542 4373 590 4428 0
725 4374 1011 4442 lacunam,
1058 4392 1169 4444 qua
1213 4378 1476 4432 suvverto
1521 4374 1605 4429 vel
1648 4372 1824 4427 simile
1867 4370 2087 4425 verbum
2133 4373 2444 4441 excidisset,
2487 4374 2754 4429 indicavit
2789 4371 3011 4426 Schnei-

396 4455 563 4509 der-us
596 4455 632 4508 1.
660 4470 730 4510 c.:
770 4453 840 4521 cf.
872 4454 1028 4509 Mar.
1070 4454 1269 4511 Victor.
1301 4473 1362 4526 p.
1391 4460 1481 4520 19,
1508 4458 1544 4508 4
1695 4451 1889 4522 supra]
1917 4466 1980 4520 p.
2010 4455 2136 4519 148,
2166 4457 2201 4506 5
2357 4459 2422 4507 19
2460 4451 2800 4523 digammam
2837 4452 3017 4508 ABG

508 4534 658 4603 quod
693 4534 791 4589 uix
828 4533 1096 4589 credibile
1135 4536 1221 4589 est
1255 4550 1289 4593 ς
1327 4534 1461 4606 quia.
1496 4532 1593 4587 uix
1629 4531 1897 4588 credibile
1933 4533 2022 4586 est
2054 4531 2111 4584 Β
2164 4531 2423 4600 quamuis
2460 4532 2725 4588 credibile
2763 4534 2850 4587 est
2884 4533 3008 4602 AC,

400 4613 659 4683 quamuis
684 4612 1015 4669 incredibile
1042 4613 1127 4668 est
1157 4614 1353 4670 Carrio
1464 4622 1531 4671 20
1561 4616 1619 4670 et
1644 4612 1780 4683 quia
1806 4610 2025 4680 antiqui
2049 4612 2106 4665 Β
2215 4618 2281 4667 21
2311 4612 2616 4682 praeterito
2645 4611 2866 4666 sustulli
2892 4611 2948 4665 A
2968 4612 3015 4666 0

509 4699 576 4747 22
619 4694 894 4749 formatur
932 4694 1122 4763 priore
1167 4695 1280 4750 loeo
1324 4711 1424 4751 om.
1469 4696 1526 4750 Β
1706 4691 1909 4748 effodio
1947 4708 2047 4747 om.
2090 4690 2138 4746 0
2308 4708 2412 4747 nec
2457 4691 2640 4747 minus
2676 4689 3012 4747 informatur

402 4772 636 4828 escendo
670 4773 725 4828 Β
742 4773 792 4828 G
832 4789 937 4828 nec
982 4774 1167 4828 minus
1210 4773 1545 4830 informatur
1581 4771 1817 4829 excindo
1855 4771 1926 4828 A.
1975 4771 2308 4828 informatur
2346 4771 2406 4827 ἰζ
2444 4789 2488 4829 e.
2523 4771 2878 4827 immutatur-⁹
2920 4773 3008 4828 de·

401 4853 580 4920 sentiit
614 4853 977 4908 Schneiderus
1011 4869 1236 4923 yramm.
1275 4854 1369 4909 lat.
1408 4856 1452 4908 I
1479 4872 1539 4925 p.
1577 4857 1712 4920 644,
1749 4852 1821 4920 cf.
1857 4853 1930 4908 ib.
1959 4869 2024 4922 p.
2061 4857 2171 4908 553
