3613 5528
632 434 762 499 536
1459 434 1730 491 FRAGM.
1766 434 1998 491 PARIS.
2040 435 2134 490 DE
2173 434 2393 491 NOTIS

631 546 675 584 p.
705 536 796 576 ιω.
825 536 901 574 141
931 534 987 574 Β.

820 628 895 693 ε
930 639 1133 681 aversa
1189 620 1549 682 obelismene
1595 617 1643 699 †
1687 623 1746 681 in
1803 640 1909 682 ore
1964 624 2232 702 ponitur,
2298 640 2447 702 quae
2504 622 2576 683 ad
2631 622 2849 701 aliquid
2908 623 3241 702 respiciunt

634 737 699 790 ut
745 723 1001 789 ‘nosne
1048 727 1189 790 tibi
1236 728 1470 790 fluxas
1514 724 1916 809 Phrygiae'.

807 858 896 885 -·-
940 835 1147 898 obelus
1194 854 1330 897 cum
1377 845 1600 916 puncto
1647 836 1717 897 ad
1759 855 1828 897 ea
1864 836 1937 897 de
1977 836 2194 917 quibus
2233 837 2538 899 dubitatur
2574 836 2700 899 tolli
2738 836 2992 898 debeant
3028 855 3237 898 necne.

809 951 971 1013 >—
1004 943 1161 1024 diple
1192 942 1553 1005 obelismene
1584 943 1654 1004 ad
1685 943 2042 1024 separandas
2071 947 2132 1005 in
2153 944 2473 1005 comoediis
2503 954 2563 1006 et
2590 944 2912 1024 tragoediis
2940 942 3237 1025 periodos.

821 1056 984 1121 —-<
1011 1053 1215 1113 obelus
1262 1069 1401 1112 cum
1450 1069 1680 1131 aversa,
1727 1053 2003 1130 quotiens
2051 1053 2268 1113 strosae
2317 1053 2665 1114 antistrofos
2713 1052 2982 1112 insertur.
3298 1067 3326 1104 5

810 1137 883 1227 Ξ
918 1157 1073 1239 diple
1113 1178 1370 1240 superne
1410 1157 1636 1219 obelata
1673 1159 1917 1238 ponitur
1946 1157 2016 1218 ad
2047 1159 2453 1220 condicionem
2483 1158 2749 1220 locorum
2778 1157 2870 1219 vel
2899 1167 3237 1240 temporum

633 1265 723 1325 vel
770 1281 1158 1345 personarum
1206 1275 1504 1329 mutatam.

807 1351 881 1443 Ξ
917 1353 989 1443 -<“
1032 1382 1194 1435 recta
1239 1381 1300 1435 et
1344 1391 1547 1434 aversa
1595 1392 1853 1454 superne
1901 1372 2165 1435 obelatae
2218 1384 2523 1455 ponuntur
2569 1365 2707 1436 cum
2743 1374 2948 1435 eadem
2986 1393 3019 1430 *
3058 1375 3238 1453 signi-

632 1479 810 1539 ficant
856 1480 1225 1560 similemque
1272 1489 1622 1560 sequentem
1670 1500 1820 1542 esse.
1862 1476 1872 1563 Ι

815 1575 888 1651 >''<
940 1588 1034 1648 chi
1081 1597 1141 1649 et
1187 1606 1272 1649 ro.
1363 1587 1508 1649 haec
1554 1587 1678 1649 sola
1724 1606 1795 1648 ex
1844 1587 2142 1650 voluntate
2190 1592 2367 1651 unius
2414 1590 2704 1667 cuiusque
2752 1587 2824 1649 ad
2872 1587 3091 1667 aliquid
3138 1586 3238 1648 ad·
3271 1605 3326 1643 10

632 1692 956 1755 notandum
1001 1697 1261 1775 ponitur.

810 1805 851 1888 ,Β
906 1801 941 1861 fi
1005 1809 1064 1863 et
1127 1820 1213 1864 ro.
1314 1803 1460 1863 haec
1515 1812 1924 1883 apponuntur,
1989 1804 2266 1882 quotiens
2321 1800 2411 1862 vel
2470 1800 2802 1863 emendatio
2868 1801 2958 1861 vel
3025 1819 3240 1862 sensus

634 1905 944 1968 sollicitius
991 1916 1083 1968 est
1126 1909 1550 1989 inspiciendus,

797 1990 1085 2097 Tancora
1133 2017 1407 2095 superior
1455 2015 1526 2076 ad
1575 2015 1811 2095 aliquod
1859 2018 2175 2096 praecipue
2223 2014 2464 2076 dictum.

800 2113 1088 2219 Lancora
1133 2122 1382 2182 inferior
1426 2121 1496 2182 ad
1547 2121 1827 2184 humilius
1875 2122 1964 2184 vel
2010 2124 2524 2183 inconvenientius
2571 2122 2710 2202 quid
2759 2125 3147 2184 enuntiatum.
3273 2142 3326 2182 ιε

1523 2330 1825 2398 NOTAE
1876 2330 2328 2399 SIMPLICE'S

816 2488 888 2547 >
944 2476 1035 2538 bis
1081 2476 1323 2538 dictum.
1400 2483 1453 2544 Ξ)
1493 2476 1720 2540 alienus
1767 2498 1993 2541 versus,
2069 2480 2110 2542 Ρ
2156 2480 2489 2541 metastasis
2534 2479 2729 2542 latina.
2808 2481 2872 2541 Φ
2907 2481 3241 2542 metastasis

633 2602 859 2664 graeca.
943 2582 1008 2646 Μ
1057 2584 1275 2646 malum
1322 2591 1579 2645 metrum
1627 2595 1729 2646 aut
1784 2604 2052 2667 aprepeS.
2136 2587 2211 2649 H
2262 2595 2467 2648 contra
2524 2587 2847 2649 historiam.
2930 2588 2988 2649 Θ
3032 2606 3241 2668 super·

633 2708 869 2752 vacuus.
934 2714 1022 2742 -·-
1050 2709 1405 2773 repugnans
1475 2689 1616 2769 i-i-:x-
1649 2701 1812 2754 recte
1850 2696 2080 2774 positus
2119 2702 2180 2754 et
2214 2695 2501 2774 pugnanti
2529 2697 2881 2756 contrarius,
2956 2727 3039 2737 --
3070 2712 3238 2776 prae-

632 2801 893 2878 positum
940 2801 1067 2860 sine
1115 2807 1535 2878 consequente.
1626 2821 1714 2851 4
1753 2820 2127 2881 consequens
2173 2804 2300 2863 sine
2348 2805 2701 2883 praeposito.
2784 2809 2858 2872 >
2905 2802 3133 2864 alienus
3181 2811 3244 2863 et
3272 2823 3329 2862 so

634 2924 1051 2985 supervacuus.
1149 2886 1288 2980 ab]
1323 2888 1472 2979 δῖ
1524 2924 1733 2985 graeca
1768 2909 2123 2971 anetairasis
2189 2917 2251 2969 et
2318 2908 2409 2970 bis
2471 2909 2693 2971 dictum
2758 2920 2819 2970 et
2885 2908 3242 2990 repugnans.

640 3012 771 3072 ΦΡ
810 3030 1020 3092 graeca
1067 3013 1398 3074 metasrasis
1445 3020 1506 3073 et
1551 3030 1907 3093 repugnans,
2003 3013 2125 3076 ΦΡ
2178 3016 2513 3077 metastasis
2558 3034 2768 3097 graeca
2816 3026 2878 3078 et
2922 3015 3115 3080 latina.

1569 3118 1633 3181 F.
1680 3119 1755 3181 de
1801 3123 1961 3182 notis
2005 3121 2316 3183 Probianis

812 3292 995 3348 Codex
1034 3291 1334 3347 Parisinus
1403 3297 1437 3347 2
1472 3292 1668 3362 nosne]
1709 3294 1905 3348 noste.
2077 3293 2256 3367 frygie
2427 3300 2461 3348 4
2499 3293 2805 3365 traguediis
2976 3300 3007 3349 5
3046 3295 3242 3350 obelus

634 3388 759 3425 cum
790 3388 888 3427 om.
1026 3371 1196 3427 strofe
1334 3377 1400 3426 10
1420 3389 1487 3427 ex
1516 3372 1830 3443 voluntate]
1860 3372 1953 3427 uix
1982 3374 2053 3429 ad
2083 3372 2431 3429 uoluntatem
2563 3382 2628 3430 12
2657 3375 2874 3446 sensus]
2904 3373 3022 3430 eius
3049 3393 3244 3432 uersus

707 3458 775 3506 14
812 3453 1319 3522 machot-astroque
1355 3455 1470 3508 loco
1616 3458 1681 3508 18
1719 3469 1955 3525 sprepes
2112 3460 2177 3509 19
2214 3453 2562 3524 propositum
2604 3455 2722 3510 sine
2760 3456 3134 3525 consequente

635 3536 704 3586 23
739 3531 798 3586 F.
837 3532 906 3587 de
943 3533 1092 3588 notis
1129 3532 1411 3603 probianis
1447 3532 1638 3588 EXPL
1695 3530 1912 3607 NOTFJ.

816 3700 841 3747 1
909 3711 1106 3749 averes
1168 3711 1296 3748 eum
1359 3692 1521 3748 obelo
1583 3692 1657 3748 ad
1712 3709 1779 3748 es.
1842 3692 2095 3763 ponitur,
2159 3710 2303 3763 quae
2366 3693 2439 3749 sd
2501 3694 2721 3766 aliquid
2782 3693 3114 3765 respiciunt,
3178 3699 3245 3752 ut

639 3773 833 3829 ‘nosne
889 3773 995 3829 tibi
1048 3774 1223 3829 fluxas
1278 3773 1554 3843 Phrygiae
1609 3791 1698 3829 res
1754 3774 2002 3829 vertere’
2070 3789 2179 3843 sqq.
2241 3775 2499 3829 Isidorus
2564 3775 2699 3845 θήρ.
2758 3777 2802 3829 Ι
2858 3780 3030 3842 ,2048

635 3850 694 3904 in
731 3867 831 3907 ors
865 3853 1093 3923 ponitur
1133 3852 1416 3920 Osarmus,
1462 3851 1522 3907 in
1567 3853 1648 3908 eis
1694 3853 1922 3923 ponitur
1956 3853 2179 3908 Riesius
2224 3856 2413 3910 annal.
2457 3855 2651 3924 philol.
2699 3872 2750 3910 a.
2790 3860 2940 3910 1866
2967 3872 3028 3925 p.
3074 3858 3189 3910 472
3229 3897 3243 3911 .

634 3935 866 4001 fortasse
919 3934 1008 3989 his
1067 3931 1368 4004 apponitur
1547 3938 1579 3986 2
1634 3933 1834 4006 nosne]
1903 3934 2057 4003 Ver-9.
2113 3934 2250 3989 Aen.
2314 3934 2377 3989 X
2428 3940 2506 3990 88
2685 3939 2718 3988 5
2769 3950 2968 3990 aversa
3019 3933 3245 4000 (obolis-

636 4030 796 4069 mene
843 4016 969 4070 add.
1019 4015 1132 4069 cod.
1172 4012 1351 4081 Para),
1399 4013 1657 4082 quotiens
1704 4015 1933 4085 strophe
1980 4016 2038 4070 et
2081 4015 2461 4084 antistrophos
2506 4013 2742 4070 infertur
2792 4014 3050 4069 Isidorus
3102 4015 3244 4083 oriq.

638 4095 682 4147 I
730 4100 919 4163 20,17
1108 4100 1141 4149 8
1206 4095 1362 4147 recta
1424 4096 1483 4147 et
1548 4110 1747 4149 aversa.
1819 4111 2055 4164 superne
2128 4093 2356 4148 obelata
2426 4095 2654 4163 ponitur
2727 4093 2887 4149 finita.
2949 4092 3072 4148 loco
3141 4111 3243 4148 suo

640 4174 880 4229 monade
917 4173 1308 4245 significatque
1344 4171 1583 4228 similem
1623 4176 1948 4244 sequentem
1986 4190 2207 4243 qnoque
2243 4190 2361 4229 esse
2400 4173 2658 4228 Isidorus
2693 4174 2830 4243 oriq.
2869 4172 2913 4226 Ι
2941 4177 3117 4239 2030

637 4255 842 4309 lacuna
889 4273 1055 4325 quam
1100 4254 1346 4309 indicavi
1390 4255 1454 4308 in
1488 4254 1633 4308 hunc
1667 4255 1779 4321 fere
1814 4255 2029 4309 modum
2066 4255 2313 4323 suppleri
2339 4258 2543 4322 potest,
2599 4269 2724 4307 cum
2770 4252 2966 4308 eadem
3013 4252 3243 4322 strophe

638 4335 860 4406 saepius
897 4333 1195 4405 repetitur,
1244 4337 1302 4388 et
1339 4333 1658 4405 significant
1694 4333 1934 4389 similem
1972 4349 2195 4403 quoque
2232 4334 2557 4402 sequentem
2586 4349 2706 4388 esse
2743 4375 2755 4388 .
2794 4348 2926 4387 nam
2960 4333 3025 4386 in
3058 4348 3244 4386 mono·

635 4416 925 4484 strophieis
961 4414 1299 4469 carminibus
1334 4429 1426 4468 eas
1460 4419 1620 4469 notas
1646 4414 1862 4483 positas
1897 4429 2004 4467 esse
2032 4413 2248 4467 Isidori
2275 4414 2519 4480 definitio
2545 4414 2694 4468 docet
2839 4418 2906 4466 10
2942 4412 3082 4466 haec
3120 4411 3246 4467 sola

638 4513 705 4552 ex
743 4495 1033 4550 voluntate
1081 4492 1209 4563 (hoc
1245 4509 1276 4548 e
1314 4492 1436 4547 sola.
1471 4508 1539 4547 ex
1585 4493 1875 4550 uoluntate
1920 4495 2034 4549 cod.
2079 4493 2241 4562 Par.)
2284 4492 2715 4563 uniuscuiusque
2763 4492 2835 4547 ad
2881 4489 3098 4560 aliquid
3144 4508 3244 4545 no·

636 4575 872 4629 tandum
898 4573 1124 4644 ponitur
1153 4573 1409 4627 Isidorus
1444 4574 1579 4643 oriy.
1613 4574 1657 4626 I
1679 4578 1859 4638 2022
2004 4575 2143 4628 haec
2178 4571 2297 4627 sola
2333 4588 2399 4626 ex
2435 4570 2728 4627 voluntate
2764 4571 3245 4639 Reiffmeheidius

637 4670 704 4707 ea:
755 4654 974 4708 Isidoro
1012 4692 1024 4707 .
1060 4654 1293 4720 sortasse
1338 4652 1479 4708 haec
1528 4670 1596 4708 ex
1641 4653 1761 4709 sola
1806 4652 2097 4708 voluntate
2141 4657 2369 4721 utroque
2404 4652 2518 4706 loco
2664 4657 2728 4706 12
2763 4650 2855 4706 vel
2892 4667 3083 4705 sensus
3119 4650 3243 4706 eius

637 4748 826 4787 versus
873 4731 1166 4789 sollicitius
1211 4732 1713 4801 Reifferscheidius‚
1769 4733 1862 4787 vel
1907 4750 2099 4788 sensus
2145 4749 2336 4787 versus
2383 4730 2677 4786 sollicitius
2720 4730 2994 4800 Berykius
3048 4730 3242 4785 annal.

633 4813 823 4880 philol.
863 4829 915 4867 a.
953 4817 1097 4868 1871
1127 4830 1190 4882 p.
1228 4817 1337 4867 319
1485 4819 1549 4868 19
1588 4811 1970 4883 praepositum
2008 4812 2126 4869 sine
2164 4812 2525 4881 consequenti
2566 4810 2823 4866 Osannus
