3613 5528
565 386 654 452 56
1644 385 1845 440 VELII
1883 383 2111 440 LONGI

565 500 609 535 p.
641 489 759 545 2²29·
788 489 839 527 ει
868 486 917 525 P.

569 580 740 654 runt,
796 570 892 632 alii
939 570 1202 631 contenti
1249 569 1494 629 fuerunt
1547 568 1687 630 huic
1733 569 2112 650 productioni
2161 572 2180 631 i
2223 568 2458 650 longam
2515 580 2617 632 aut
2669 580 2867 633 notam
2926 570 3176 635 dedisse.

568 679 666 739 alii
711 696 878 757 vero,
924 693 1178 755 quorum
1227 683 1319 736 est
1363 678 1505 736 item
1553 675 1847 758 Lucilius,
1892 679 2051 738 varie
2101 664 2610 760 scriptitaverunt,
2656 677 2950 758 siquidem
2997 680 3058 738 in
3103 680 3178 739 iis

570 803 719 864 quae
764 782 1242 865 producerentur
1286 782 1394 842 alia
1449 801 1559 863 per
1606 785 1627 843 i
1681 783 1942 864 longam,
1997 783 2106 843 alia
2162 802 2270 863 per
2317 801 2348 842 e
2398 791 2459 843 et
2505 786 2522 842 i
2580 791 2961 864 notaverunt,
3017 783 3178 844 velut

571 892 902 953 differentia
951 887 1240 969 quaedam
1286 896 1647 969 separanteS,
1694 896 1761 950 ut
1806 907 1942 949 cum
1990 887 2324 949 diceremus
2372 883 2568 971 ‘vin-i',
2614 891 2664 948 si
2711 896 2912 950 essent
2954 888 3178 970 plures,

565 1017 673 1079 per
721 1017 752 1057 e
801 1006 860 1058 et
896 998 916 1057 i
962 994 1380 1076 scriberemus»,
1428 997 1478 1055 si
1525 1013 1665 1081 vero
1713 1002 1875 1056 esset
1920 997 2096 1057 unius
2145 996 2272 1076 viri,
2316 1014 2425 1075 per
2464 997 2483 1055 i
2523 1003 2890 1063 notaremus
2965 1003 3026 1057 et
3060 994 3175 1055 Lu·
3205 1010 3231 1049 5

568 1104 742 1166 cilius
786 1106 849 1165 in
896 1121 1054 1164 nono

887 1205 1056 1270 ‘iam
1102 1211 1357 1289 puerei
1403 1205 1721 1292 venere',
1766 1228 1798 1269 e
1847 1218 2287 1289 postremum
2335 1208 2557 1269 facito
2606 1216 2817 1288 atque
2865 1211 2912 1289 i,

888 1323 963 1377 ut
1002 1319 1273 1392 puerei
1313 1315 1563 1395 plures
1611 1316 1813 1377 fiant.
1906 1317 1925 1374 i
1972 1317 2030 1376 si
2077 1315 2256 1376 facis
2303 1315 2557 1396 solum,

886 1421 1176 1504 pupilli,
1223 1425 1430 1502 pueri
1477 1420 1597 1500 [et]
1648 1421 1911 1505 Lucili,
1957 1421 2089 1483 hoc
2134 1424 2351 1483 unius
2398 1422 2553 1482 fiet:

569 1533 711 1591 item
3207 1543 3258 1582 10

893 1631 1056 1696 ‘hoc
1102 1634 1212 1696 illi
1260 1636 1525 1696 factum
1573 1643 1682 1695 est
1729 1630 1901 1715 uni',
1950 1642 2162 1696 tenue
2210 1634 2340 1695 hoc
2387 1634 2612 1695 facies
2658 1637 2705 1694 i:

902 1737 1105 1802 ‘haec
1152 1740 1305 1802 illei
1354 1736 1649 1821 fecere',
1696 1740 1869 1801 add‘e
1917 1760 1978 1825 e,
2024 1750 2099 1803 ut
2146 1744 2488 1822 pinguius
2535 1741 2682 1801 siat.
2734 1732 2743 1823 Ι

571 1848 845 1927 idemque
903 1847 1054 1927 peila
1111 1846 1330 1927 quibus
1390 1846 1605 1908 milites
1663 1856 1916 1909 utuntur
1969 1868 2079 1928 per
2127 1867 2158 1908 e
2206 1856 2267 1909 et
2310 1850 2332 1907 i
2379 1846 2691 1908 scribenda
2746 1849 3066 1927 existimat,
3122 1854 3183 1906 at

569 1955 745 2035 pilam
794 1974 908 2035 qua
954 1956 1213 2034 pinsitur
1259 1972 1368 2033 per
1413 1956 1451 2014 i.
1543 1953 1655 2014 hoc
1704 1953 1848 2014 mihi
1903 1954 2138 2016 videtur
2193 1972 2662 2034 supervacaneae
2719 1971 2851 2015 esse
2907 1951 3179 2012 observa-

570 2063 764 2122 tionis.
857 2079 991 2122 nam
1040 2065 1090 2122 si
1136 2063 1376 2122 omnino
1430 2062 1492 2120 in
1551 2059 1866 2122 scribendo
1924 2060 2313 2122 discernenda
2372 2079 2618 2121 casuum
2673 2076 3180 2137 numerorumque
3213 2075 3264 2114 ιε»

571 2166 921 2246 ambiguitas
969 2175 1078 2245 est,
1125 2166 1265 2246 quid
1313 2169 1598 2228 faciemus
1635 2169 1697 2227 in
1735 2166 1828 2228 his
1877 2166 2215 2229 nominibus
2262 2185 2517 2246 quorum
2566 2169 2810 2247 scriptio
2859 2165 3180 2225 discrimen

574 2292 693 2334 non
741 2273 1020 2356 admittit,
1076 2282 1143 2334 ut
1189 2274 1365 2334 aedes
1422 2273 1594 2334 sedes
1640 2273 1869 2354 -nubeS,
1928 2289 2062 2334 cum
2111 2282 2170 2336 et
2217 2293 2332 2335 una
2380 2281 2440 2334 et
2484 2272 2688 2352 plures
2743 2272 2951 2334 eodem
3008 2272 3182 2332 modo

576 2381 848 2442 dicantur
896 2388 957 2441 et
1004 2379 1387 2443 scribantur?
1471 2380 1612 2461 quid
1663 2398 1808 2441 cum·
1847 2380 2097 2442 dicimus
2144 2391 2348 2461 gestus
2395 2380 2612 2441 fluctus
2657 2387 2893 2459 portuS,
2941 2397 3075 2440 cum
3123 2386 3186 2440 et

578 2490 889 2566 genetivus
928 2486 1240 2566 singularis
1271 2496 1332 2548 et
1360 2490 1754 2555 nominativus
1783 2495 1844 2548 et
1872 2489 2243 2548 accusativus
2271 2496 2330 2548 et
2359 2490 2658 2548 vocativus
2690 2486 2936 2565 pluralis
2973 2483 3183 2546 eodem

578 2592 751 2654 modo
809 2590 1190 2663 scribantur?
1281 2593 1423 2673 quid
1480 2594 1735 2673 denique
1792 2596 1853 2654 in
1912 2597 1983 2654 iis
2039 2612 2188 2673 quae
2247 2593 2688 2673 ambiguitatem
2748 2592 2968 2653 habent
3025 2594 3265 2651 interm

576 2702 812 2761 nomina
860 2708 918 2759 et
966 2697 1161 2782 verba,
1210 2708 1277 2759 ut
1322 2709 1483 2761 rotas
1530 2697 1727 2761 seras?
1803 2718 1936 2760 nam
1985 2708 2104 2760 tam
2150 2699 2258 2761 hae
2305 2709 2469 2762 rotae
2513 2710 2673 2761 rotas
2721 2701 2960 2781 faciunt,
2999 2691 3184 2778 huam

755 2899 937 2954 Codex
973 2898 1270 2953 Parrhasii
1343 2906 1373 2953 5
1412 2898 1601 2971 unius]
1640 2917 1783 2954 unus
1930 2904 1960 2953 'l
1997 2898 2110 2953 iam
2147 2899 2346 2969 puerbi
2383 2916 2585 2954 uenere
2623 2902 2683 2954 et
2717 2901 3059 2970 postremum
3107 2951 3112 2960 ,

575 2986 606 3034 8
644 2982 710 3034 ut
745 2979 932 3049 plures
968 2977 1183 3033 faciant
1217 2979 1239 3032 i
1276 2979 1322 3033 si
1359 2979 1499 3034 facis
1663 2986 1694 3034 9
1734 2979 1896 3050 pueri
1932 2982 1990 3034 et
2026 2979 2230 3034 Lucilli
2299 2989 2304 2994 ⁴
2375 2985 2440 3034 12
2480 2979 2618 3033 haec
2654 2978 2752 3033 ille
2790 2977 2973 3032 facere
3010 2976 3183 3031 addes

573 3077 602 3113 e
641 3060 706 3113 ut
740 3057 1002 3129 pinguius
1038 3056 1178 3113 facit
1350 3065 1415 3113 13
1464 3061 1525 3113 at
1560 3060 1679 3129 pila.
1713 3059 1774 3113 in
1813 3076 1924 3128 qua.
1959 3059 2212 3128 pinsetur
2375 3065 2440 3114 15
2479 3069 3102 3127 casuumerrorumque
3141 3059 3189 3114 C

572 3156 709 3194 corr.
742 3155 968 3193 casuum
998 3154 1462 3207 numerorumque
1491 3155 1520 3192 c
1643 3144 1705 3192 17
1737 3155 1849 3192 non
1873 3138 2197 3193 admittitur
2223 3142 2289 3194 ut
2314 3140 2575 3195 dessedes
2602 3139 2781 3194 nubes
2892 3145 2959 3192 19
2989 3139 3184 3193 eodem

572 3219 738 3276 modo
775 3218 1157 3289 describantur
1195 3219 1262 3272 C:
1301 3217 1370 3272 de
1407 3218 1679 3285 expunxit
1716 3233 1745 3271 c
1889 3224 1954 3271 21
1995 3222 2054 3272 et
2089 3219 2262 3274 uerba
2296 3222 2451 3274 rotas
2486 3218 2635 3273 feras
2675 3218 2732 3272 et
2768 3216 2850 3271 fer
2885 3216 3063 3272 ferras
3101 3218 3184 3272 sic

573 3316 676 3352 nec
713 3298 879 3353 aliter
914 3299 1195 3354 scribitur:
1235 3317 1392 3353 amor
1422 3299 1468 3351 C
1494 3315 1629 3352 corr.
1670 3300 1727 3351 et
1764 3298 1937 3352 uerba
1973 3302 2124 3354 rotas
2163 3302 2308 3354 seras
2349 3299 2495 3354 Nam
2527 3314 2654 3352 cum
2692 3297 2799 3353 hae
2835 3299 2990 3353 rotae
3028 3300 3183 3352 rotas

574 3378 788 3432 faciant
824 3394 992 3446 quam
1030 3381 1153 3431 roto
1191 3381 1341 3432 rotas
1379 3379 1532 3431 rotat
1568 3379 1625 3430 et
1659 3377 1778 3432 fero
1817 3377 1991 3432 ferras
2022 3380 2082 3433 et
2115 3379 2233 3433 fera
2267 3379 2416 3436 feras
2446 3379 2526 3435 sic
2554 3395 2657 3433 nec
2696 3377 2863 3432 aliter
2899 3376 3182 3432 scribitur:

574 3473 731 3512 amor
766 3472 796 3510 c
830 3457 1007 3511 verbis
1042 3473 1181 3525 quae
1215 3458 1280 3512 in
1306 3459 1497 3526 prima
1531 3459 1812 3526 scriptura
1847 3459 2241 3544 omissalerant
2275 3461 2340 3514 in
2375 3460 2621 3529 maryine
2658 3458 2866 3513 additis

751 3648 777 3696 1
837 3643 858 3696 i
905 3647 1033 3711 post
1078 3642 1432 3711 productioni
1482 3646 1735 3699 omiserat
1781 3645 2073 3699 Putschius
2255 3651 2286 3699 2
2335 3646 2474 3701 item
2521 3645 2739 3700 seclusit
2774 3644 2841 3698 L.
2883 3643 3187 3698 Muellerus

569 3723 751 3777 Lucil.
788 3729 890 3779 sat.
931 3724 1022 3777 rel.
1056 3739 1117 3790 p.
1155 3728 1242 3778 45.
1289 3725 1520 3789 fortasse
1556 3724 1727 3779 etiam
1909 3731 1941 3778 3
1987 3743 2087 3794 per
2124 3726 2145 3780 i
2183 3726 2363 3781 solam
2409 3726 2637 3781 coniecit
2671 3723 3003 3778 Bitschelius
3049 3739 3186 3777 mus.

567 3803 741 3857 Rhen.
780 3820 826 3856 v.
870 3802 1037 3856 XIV
1065 3807 1143 3869 (a.
1180 3808 1353 3871 1859)
1382 3821 1440 3872 p.
1481 3810 1607 3872 316,
1655 3822 1724 3859 ne
1767 3806 1792 3860 i
1837 3807 2002 3875 lonqa
2047 3808 2224 3861 tribui
2267 3808 2542 3861 videretur
2577 3805 2798 3859 Lucilio
2956 3803 3186 3858 notave-

565 3885 697 3937 runt
745 3882 1012 3937 videlicet
1062 3887 1124 3938 ut
1178 3883 1495 3938 differentia
1547 3885 1786 3954 quadam
1843 3890 2167 3955 separantes
2219 3886 2299 3955 R,
2361 3887 2460 3940 ubi
2513 3886 2837 3954 separarent
2887 3886 3187 3939 coniecerat

568 3962 902 4016 Bitschelius
1046 3970 1077 4018 5
1116 3982 1273 4032 unus,
1314 3962 1418 4018 viri
1454 3964 1602 4034 peri
1637 3964 1710 4032 R,
1748 3984 1890 4020 unus
1931 3965 2083 4038 [viri]
2123 3965 2272 4036 peri
2308 3965 2656 4030 Bitscheliu's,
2694 3961 2857 4017 unius
2893 3963 3000 4018 viri
3037 3965 3184 4034 peri

572 4044 877 4098 Muellerus
913 4047 963 4097 et
997 4042 1391 4098 Lachmannus
1426 4043 1606 4098 Lucil.
1646 4051 1747 4099 sat.
1777 4063 1841 4115 p.
1879 4051 1950 4100 35
2104 4047 2169 4100 ut
2203 4044 2452 4099 Lucilius
2491 4045 2795 4098 Muellerus
2937 4043 3186 4098 Lucilius

563 4124 624 4178 in
659 4122 831 4193 nono]
871 4123 938 4189 cf.
982 4123 1212 4192 Quintil.
1254 4123 1297 4175 I
1332 4128 1382 4189 7,
1419 4128 1507 4177 15.
1548 4119 1759 4178 Charis,
1790 4142 1852 4193 p.
1893 4130 2051 4190 79,⁴1
2199 4132 2231 4180 8
2283 4127 2345 4179 ut
2396 4124 2582 4193 plures
2622 4123 2856 4178 faciant:
2905 4123 2926 4176 i
2964 4122 3013 4178 si
3048 4123 3187 4177 facis

563 4205 745 4259 solum
772 4203 978 4273 pupilli
1004 4202 1165 4274 pueri
1192 4202 1301 4257 huc
1331 4201 1493 4256 unius
1523 4202 1619 4256 fiet
1645 4203 1701 4256 R
1716 4225 1728 4256 ε
1760 4207 1826 4257 ut
1854 4204 2013 4273 pueri
2041 4204 2229 4274 plures
2256 4206 2396 4259 fiant
2418 4203 2807 4274 Quintilianus
2927 4209 2958 4257 9
2977 4202 3188 4272 pupilli

563 4284 729 4353 puerl
767 4281 1007 4347 Lucem,
1053 4282 1161 4337 hoc
1206 4282 1370 4337 unius
1417 4283 1515 4337 fiet
1562 4283 1756 4336 collato
1795 4282 2050 4337 Charisio
2071 4283 2334 4353 'Scaliyer
2380 4285 2533 4351 apud
2569 4282 2820 4336 Dousam
2856 4280 3037 4335 Lucil.
3084 4286 3186 4336 sat.

561 4365 653 4418 rel.
686 4380 745 4432 p.
777 4367 847 4417 44
987 4369 1048 4417 11
1089 4366 1257 4418 tenue
1293 4363 1419 4418 heic
1458 4364 1561 4432 (vel
1596 4363 1745 4430 huic)
1782 4362 1957 4417 facies
1995 4363 2030 4418 i.
2067 4364 2208 4419 haec
2243 4363 2330 4418 illi
2367 4363 2546 4419 fecere
2579 4363 2884 4416 Muellerus
3019 4368 3083 4416 12
3121 4365 3186 4416 ut

566 4444 830 4514 pinguius
876 4442 1053 4498 faciat
1096 4443 1152 4497 R
1300 4449 1365 4497 13
1412 4443 1671 4512 idemque
1718 4442 1894 4514 peila]
1948 4443 2157 4499 Terent.
2207 4445 2405 4500 Scaur.
2447 4461 2503 4512 p.
2542 4448 2633 4511 18,
2672 4447 2765 4497 23.
2835 4441 2994 4499 Esar.
3046 4443 3182 4498 Viet.

556 4540 614 4590 p.
654 4528 743 4589 18,
774 4528 809 4577 3
937 4522 1055 4591 pila
1089 4522 1149 4577 in
1184 4539 1297 4591 qua.
1333 4521 1587 4592 pinsetur
1623 4521 1704 4589 R,
1739 4522 1914 4591 pilam
1953 4541 2064 4592 qua
2099 4524 2341 4593 pinsitur
2381 4521 2905 4596 MuellerusLucil.
2944 4529 3048 4578 sat.
3086 4527 3181 4580 rel.

554 4619 614 4670 p.
654 4606 727 4656 46
900 4608 974 4672 ,17
1014 4604 1077 4656 ut
1114 4603 1373 4657 dessedes
1410 4601 1583 4655 nubes
1618 4600 1700 4666 R,
1738 4604 1803 4655 ut
1849 4604 2015 4658 aedes
2064 4605 2224 4659 sedes
2261 4603 2437 4659 nubes
2477 4602 2837 4656 Oommelinus
3016 4610 3082 4658 21
3124 4609 3184 4661 et

561 4680 759 4749 verba,
796 4683 975 4750 rotas,
1014 4683 1190 4749 rotat,
1228 4681 1402 4748 feras,
1448 4680 1607 4734 ferat.
1674 4679 1820 4734 Nam
1858 4697 1986 4736 cum
2025 4684 2130 4739 hae
2169 4687 2327 4739 rotae
2363 4685 2485 4738 tam
2522 4684 2675 4736 rotas
2724 4681 2959 4751 faciant,
3009 4702 3178 4754 quam
3229 4714 3238 4719 -

518 4800 531 4806 -
562 4761 711 4827 roto,
757 4762 936 4830 rotas,
983 4763 1158 4826 rotat3
1208 4762 1266 4814 et
1313 4760 1458 4828 fer0,
1504 4758 1679 4827 feras,
1724 4758 1894 4816 ferat:
1954 4763 2033 4818 sic
2089 4780 2190 4817 nec
2238 4763 2405 4818 aliter
2450 4760 2734 4816 scribitur:
2792 4777 2950 4816 amor
2996 4766 3055 4818 et
3110 4783 3178 4822 ex

560 4837 788 4893 nomine
824 4839 964 4894 facit
999 4839 1205 4893 amoris
1244 4841 1303 4893 et
1339 4855 1405 4891 ex
1443 4839 1610 4894 verbo
1649 4841 1856 4895 amaris
1893 4842 1949 4896 R
