3613 5528
679 1673 744 1734 ln
802 1673 1036 1735 duobus
1092 1673 1259 1735 libris
1318 1674 1493 1754 Capri
1557 1675 1631 1736 de
1693 1674 2114 1755 orthographia
2170 1685 2230 1737 et
2294 1676 2365 1737 de
2426 1677 2620 1738 dubiis
2678 1677 2873 1740 verbis
2931 1688 2990 1741 et
3047 1682 3106 1740 in

506 1779 653 1840 libro
701 1781 988 1862 Agroecii,
1036 1783 1139 1860 qui
1186 1781 1359 1861 vulgo
1407 1800 1524 1843 una
1570 1801 1706 1843 cum
1752 1781 1870 1842 illis
1920 1783 1980 1842 in
2029 1781 2334 1843 codicibus
2373 1785 2633 1864 scriptus
2671 1792 2780 1866 est,
2827 1792 3109 1865 quattuor

504 1906 648 1947 usus
695 1906 827 1948 sum
893 1887 1198 1948 codicibus
1264 1905 1422 1948 nono
1489 1887 1576 1948 vel
1639 1887 1872 1949 decimo
1941 1888 2180 1949 saeculo
2247 1891 2515 1969 scriptis,
2588 1890 3106 1970 Montepessulano

501 1993 551 2053 Η
598 1991 726 2055 306
774 2002 834 2054 et
880 1993 1285 2055 Bernensibus
1330 1990 1479 2055 330.
1526 1990 1673 2055 338.
1720 1992 1868 2056 432.

676 2100 870 2162 Codex
929 2099 1614 2180 Montepessulanus
1670 2097 1820 2161 306
1885 2100 2025 2161 olim
2081 2100 2325 2161 Buherii
2381 2120 2556 2189 saec.=
2591 2101 2669 2163 lX
2724 2103 2873 2164 duos
2929 2104 3103 2185 Capri

494 2205 676 2270 libros
732 2206 891 2267 nulla
948 2207 1385 2287 subscriptione
1443 2208 1530 2266 vel
1576 2209 2047 2287 praescriptione
2108 2209 2455 2287 interposita
2504 2210 2816 2270 distinctos
2862 2221 2923 2272 et
2969 2220 3105 2291 post

490 2312 602 2373 bos
646 2313 919 2394 Agroecii
965 2314 1182 2376 librum
1229 2317 1495 2376 continet
1542 2316 1577 2375 s.
1634 2310 1911 2396 15—-27‚
1961 2319 2174 2392 incipit
2218 2318 2642 2392 horthoqrafta
2697 2319 2887 2394 Capri
2932 2320 3103 2379 Haec

492 2423 598 2481 uia
628 2454 713 2462 —
741 2430 925 2483 recte.
999 2426 1255 2499 epistula
1292 2424 1582 2498 Ayroecii
1625 2425 1712 2482 ad
1756 2423 2130 2483 Eucherium
2176 2425 2520 2499 episcopum
2569 2424 2821 2484 Domino
2859 2459 2932 2465 ——-
2958 2444 3101 2501 pre-

490 2530 662 2589 cibus
716 2533 873 2604 expl.
948 2529 1021 2589 cf.
1068 2528 1371 2608 catalogue
1428 2528 1666 2608 general
1713 2528 1819 2588 des
1866 2531 2225 2589 manuscrits
2271 2528 2376 2589 des
2425 2527 2861 2608 bibliotheqnes
2907 2529 3096 2609 publi·
3205 2558 3210 2562 ·

490 2653 638 2714 ques
684 2634 789 2696 des
837 2634 1277 2714 departements
1326 2655 1374 2695 v.
1422 2634 1446 2694 1
1492 2654 1548 2714 p.
1594 2631 1742 2695 409.

668 2740 865 2803 Codex
911 2736 1315 2803 Bernensis
1363 2738 1513 2804 330
1559 2759 1710 2803 saec.
1758 2740 1842 2823 X,
1889 2743 2060 2804 cuius
2108 2760 2320 2823 supra,
2367 2761 2502 2803 cum
2553 2742 2624 2803 de
2675 2742 2898 2804 Scauro
2947 2744 3100 2805 dice-

488 2867 644 2929 rem,
708 2849 932 2909 mentio
990 2849 1141 2908 sacta
1197 2856 1315 2930 est,
1383 2856 1519 2928 post
1587 2848 2066 2928 orthographiam
2130 2848 2485 2909 Cassiodorii
2548 2857 2608 2910 et
2668 2849 2859 2910 Albini
2926 2850 3102 2910 babet

489 2956 663 3034 Capri
729 2953 912 3015 libros
978 2954 1191 3016 additis
1254 2956 1315 3014 in
1386 2955 1499 3015 fine
1563 2957 1798 3037 pauciS‚
1872 2974 2022 3034 quae
2085 2955 2404 3016 Putschius
2465 2955 2657 3035 Capro
2717 2958 3101 3036 continuavit,

489 3062 527 3122 s.
573 3057 934 3143 25-38*‚
991 3065 1204 3138 incipit
1257 3065 1598 3137 ortoyrafia
1659 3063 1852 3140 Capri
1903 3064 2074 3124 Haec
2131 3067 2237 3124 uia
2285 3097 2368 3103 -—
2426 3066 2742 3124 stillarum.
2828 3066 2965 3123 item
3026 3066 3101 3124 de

487 3171 692 3230 uerbis
761 3171 961 3231 dubiis
1018 3170 1091 3230 In
1154 3169 1570 3244 sinqularibus
1626 3203 1711 3210 -κ
1758 3177 1941 3230 recte.
2026 3176 2217 3230 metor
2270 3172 2520 3229 metaris
2567 3203 2652 3210 —-—
2694 3173 3100 3245 paruulorum

484 3279 750 3353 explicit.
794 3279 1002 3338 necho.
1053 3279 1304 3337 imitatio
1342 3279 1527 3337 uocis.
1595 3275 1808 3337 deinde
1845 3284 1983 3356 post
2007 3276 2230 3337 ’Scauri
2267 3275 2748 3355 orthographiam
2787 3292 2924 3353 pars
2961 3273 3099 3334 libri

483 3383 755 3462 Agroecii
810 3385 1030 3463 scripta
1087 3391 1202 3462 est,
1257 3382 1361 3442 sed
1417 3381 1690 3461 pluribus
1747 3382 1894 3443 locis
1951 3390 2173 3444 mutata
2229 3383 2267 3442 f.
2314 3379 2684 3462 43*—44*‚
2753 3385 2890 3442 item
2937 3389 3095 3442 orto-

477 3492 688 3564 qrafia
742 3491 1022 3565 Aqroetii
1080 3490 1332 3550 Domino
1389 3521 1474 3531 —-
1535 3508 1589 3568 p.
1638 3487 1813 3550 2269
1868 3497 2133 3551 ueneunt
2184 3493 2243 3551 si
2293 3492 2646 3551 uendunlur
2703 3490 3000 3549 Dilectum
3056 3506 3096 3547 (ι

482 3599 790 3672 diligendo
837 3597 1149 3657 Delectum
1194 3597 1272 3655 ab
1319 3599 1596 3671 eliqendo
1646 3597 1943 3657 Delictum
1989 3615 2029 3656 α
2068 3600 2406 3674 peccantia

662 3703 859 3764 Codex
904 3702 1298 3763 Beruensis
1335 3699 1466 3764 338
1506 3702 1643 3763 olim
1684 3701 1992 3782 Bongarsii
2030 3698 2126 3764 eex
2164 3704 2332 3765 libris
2369 3704 2532 3765 Petri
2571 3702 2831 3765 Danielis
2869 3701 3095 3763 Aurelii

490 3804 720 3890 1564’,
777 3809 1013 3870 saeculo
1073 3826 1227 3868 nono
1286 3807 1376 3867 vel
1425 3808 1654 3869 decimo
1704 3811 1964 3889 scriptus
2011 3819 2118 3871 est.
2194 3819 2328 3890 post
2374 3810 2853 3890 orthographiam
2901 3807 3097 3869 Albini

481 3915 701 3995 legitur
756 3919 921 3995 prior
975 3915 1149 3995 Capri
1205 3914 1357 3976 liber
1412 3923 1472 3975 et
1532 3914 1681 3976 liber
1736 3917 2009 3995 Agroecii
2063 3919 2125 3977 in
2188 3918 2304 3978 line
2362 3916 2667 3978 mutilatus
2728 3917 2765 3977 f.
2821 3913 2896 3975 11
2949 3933 3097 3996 sqq.‚

482 4028 697 4100 incipit
731 4028 1071 4100 ortoqrafia
1108 4025 1299 4100 Capri
1323 4024 1495 4084 Haec
1532 4026 1638 4085 uia
1668 4056 1754 4065 -
1780 4027 2098 4085 stillarum.
2140 4028 2406 4101 explicit.
2449 4028 2628 4099 incip.
2670 4042 2778 4084 ars
2807 4024 3101 4098 Aqroecii

481 4133 746 4193 rethoris
805 4134 882 4192 de
934 4131 1336 4206 ortoqraphia
1385 4128 1656 4205 feliciter
1701 4130 1958 4190 Domino
2004 4165 2090 4171 —-
2137 4149 2191 4209 p.
2241 4125 2415 4191 2273
2461 4132 2852 4191 scribendum
2898 4138 2986 4189 est
3031 4132 3095 4188 in

481 4239 923 4313 compositione.
999 4235 1147 4296 alter
1195 4234 1370 4314 Capri
1417 4232 1568 4294 liber
1615 4236 1675 4294 in
1725 4253 1840 4295 una
1889 4234 2106 4296 scheda
2151 4244 2357 4314 postea
2405 4237 2629 4296 inserta
2676 4238 2935 4315 scriptus
2984 4240 3093 4312 est,

481 4347 623 4403 item
684 4345 881 4419 Caper
935 4346 1012 4404 de
1057 4344 1257 4404 verbis
1303 4344 1503 4404 dubiis
1552 4343 1623 4401 In
1680 4345 2103 4418 sinqularibus
2149 4377 2232 4384 —
2281 4350 2464 4405 recte.
2539 4343 2615 4403 cf.
2671 4341 2872 4421 Hagen
2928 4339 3092 4401 catal.

480 4447 612 4509 cod.
659 4447 831 4510 Bern.
877 4468 933 4528 p.
982 4444 1130 4510 334.

660 4554 854 4618 Codex
913 4553 1302 4616 Beruensis
1356 4552 1509 4616 432
1567 4573 1718 4615 saec.
1768 4554 1846 4615 {x
1893 4554 1984 4615 vel
2033 4553 2082 4614 X
2126 4562 2263 4634 post
2326 4562 2514 4614 artem
2564 4551 2870 4612 Consentii
2913 4550 3091 4612 habet

480 4660 959 4741 orthographiam
1015 4662 1288 4741 Agroecii
1343 4662 1380 4721 s.
1428 4657 1796 4741 30*—35*‚
1853 4665 2034 4740 incip.
2094 4679 2200 4722 ars
2255 4661 2548 4735 Aaroecii
2610 4661 2686 4719 de
2750 4661 3091 4733 ortoqrafia

480 4769 738 4829 Domino
785 4801 871 4809 —
915 4769 1222 4844 precibus.
1298 4767 1371 4826 cs.
1427 4784 1670 4845 gramm.
1718 4767 1816 4829 lat.
1865 4787 1913 4829 v.
1961 4767 2006 4824 V
2054 4786 2108 4848 p.
2155 4763 2314 4846 329,
2362 4763 2565 4843 Hagen
2611 4763 2814 4825 anecd.
2862 4763 3086 4825 Helvet.

480 4892 537 4952 p.
586 4872 785 4952 nm,
833 4873 998 4934 catal.
1047 4873 1174 4933 cod.
1220 4873 1396 4946 Bern.
1441 4891 1498 4952 p.
1546 4869 1696 4934 378.
