<?xml version="1.0" encoding="UTF-8"?>
<!DOCTYPE html PUBLIC "-//W3C//DTD XHTML 1.0 Transitional//EN"
    "http://www.w3.org/TR/xhtml1/DTD/xhtml1-transitional.dtd">
<html xmlns="http://www.w3.org/1999/xhtml" xml:lang="en" lang="en">
 <head>
  <title>
</title>
<meta http-equiv="Content-Type" content="text/html;charset=utf-8" />
  <meta name='ocr-system' content='tesseract 3.04.00' />
  <meta name='ocr-capabilities' content='ocr_page ocr_carea ocr_par ocr_line ocrx_word'/>
</head>
<body>
  <div class='ocr_page' id='page_1' title='image "./grammaticilatin09keilgoog_0339.png"; bbox 0 0 3613 5528; ppageno 0'>
   <div class='ocr_carea' id='block_1_1' title="bbox 397 400 3004 558">
    <p class='ocr_par' dir='ltr' id='par_1_1' title="bbox 397 400 3004 558">
     <span class='ocr_line' id='line_1_1' title="bbox 1502 400 3004 466; baseline 0.003 -7"><span class='ocrx_word' id='word_1_1' title='bbox 1502 404 1892 460; x_wconf 81' lang='lat' dir='ltr'>EXCERPTA</span> <span class='ocrx_word' id='word_1_2' title='bbox 2872 400 3004 466; x_wconf 80' lang='grc'><strong>329</strong></span> 
     </span>
     <span class='ocr_line' id='line_1_2' title="bbox 397 507 582 558; baseline -0.016 -9"><span class='ocrx_word' id='word_1_3' title='bbox 397 521 441 558; x_wconf 80' lang='lat' dir='ltr'><strong>p.</strong></span> <span class='ocrx_word' id='word_1_4' title='bbox 470 509 495 549; x_wconf 88' lang='lat' dir='ltr'><strong>s</strong></span> <span class='ocrx_word' id='word_1_5' title='bbox 523 507 582 547; x_wconf 81' lang='grc' dir='ltr'><strong>Η.</strong></span> 
     </span>
    </p>
   </div>
   <div class='ocr_carea' id='block_1_2' title="bbox 318 583 3015 1420">
    <p class='ocr_par' dir='ltr' id='par_1_2' title="bbox 318 583 3015 1420">
     <span class='ocr_line' id='line_1_3' title="bbox 399 583 3007 674; baseline -0.002 -22"><span class='ocrx_word' id='word_1_6' title='bbox 399 598 682 672; x_wconf 84' lang='lat' dir='ltr'><strong>sequatur</strong></span> <span class='ocrx_word' id='word_1_7' title='bbox 708 589 905 651; x_wconf 88' lang='lat' dir='ltr'><strong>littera</strong></span> <span class='ocrx_word' id='word_1_8' title='bbox 935 609 993 672; x_wconf 87' lang='lat' dir='ltr'><strong>u,</strong></span> <span class='ocrx_word' id='word_1_9' title='bbox 1024 583 1032 674; x_wconf 86' lang='grc' dir='ltr'>Ι</span> <span class='ocrx_word' id='word_1_10' title='bbox 1066 608 1215 670; x_wconf 89' lang='lat' dir='ltr'><strong>quae</strong></span> <span class='ocrx_word' id='word_1_11' title='bbox 1254 608 1395 652; x_wconf 88' lang='lat' dir='ltr'><strong>cum</strong></span> <span class='ocrx_word' id='word_1_12' title='bbox 1427 589 1610 651; x_wconf 87' lang='lat' dir='ltr'><strong>altera</strong></span> <span class='ocrx_word' id='word_1_13' title='bbox 1651 589 1834 650; x_wconf 85' lang='lat' dir='ltr'><strong>vocali</strong></span> <span class='ocrx_word' id='word_1_14' title='bbox 1871 591 2072 650; x_wconf 89' lang='lat' dir='ltr'><strong>iuncta</strong></span> <span class='ocrx_word' id='word_1_15' title='bbox 2107 587 2239 648; x_wconf 89' lang='lat' dir='ltr'><strong>loco</strong></span> <span class='ocrx_word' id='word_1_16' title='bbox 2280 589 2662 650; x_wconf 84' lang='lat' dir='ltr'><strong>consonantis</strong></span> <span class='ocrx_word' id='word_1_17' title='bbox 2699 587 3007 668; x_wconf 80' lang='lat' dir='ltr'><strong>accipitur,</strong></span> 
     </span>
     <span class='ocr_line' id='line_1_4' title="bbox 398 697 1057 779; baseline -0.003 -19"><span class='ocrx_word' id='word_1_18' title='bbox 398 708 466 760; x_wconf 92' lang='lat' dir='ltr'><strong>ut</strong></span> <span class='ocrx_word' id='word_1_19' title='bbox 510 698 663 779; x_wconf 86' lang='lat' dir='ltr'><strong>apud</strong></span> <span class='ocrx_word' id='word_1_20' title='bbox 710 697 1057 760; x_wconf 87' lang='lat' dir='ltr'><strong>Lucretium</strong></span> 
     </span>
     <span class='ocr_line' id='line_1_5' title="bbox 716 804 2822 886; baseline -0.002 -19"><span class='ocrx_word' id='word_1_21' title='bbox 716 824 894 886; x_wconf 89' lang='lat' dir='ltr'><strong>quae</strong></span> <span class='ocrx_word' id='word_1_22' title='bbox 933 804 1243 866; x_wconf 84' lang='lat' dir='ltr'><strong>calidum</strong></span> <span class='ocrx_word' id='word_1_23' title='bbox 1292 805 1577 867; x_wconf 79' lang='lat' dir='ltr'><strong>faciunt</strong></span> <span class='ocrx_word' id='word_1_24' title='bbox 1623 823 1840 884; x_wconf 85' lang='lat' dir='ltr'><strong>aqvae</strong></span> <span class='ocrx_word' id='word_1_25' title='bbox 1887 811 2153 866; x_wconf 85' lang='lat' dir='ltr'><strong>tactum</strong></span> <span class='ocrx_word' id='word_1_26' title='bbox 2201 812 2413 884; x_wconf 88' lang='lat' dir='ltr'><strong>atque</strong></span> <span class='ocrx_word' id='word_1_27' title='bbox 2460 819 2822 883; x_wconf 79' lang='lat' dir='ltr'><strong>vaporem3</strong></span> 
     </span>
     <span class='ocr_line' id='line_1_6' title="bbox 399 905 3011 990; baseline -0.003 -17"><span class='ocrx_word' id='word_1_28' title='bbox 399 921 500 974; x_wconf 89' lang='lat' dir='ltr'><strong>aut</strong></span> <span class='ocrx_word' id='word_1_29' title='bbox 545 930 683 974; x_wconf 91' lang='lat' dir='ltr'><strong>cum</strong></span> <span class='ocrx_word' id='word_1_30' title='bbox 728 909 1228 973; x_wconf 76' lang='lat' dir='ltr'><strong>concurrentibus</strong></span> <span class='ocrx_word' id='word_1_31' title='bbox 1282 914 1440 973; x_wconf 87' lang='lat' dir='ltr'><strong>inter</strong></span> <span class='ocrx_word' id='word_1_32' title='bbox 1487 931 1550 973; x_wconf 90' lang='lat' dir='ltr'><strong>se</strong></span> <span class='ocrx_word' id='word_1_33' title='bbox 1609 909 1910 972; x_wconf 87' lang='lat' dir='ltr'><strong>vocalibus</strong></span> <span class='ocrx_word' id='word_1_34' title='bbox 1966 911 2116 971; x_wconf 83' lang='lat' dir='ltr'><strong>duae</strong></span> <span class='ocrx_word' id='word_1_35' title='bbox 2178 910 2430 990; x_wconf 81' lang='lat' dir='ltr'><strong>syllabae</strong></span> <span class='ocrx_word' id='word_1_36' title='bbox 2487 913 2549 971; x_wconf 89' lang='lat' dir='ltr'><strong>in</strong></span> <span class='ocrx_word' id='word_1_37' title='bbox 2606 926 2785 970; x_wconf 89' lang='lat' dir='ltr'><strong>unam</strong></span> <span class='ocrx_word' id='word_1_38' title='bbox 2843 905 3011 986; x_wconf 83' lang='lat' dir='ltr'><strong>quasi</strong></span> 
     </span>
     <span class='ocr_line' id='line_1_7' title="bbox 318 1009 3014 1108; baseline -0.003 -28"><span class='ocrx_word' id='word_1_39' title='bbox 318 1032 346 1073; x_wconf 82' lang='lat'><strong>5</strong></span> <span class='ocrx_word' id='word_1_40' title='bbox 398 1037 506 1101; x_wconf 91' lang='lat' dir='ltr'><strong>per</strong></span> <span class='ocrx_word' id='word_1_41' title='bbox 544 1018 951 1100; x_wconf 80' lang='lat' dir='ltr'><strong>diphthongon</strong></span> <span class='ocrx_word' id='word_1_42' title='bbox 990 1019 1450 1101; x_wconf 86' lang='lat' dir='ltr'><strong>contrahuntur,</strong></span> <span class='ocrx_word' id='word_1_43' title='bbox 1497 1027 1565 1108; x_wconf 80' lang='lat' dir='ltr'><strong>ut</strong></span> <span class='ocrx_word' id='word_1_44' title='bbox 1610 1015 1759 1082; x_wconf 74' lang='lat' dir='ltr'><strong>‘cui</strong></span> <span class='ocrx_word' id='word_1_45' title='bbox 1806 1036 1942 1078; x_wconf 91' lang='lat' dir='ltr'><strong>non</strong></span> <span class='ocrx_word' id='word_1_46' title='bbox 1992 1016 2234 1079; x_wconf 92' lang='lat' dir='ltr'><strong>dictus</strong></span> <span class='ocrx_word' id='word_1_47' title='bbox 2270 1016 2485 1096; x_wconf 80' lang='lat' dir='ltr'><strong>Hylas</strong></span> <span class='ocrx_word' id='word_1_48' title='bbox 2523 1009 2733 1096; x_wconf 90' lang='lat' dir='ltr'><strong>puer&#39;</strong></span> <span class='ocrx_word' id='word_1_49' title='bbox 2774 1022 2833 1075; x_wconf 91' lang='lat' dir='ltr'><strong>ct</strong></span> <span class='ocrx_word' id='word_1_50' title='bbox 2869 1015 3014 1074; x_wconf 91' lang='lat' dir='ltr'><strong>item</strong></span> 
     </span>
     <span class='ocr_line' id='line_1_8' title="bbox 719 1122 2461 1206; baseline -0.002 -19"><span class='ocrx_word' id='word_1_51' title='bbox 719 1126 964 1206; x_wconf 87' lang='lat' dir='ltr'><strong>Tityre</strong></span> <span class='ocrx_word' id='word_1_52' title='bbox 1011 1135 1393 1206; x_wconf 87' lang='lat' dir='ltr'><strong>pascentes</strong></span> <span class='ocrx_word' id='word_1_53' title='bbox 1440 1144 1473 1186; x_wconf 89' lang='lat' dir='ltr'><strong>a</strong></span> <span class='ocrx_word' id='word_1_54' title='bbox 1519 1125 1829 1186; x_wconf 84' lang='lat' dir='ltr'><strong>flumine</strong></span> <span class='ocrx_word' id='word_1_55' title='bbox 1877 1127 2074 1185; x_wconf 86' lang='lat' dir='ltr'><strong>reice</strong></span> <span class='ocrx_word' id='word_1_56' title='bbox 2121 1122 2461 1204; x_wconf 77' lang='lat' dir='ltr'><strong>capellas·</strong></span> 
     </span>
     <span class='ocr_line' id='line_1_9' title="bbox 400 1226 3015 1311; baseline -0.002 -19"><span class='ocrx_word' id='word_1_57' title='bbox 400 1232 510 1293; x_wconf 89' lang='lat' dir='ltr'><strong>hoc</strong></span> <span class='ocrx_word' id='word_1_58' title='bbox 568 1236 727 1294; x_wconf 92' lang='lat' dir='ltr'><strong>enim</strong></span> <span class='ocrx_word' id='word_1_59' title='bbox 790 1232 923 1294; x_wconf 91' lang='lat' dir='ltr'><strong>loco</strong></span> <span class='ocrx_word' id='word_1_60' title='bbox 981 1229 1144 1294; x_wconf 75' lang='lat' dir='ltr'><strong>‘cui’</strong></span> <span class='ocrx_word' id='word_1_61' title='bbox 1202 1242 1262 1294; x_wconf 89' lang='lat' dir='ltr'><strong>et</strong></span> <span class='ocrx_word' id='word_1_62' title='bbox 1318 1226 1472 1292; x_wconf 76' lang='lat' dir='ltr'><strong>‘rei&#39;</strong></span> <span class='ocrx_word' id='word_1_63' title='bbox 1528 1233 1610 1291; x_wconf 78' lang='lat' dir='ltr'><strong>ita</strong></span> <span class='ocrx_word' id='word_1_64' title='bbox 1667 1231 2026 1311; x_wconf 85' lang='lat' dir='ltr'><strong>efferuntur,</strong></span> <span class='ocrx_word' id='word_1_65' title='bbox 2094 1230 2276 1292; x_wconf 83' lang='lat' dir='ltr'><strong>veluti</strong></span> <span class='ocrx_word' id='word_1_66' title='bbox 2331 1233 2387 1291; x_wconf 81' lang='lat' dir='ltr'><strong>si</strong></span> <span class='ocrx_word' id='word_1_67' title='bbox 2440 1230 2705 1310; x_wconf 80' lang='lat' dir='ltr'><strong>singulae</strong></span> <span class='ocrx_word' id='word_1_68' title='bbox 2762 1226 3015 1309; x_wconf 82' lang='lat' dir='ltr'><strong>syllabae</strong></span> 
     </span>
     <span class='ocr_line' id='line_1_10' title="bbox 402 1335 3015 1420; baseline -0.002 -21"><span class='ocrx_word' id='word_1_69' title='bbox 402 1340 547 1420; x_wconf 90' lang='lat' dir='ltr'><strong>sint,</strong></span> <span class='ocrx_word' id='word_1_70' title='bbox 607 1357 745 1401; x_wconf 92' lang='lat' dir='ltr'><strong>cum</strong></span> <span class='ocrx_word' id='word_1_71' title='bbox 790 1347 989 1401; x_wconf 88' lang='lat' dir='ltr'><strong>tamen</strong></span> <span class='ocrx_word' id='word_1_72' title='bbox 1035 1339 1182 1401; x_wconf 90' lang='lat' dir='ltr'><strong>duas</strong></span> <span class='ocrx_word' id='word_1_73' title='bbox 1239 1354 1370 1401; x_wconf 88' lang='lat' dir='ltr'><strong>esse</strong></span> <span class='ocrx_word' id='word_1_74' title='bbox 1428 1344 1685 1418; x_wconf 83' lang='lat' dir='ltr'><strong>constat3</strong></span> <span class='ocrx_word' id='word_1_75' title='bbox 1743 1337 2113 1416; x_wconf 84' lang='lat' dir='ltr'><strong>maximeque</strong></span> <span class='ocrx_word' id='word_1_76' title='bbox 2171 1344 2234 1398; x_wconf 87' lang='lat' dir='ltr'><strong>et</strong></span> <span class='ocrx_word' id='word_1_77' title='bbox 2287 1335 2416 1398; x_wconf 89' lang='lat' dir='ltr'><strong>aliis</strong></span> <span class='ocrx_word' id='word_1_78' title='bbox 2472 1335 2772 1420; x_wconf 87' lang='lat' dir='ltr'><strong>versibus,</strong></span> <span class='ocrx_word' id='word_1_79' title='bbox 2825 1344 2894 1398; x_wconf 89' lang='lat' dir='ltr'><strong>ut</strong></span> <span class='ocrx_word' id='word_1_80' title='bbox 2953 1337 3015 1396; x_wconf 92' lang='lat' dir='ltr'><strong>in</strong></span> 
     </span>
    </p>
   </div>
   <div class='ocr_carea' id='block_1_3' title="bbox 324 1439 2385 1720">
    <p class='ocr_par' dir='ltr' id='par_1_3' title="bbox 324 1439 2367 1720">
     <span class='ocr_line' id='line_1_11' title="bbox 401 1439 1886 1528; baseline -0.001 -22"><span class='ocrx_word' id='word_1_81' title='bbox 401 1447 720 1528; x_wconf 79' lang='lat' dir='ltr'><strong>georgicis,</strong></span> <span class='ocrx_word' id='word_1_82' title='bbox 769 1441 896 1507; x_wconf 87' lang='lat' dir='ltr'><strong>et</strong></span> <span class='ocrx_word' id='word_1_83' title='bbox 910 1450 1028 1508; x_wconf 91' lang='lat' dir='ltr'><strong>cui</strong></span> <span class='ocrx_word' id='word_1_84' title='bbox 1074 1456 1291 1527; x_wconf 85' lang='lat' dir='ltr'><strong>turpe</strong></span> <span class='ocrx_word' id='word_1_85' title='bbox 1340 1439 1586 1526; x_wconf 86' lang='lat' dir='ltr'><strong>caput&#39;</strong></span> <span class='ocrx_word' id='word_1_86' title='bbox 1634 1453 1697 1506; x_wconf 87' lang='lat' dir='ltr'><strong>ct</strong></span> <span class='ocrx_word' id='word_1_87' title='bbox 1739 1446 1886 1505; x_wconf 88' lang='lat' dir='ltr'><strong>item</strong></span> 
     </span>
     <span class='ocr_line' id='line_1_12' title="bbox 324 1542 2385 1624; baseline -0.002 -16"><span class='ocrx_word' id='word_1_88' title='bbox 324 1568 376 1608; x_wconf 84' lang='lat'><strong>10</strong></span> <span class='ocrx_word' id='word_1_89' title='bbox 720 1544 921 1606; x_wconf 88' lang='lat' dir='ltr'><strong>reice</strong></span> <span class='ocrx_word' id='word_1_90' title='bbox 968 1564 1051 1606; x_wconf 88' lang='lat' dir='ltr'><strong>ne</strong></span> <span class='ocrx_word' id='word_1_91' title='bbox 1102 1544 1402 1606; x_wconf 89' lang='lat' dir='ltr'><strong>maculis</strong></span> <span class='ocrx_word' id='word_1_92' title='bbox 1447 1545 1774 1606; x_wconf 81' lang='lat' dir='ltr'><strong>infuscet</strong></span> <span class='ocrx_word' id='word_1_93' title='bbox 1820 1542 2098 1604; x_wconf 86' lang='lat' dir='ltr'><strong>vellera</strong></span> <span class='ocrx_word' id='word_1_94' title='bbox 2146 1542 2385 1624; x_wconf 80' lang='lat' dir='ltr'><strong>pullis,</strong></span> 
     </span>
     <span class='ocr_line' id='line_1_13' title="bbox 405 1642 1779 1720; baseline 0.001 -19"><span class='ocrx_word' id='word_1_95' title='bbox 405 1659 555 1720; x_wconf 89' lang='lat' dir='ltr'><strong>quae</strong></span> <span class='ocrx_word' id='word_1_96' title='bbox 602 1643 799 1702; x_wconf 89' lang='lat' dir='ltr'><strong>omnia</strong></span> <span class='ocrx_word' id='word_1_97' title='bbox 846 1644 906 1703; x_wconf 91' lang='lat' dir='ltr'><strong>in</strong></span> <span class='ocrx_word' id='word_1_98' title='bbox 956 1645 1163 1703; x_wconf 79' lang='lat' dir='ltr'><strong>metris</strong></span> <span class='ocrx_word' id='word_1_99' title='bbox 1211 1642 1575 1704; x_wconf 86' lang='lat' dir='ltr'><strong>observanda</strong></span> <span class='ocrx_word' id='word_1_100' title='bbox 1623 1649 1779 1704; x_wconf 90' lang='lat' dir='ltr'><strong>sunt.</strong></span> 
     </span>
    </p>
   </div>
   <div class='ocr_carea' id='block_1_4' title="bbox 309 1750 3190 2902">
    <p class='ocr_par' dir='ltr' id='par_1_4' title="bbox 309 1750 3190 2902">
     <span class='ocr_line' id='line_1_14' title="bbox 1341 1750 2067 1819; baseline -0.001 0"><span class='ocrx_word' id='word_1_101' title='bbox 1341 1752 1461 1819; x_wconf 83' lang='lat' dir='ltr'><strong>DE</strong></span> <span class='ocrx_word' id='word_1_102' title='bbox 1508 1750 2067 1819; x_wconf 82' lang='lat' dir='ltr'><strong>AOOENTIBVS</strong></span> 
     </span>
     <span class='ocr_line' id='line_1_15' title="bbox 583 1852 3190 1936; baseline 0 -21"><span class='ocrx_word' id='word_1_103' title='bbox 583 1856 878 1916; x_wconf 83' lang='lat' dir='ltr'><strong>Accentus</strong></span> <span class='ocrx_word' id='word_1_104' title='bbox 940 1858 1042 1936; x_wconf 90' lang='lat' dir='ltr'><strong>qui</strong></span> <span class='ocrx_word' id='word_1_105' title='bbox 1108 1852 1291 1917; x_wconf 78' lang='lat' dir='ltr'><strong>sunt?</strong></span> <span class='ocrx_word' id='word_1_106' title='bbox 1372 1855 1701 1935; x_wconf 78' lang='lat' dir='ltr'><strong>AccentuS,</strong></span> <span class='ocrx_word' id='word_1_107' title='bbox 1767 1858 1870 1936; x_wconf 90' lang='lat' dir='ltr'><strong>qui</strong></span> <span class='ocrx_word' id='word_1_108' title='bbox 1928 1874 2138 1936; x_wconf 86' lang='lat' dir='ltr'><strong>graece</strong></span> <span class='ocrx_word' id='word_1_109' title='bbox 2204 1855 2516 1935; x_wconf 88' lang='lat' dir='ltr'><strong>prosodiae</strong></span> <span class='ocrx_word' id='word_1_110' title='bbox 2571 1855 2880 1934; x_wconf 84' lang='lat' dir='ltr'><strong>dicuntur,</strong></span> <span class='ocrx_word' id='word_1_111' title='bbox 2952 1853 3015 1914; x_wconf 88' lang='lat' dir='ltr'><strong>hi</strong></span> <span class='ocrx_word' id='word_1_112' title='bbox 3047 1875 3190 1929; x_wconf 76' lang='lat'><strong>192,15</strong></span> 
     </span>
     <span class='ocr_line' id='line_1_16' title="bbox 406 1961 3020 2045; baseline -0.001 -22"><span class='ocrx_word' id='word_1_113' title='bbox 406 1970 571 2045; x_wconf 88' lang='lat' dir='ltr'><strong>sunt,</strong></span> <span class='ocrx_word' id='word_1_114' title='bbox 627 1971 871 2044; x_wconf 86' lang='lat' dir='ltr'><strong>acutus,</strong></span> <span class='ocrx_word' id='word_1_115' title='bbox 927 1965 1147 2043; x_wconf 75' lang='lat' dir='ltr'><strong>graviS,</strong></span> <span class='ocrx_word' id='word_1_116' title='bbox 1209 1962 1645 2024; x_wconf 69' lang='lat' dir='ltr'><strong>circumflexus</strong></span> <span class='ocrx_word' id='word_1_117' title='bbox 1733 1964 1794 2022; x_wconf 90' lang='lat' dir='ltr'><strong>in</strong></span> <span class='ocrx_word' id='word_1_118' title='bbox 1857 1964 2016 2022; x_wconf 90' lang='lat' dir='ltr'><strong>omni</strong></span> <span class='ocrx_word' id='word_1_119' title='bbox 2074 1971 2242 2043; x_wconf 84' lang='lat' dir='ltr'><strong>parte</strong></span> <span class='ocrx_word' id='word_1_120' title='bbox 2298 1963 2583 2024; x_wconf 84' lang='lat' dir='ltr'><strong>orationis</strong></span> <span class='ocrx_word' id='word_1_121' title='bbox 2647 1961 2861 2023; x_wconf 83' lang='lat' dir='ltr'><strong>latinae</strong></span> <span class='ocrx_word' id='word_1_122' title='bbox 2917 1968 3020 2021; x_wconf 91' lang='lat' dir='ltr'><strong>aut</strong></span> 
     </span>
     <span class='ocr_line' id='line_1_17' title="bbox 328 2063 3020 2150; baseline -0 -21"><span class='ocrx_word' id='word_1_123' title='bbox 328 2102 378 2142; x_wconf 76' lang='lat'><strong>15</strong></span> <span class='ocrx_word' id='word_1_124' title='bbox 409 2087 652 2149; x_wconf 86' lang='lat' dir='ltr'><strong>graecae</strong></span> <span class='ocrx_word' id='word_1_125' title='bbox 709 2078 812 2131; x_wconf 89' lang='lat' dir='ltr'><strong>aut</strong></span> <span class='ocrx_word' id='word_1_126' title='bbox 866 2063 1104 2131; x_wconf 82' lang='lat' dir='ltr'><strong>acutum</strong></span> <span class='ocrx_word' id='word_1_127' title='bbox 1163 2077 1266 2129; x_wconf 89' lang='lat' dir='ltr'><strong>aut</strong></span> <span class='ocrx_word' id='word_1_128' title='bbox 1321 2068 1770 2129; x_wconf 85' lang='lat' dir='ltr'><strong>circumflexum</strong></span> <span class='ocrx_word' id='word_1_129' title='bbox 1831 2077 2142 2129; x_wconf 87' lang='lat' dir='ltr'><strong>accentum</strong></span> <span class='ocrx_word' id='word_1_130' title='bbox 2206 2072 2349 2149; x_wconf 91' lang='lat' dir='ltr'><strong>poni</strong></span> <span class='ocrx_word' id='word_1_131' title='bbox 2413 2088 2658 2131; x_wconf 87' lang='lat' dir='ltr'><strong>necesse</strong></span> <span class='ocrx_word' id='word_1_132' title='bbox 2725 2077 2843 2150; x_wconf 84' lang='lat' dir='ltr'><strong>cst,</strong></span> <span class='ocrx_word' id='word_1_133' title='bbox 2908 2086 3020 2128; x_wconf 89' lang='lat' dir='ltr'><strong>nec</strong></span> 
     </span>
     <span class='ocr_line' id='line_1_18' title="bbox 409 2173 3019 2258; baseline 0 -22"><span class='ocrx_word' id='word_1_134' title='bbox 409 2176 659 2257; x_wconf 85' lang='lat' dir='ltr'><strong>amplius</strong></span> <span class='ocrx_word' id='word_1_135' title='bbox 705 2194 880 2256; x_wconf 90' lang='lat' dir='ltr'><strong>quam</strong></span> <span class='ocrx_word' id='word_1_136' title='bbox 931 2195 1145 2258; x_wconf 90' lang='lat' dir='ltr'><strong>unum,</strong></span> <span class='ocrx_word' id='word_1_137' title='bbox 1191 2175 1284 2236; x_wconf 88' lang='lat' dir='ltr'><strong>vel</strong></span> <span class='ocrx_word' id='word_1_138' title='bbox 1328 2175 1490 2236; x_wconf 90' lang='lat' dir='ltr'><strong>hunc</strong></span> <span class='ocrx_word' id='word_1_139' title='bbox 1528 2175 1619 2235; x_wconf 88' lang='lat' dir='ltr'><strong>vel</strong></span> <span class='ocrx_word' id='word_1_140' title='bbox 1668 2173 1833 2236; x_wconf 92' lang='lat' dir='ltr'><strong>illum</strong></span> <span class='ocrx_word' id='word_1_141' title='bbox 1871 2196 1887 2236; x_wconf 69' lang='grc' dir='ltr'>ε</span> <span class='ocrx_word' id='word_1_142' title='bbox 1925 2193 2061 2236; x_wconf 89' lang='lat' dir='ltr'><strong>nam</strong></span> <span class='ocrx_word' id='word_1_143' title='bbox 2098 2178 2292 2255; x_wconf 82' lang='lat' dir='ltr'><strong>gravis</strong></span> <span class='ocrx_word' id='word_1_144' title='bbox 2334 2178 2577 2258; x_wconf 89' lang='lat' dir='ltr'><strong>ponitur</strong></span> <span class='ocrx_word' id='word_1_145' title='bbox 2621 2178 2682 2238; x_wconf 91' lang='lat' dir='ltr'><strong>in</strong></span> <span class='ocrx_word' id='word_1_146' title='bbox 2731 2174 3019 2257; x_wconf 80' lang='lat' dir='ltr'><strong>pluribus,</strong></span> 
     </span>
     <span class='ocr_line' id='line_1_19' title="bbox 409 2281 3022 2364; baseline 0 -22"><span class='ocrx_word' id='word_1_147' title='bbox 409 2291 620 2344; x_wconf 84' lang='lat' dir='ltr'><strong>acutus</strong></span> <span class='ocrx_word' id='word_1_148' title='bbox 666 2302 803 2344; x_wconf 90' lang='lat' dir='ltr'><strong>cum</strong></span> <span class='ocrx_word' id='word_1_149' title='bbox 850 2283 1029 2363; x_wconf 78' lang='lat' dir='ltr'><strong>apud·</strong></span> <span class='ocrx_word' id='word_1_150' title='bbox 1053 2282 1311 2344; x_wconf 89' lang='lat' dir='ltr'><strong>Graecos</strong></span> <span class='ocrx_word' id='word_1_151' title='bbox 1356 2284 1472 2343; x_wconf 89' lang='lat' dir='ltr'><strong>tria</strong></span> <span class='ocrx_word' id='word_1_152' title='bbox 1516 2282 1643 2343; x_wconf 90' lang='lat' dir='ltr'><strong>loca</strong></span> <span class='ocrx_word' id='word_1_153' title='bbox 1691 2290 1916 2364; x_wconf 88' lang='lat' dir='ltr'><strong>teneat,</strong></span> <span class='ocrx_word' id='word_1_154' title='bbox 1977 2281 2240 2343; x_wconf 87' lang='lat' dir='ltr'><strong>nltimam</strong></span> <span class='ocrx_word' id='word_1_155' title='bbox 2289 2290 2349 2344; x_wconf 90' lang='lat' dir='ltr'><strong>et</strong></span> <span class='ocrx_word' id='word_1_156' title='bbox 2383 2281 2813 2362; x_wconf 80' lang='lat' dir='ltr'><strong>&#39;paenultimam</strong></span> <span class='ocrx_word' id='word_1_157' title='bbox 2860 2290 2920 2342; x_wconf 85' lang='lat' dir='ltr'><strong>et</strong></span> <span class='ocrx_word' id='word_1_158' title='bbox 2965 2284 3022 2343; x_wconf 89' lang='lat' dir='ltr'><strong>ci</strong></span> 
     </span>
     <span class='ocr_line' id='line_1_20' title="bbox 410 2385 3022 2472; baseline 0 -22"><span class='ocrx_word' id='word_1_159' title='bbox 410 2391 737 2470; x_wconf 81' lang='lat' dir='ltr'><strong>proximam</strong></span> <span class='ocrx_word' id='word_1_160' title='bbox 785 2389 1092 2472; x_wconf 75' lang='lat' dir='ltr'><strong>syllabam,</strong></span> <span class='ocrx_word' id='word_1_161' title='bbox 1140 2392 1311 2468; x_wconf 83' lang='lat' dir='ltr'><strong>apud</strong></span> <span class='ocrx_word' id='word_1_162' title='bbox 1352 2408 1461 2450; x_wconf 82' lang='lat' dir='ltr'><strong>nos</strong></span> <span class='ocrx_word' id='word_1_163' title='bbox 1506 2387 1741 2450; x_wconf 91' lang='lat' dir='ltr'><strong>duobus</strong></span> <span class='ocrx_word' id='word_1_164' title='bbox 1792 2397 2018 2450; x_wconf 87' lang='lat' dir='ltr'><strong>tantum</strong></span> <span class='ocrx_word' id='word_1_165' title='bbox 2067 2389 2212 2452; x_wconf 89' lang='lat' dir='ltr'><strong>locis</strong></span> <span class='ocrx_word' id='word_1_166' title='bbox 2258 2392 2402 2470; x_wconf 87' lang='lat' dir='ltr'><strong>poni</strong></span> <span class='ocrx_word' id='word_1_167' title='bbox 2447 2397 2645 2469; x_wconf 89' lang='lat' dir='ltr'><strong>potest</strong></span> <span class='ocrx_word' id='word_1_168' title='bbox 2684 2436 2697 2450; x_wconf 91' lang='lat'><strong>.</strong></span> <span class='ocrx_word' id='word_1_169' title='bbox 2747 2385 3022 2461; x_wconf 78' lang='lat' dir='ltr'><strong>Quibus?</strong></span> 
     </span>
     <span class='ocr_line' id='line_1_21' title="bbox 411 2495 3023 2579; baseline 0.001 -22"><span class='ocrx_word' id='word_1_170' title='bbox 411 2496 527 2558; x_wconf 86' lang='lat' dir='ltr'><strong>Aut</strong></span> <span class='ocrx_word' id='word_1_171' title='bbox 570 2499 631 2558; x_wconf 91' lang='lat' dir='ltr'><strong>in</strong></span> <span class='ocrx_word' id='word_1_172' title='bbox 679 2497 1066 2579; x_wconf 85' lang='lat' dir='ltr'><strong>paenultima,</strong></span> <span class='ocrx_word' id='word_1_173' title='bbox 1126 2507 1192 2558; x_wconf 87' lang='lat' dir='ltr'><strong>ut</strong></span> <span class='ocrx_word' id='word_1_174' title='bbox 1238 2495 1636 2578; x_wconf 77' lang='lat' dir='ltr'><strong>praelegistiS,</strong></span> <span class='ocrx_word' id='word_1_175' title='bbox 1693 2504 1795 2558; x_wconf 91' lang='lat' dir='ltr'><strong>aut</strong></span> <span class='ocrx_word' id='word_1_176' title='bbox 1849 2499 1910 2558; x_wconf 93' lang='lat' dir='ltr'><strong>in</strong></span> <span class='ocrx_word' id='word_1_177' title='bbox 1969 2515 2038 2557; x_wconf 90' lang='lat' dir='ltr'><strong>ea</strong></span> <span class='ocrx_word' id='word_1_178' title='bbox 2094 2515 2245 2577; x_wconf 90' lang='lat' dir='ltr'><strong>quae</strong></span> <span class='ocrx_word' id='word_1_179' title='bbox 2303 2516 2337 2558; x_wconf 89' lang='lat' dir='ltr'><strong>a</strong></span> <span class='ocrx_word' id='word_1_180' title='bbox 2393 2498 2540 2557; x_wconf 73' lang='lat' dir='ltr'><strong>fine·</strong></span> <span class='ocrx_word' id='word_1_181' title='bbox 2567 2499 2645 2559; x_wconf 90' lang='lat' dir='ltr'><strong>sit</strong></span> <span class='ocrx_word' id='word_1_182' title='bbox 2700 2500 2899 2579; x_wconf 86' lang='lat' dir='ltr'><strong>tertia,</strong></span> <span class='ocrx_word' id='word_1_183' title='bbox 2958 2506 3023 2559; x_wconf 90' lang='lat' dir='ltr'><strong>ut</strong></span> 
     </span>
     <span class='ocr_line' id='line_1_22' title="bbox 309 2603 3025 2685; baseline 0 -21"><span class='ocrx_word' id='word_1_184' title='bbox 309 2637 386 2676; x_wconf 79' lang='lat'><strong>·20</strong></span> <span class='ocrx_word' id='word_1_185' title='bbox 411 2604 809 2684; x_wconf 78' lang='lat' dir='ltr'><strong>praelegimus</strong></span> <span class='ocrx_word' id='word_1_186' title='bbox 870 2651 883 2664; x_wconf 89' lang='lat'><strong>.</strong></span> <span class='ocrx_word' id='word_1_187' title='bbox 946 2603 1393 2685; x_wconf 81' lang='lat' dir='ltr'><strong>circumflexuS,</strong></span> <span class='ocrx_word' id='word_1_188' title='bbox 1458 2605 1510 2663; x_wconf 91' lang='lat' dir='ltr'><strong>si</strong></span> <span class='ocrx_word' id='word_1_189' title='bbox 1575 2621 1714 2683; x_wconf 91' lang='lat' dir='ltr'><strong>pars</strong></span> <span class='ocrx_word' id='word_1_190' title='bbox 1776 2604 2062 2665; x_wconf 89' lang='lat' dir='ltr'><strong>orationis</strong></span> <span class='ocrx_word' id='word_1_191' title='bbox 2128 2605 2336 2665; x_wconf 81' lang='lat' dir='ltr'><strong>trium&#39;</strong></span> <span class='ocrx_word' id='word_1_192' title='bbox 2371 2612 2473 2666; x_wconf 91' lang='lat' dir='ltr'><strong>aut</strong></span> <span class='ocrx_word' id='word_1_193' title='bbox 2532 2606 2782 2685; x_wconf 87' lang='lat' dir='ltr'><strong>amplius</strong></span> <span class='ocrx_word' id='word_1_194' title='bbox 2843 2605 3025 2666; x_wconf 81' lang='lat' dir='ltr'><strong>fuerit</strong></span> 
     </span>
     <span class='ocr_line' id='line_1_23' title="bbox 413 2688 3024 2795; baseline 0.001 -23"><span class='ocrx_word' id='word_1_195' title='bbox 413 2708 794 2792; x_wconf 85' lang='lat' dir='ltr'><strong>syllabarum,</strong></span> <span class='ocrx_word' id='word_1_196' title='bbox 843 2728 961 2771; x_wconf 91' lang='lat' dir='ltr'><strong>non</strong></span> <span class='ocrx_word' id='word_1_197' title='bbox 1007 2688 1121 2772; x_wconf 80' lang='lat' dir='ltr'><strong>nisi</strong></span> <span class='ocrx_word' id='word_1_198' title='bbox 1169 2708 1597 2792; x_wconf 90' lang='lat' dir='ltr'><strong>paenultimum</strong></span> <span class='ocrx_word' id='word_1_199' title='bbox 1634 2709 1832 2772; x_wconf 88' lang='lat' dir='ltr'><strong>locum</strong></span> <span class='ocrx_word' id='word_1_200' title='bbox 1869 2711 2091 2790; x_wconf 89' lang='lat' dir='ltr'><strong>poterit</strong></span> <span class='ocrx_word' id='word_1_201' title='bbox 2127 2712 2422 2794; x_wconf 88' lang='lat' dir='ltr'><strong>invenire,</strong></span> <span class='ocrx_word' id='word_1_202' title='bbox 2469 2720 2536 2773; x_wconf 91' lang='lat' dir='ltr'><strong>ut</strong></span> <span class='ocrx_word' id='word_1_203' title='bbox 2573 2710 2844 2795; x_wconf 73' lang='lat' dir='ltr'><strong>turbare,</strong></span> <span class='ocrx_word' id='word_1_204' title='bbox 2889 2731 3024 2793; x_wconf 90' lang='lat' dir='ltr'><strong>per-</strong></span> 
     </span>
     <span class='ocr_line' id='line_1_24' title="bbox 414 2817 3023 2902; baseline 0 -23"><span class='ocrx_word' id='word_1_205' title='bbox 414 2818 651 2879; x_wconf 72' lang='lat' dir='ltr'><strong>domare</strong></span> <span class='ocrx_word' id='word_1_206' title='bbox 716 2864 731 2877; x_wconf 88' lang='lat'><strong>.</strong></span> <span class='ocrx_word' id='word_1_207' title='bbox 798 2817 1259 2900; x_wconf 87' lang='lat' dir='ltr'><strong>monosyllabae,</strong></span> <span class='ocrx_word' id='word_1_208' title='bbox 1332 2835 1742 2897; x_wconf 88' lang='lat' dir='ltr'><strong>quaecumque</strong></span> <span class='ocrx_word' id='word_1_209' title='bbox 1816 2819 2112 2899; x_wconf 82' lang='lat' dir='ltr'><strong>positione</strong></span> <span class='ocrx_word' id='word_1_210' title='bbox 2187 2818 2393 2899; x_wconf 90' lang='lat' dir='ltr'><strong>longae</strong></span> <span class='ocrx_word' id='word_1_211' title='bbox 2458 2820 2709 2902; x_wconf 83' lang='lat' dir='ltr'><strong>fuerint,</strong></span> <span class='ocrx_word' id='word_1_212' title='bbox 2784 2828 3023 2881; x_wconf 89' lang='lat' dir='ltr'><strong>acutum</strong></span> 
     </span>
    </p>
   </div>
   <div class='ocr_carea' id='block_1_5' title="bbox 412 2924 835 2932">
    <p class='ocr_par' dir='ltr' id='par_1_5' title="bbox 412 2924 835 2932">
     <span class='ocr_line' id='line_1_25' title="bbox 412 2924 835 2932; baseline 0 2596"><span class='ocrx_word' id='word_1_213' title='bbox 412 2924 835 2932; x_wconf 95' lang='lat' dir='ltr'><strong> </strong></span> 
     </span>
    </p>
   </div>
   <div class='ocr_carea' id='block_1_6' title="bbox 407 2938 3046 5033">
    <p class='ocr_par' dir='ltr' id='par_1_6' title="bbox 407 2938 3033 3670">
     <span class='ocr_line' id='line_1_26' title="bbox 560 2938 3026 3025; baseline -0 -16"><span class='ocrx_word' id='word_1_214' title='bbox 560 2963 586 3009; x_wconf 94' lang='lat'><strong><em>1</em></strong></span> <span class='ocrx_word' id='word_1_215' title='bbox 626 2953 821 3009; x_wconf 71' lang='lat' dir='ltr'><strong>littera</strong></span> <span class='ocrx_word' id='word_1_216' title='bbox 844 2972 883 3008; x_wconf 87' lang='lat' dir='ltr'><strong>u</strong></span> <span class='ocrx_word' id='word_1_217' title='bbox 911 2970 1018 3024; x_wconf 87' lang='lat' dir='ltr'><strong>que</strong></span> <span class='ocrx_word' id='word_1_218' title='bbox 1051 2954 1124 3008; x_wconf 90' lang='lat' dir='ltr'><strong><em>M</em></strong></span> <span class='ocrx_word' id='word_1_219' title='bbox 1148 2952 1340 3008; x_wconf 68' lang='lat' dir='ltr'><strong>littera</strong></span> <span class='ocrx_word' id='word_1_220' title='bbox 1364 2972 1402 3022; x_wconf 83' lang='lat' dir='ltr'><strong>y</strong></span> <span class='ocrx_word' id='word_1_221' title='bbox 1431 2969 1576 3023; x_wconf 85' lang='lat' dir='ltr'><strong>quae</strong></span> <span class='ocrx_word' id='word_1_222' title='bbox 1602 2953 1658 3007; x_wconf 99' lang='grc' dir='ltr'><strong><em>Β</em></strong></span> <span class='ocrx_word' id='word_1_223' title='bbox 1730 2953 1947 3025; x_wconf 82' lang='lat' dir='ltr'><strong>iuncta]</strong></span> <span class='ocrx_word' id='word_1_224' title='bbox 1979 2952 2176 3007; x_wconf 74' lang='lat' dir='ltr'><strong>innata</strong></span> <span class='ocrx_word' id='word_1_225' title='bbox 2207 2953 2283 3008; x_wconf 98' lang='lat' dir='ltr'><strong><em>M</em></strong></span> <span class='ocrx_word' id='word_1_226' title='bbox 2350 2960 2383 3008; x_wconf 82' lang='lat'>2</span> <span class='ocrx_word' id='word_1_227' title='bbox 2412 2956 2563 3024; x_wconf 84' lang='lat' dir='ltr'><strong>apud</strong></span> <span class='ocrx_word' id='word_1_228' title='bbox 2591 2938 2889 3010; x_wconf 76' lang='lat' dir='ltr'><strong>lucret¹um</strong></span> <span class='ocrx_word' id='word_1_229' title='bbox 2925 2954 2981 3008; x_wconf 99' lang='grc' dir='ltr'><strong><em>Β</em></strong></span> <span class='ocrx_word' id='word_1_230' title='bbox 3009 2975 3026 3008; x_wconf 89' lang='grc'><strong>.-</strong></span> 
     </span>
     <span class='ocr_line' id='line_1_27' title="bbox 414 3033 3026 3106; baseline 0.001 -17"><span class='ocrx_word' id='word_1_231' title='bbox 414 3035 629 3089; x_wconf 72' lang='lat' dir='ltr'><strong>Luco-et.</strong></span> <span class='ocrx_word' id='word_1_232' title='bbox 680 3034 774 3087; x_wconf 87' lang='lat' dir='ltr'><strong>VI</strong></span> <span class='ocrx_word' id='word_1_233' title='bbox 805 3039 942 3100; x_wconf 81' lang='grc'><em>868,</em></span> <span class='ocrx_word' id='word_1_234' title='bbox 978 3034 1076 3088; x_wconf 79' lang='lat' dir='ltr'><strong>ubi</strong></span> <span class='ocrx_word' id='word_1_235' title='bbox 1110 3033 1295 3089; x_wconf 78' lang='lat' dir='ltr'><strong>laticis</strong></span> <span class='ocrx_word' id='word_1_236' title='bbox 1328 3050 1433 3103; x_wconf 81' lang='lat' dir='ltr'><strong>pro</strong></span> <span class='ocrx_word' id='word_1_237' title='bbox 1470 3050 1650 3102; x_wconf 87' lang='lat' dir='ltr'><strong>aquae</strong></span> <span class='ocrx_word' id='word_1_238' title='bbox 1685 3036 1750 3088; x_wconf 77' lang='lat' dir='ltr'><strong>in</strong></span> <span class='ocrx_word' id='word_1_239' title='bbox 1784 3033 2038 3089; x_wconf 73' lang='lat' dir='ltr'><strong>Lucretii</strong></span> <span class='ocrx_word' id='word_1_240' title='bbox 2072 3033 2348 3089; x_wconf 75' lang='lat' dir='ltr'><strong>codicibus</strong></span> <span class='ocrx_word' id='word_1_241' title='bbox 2383 3037 2650 3105; x_wconf 78' lang='lat' dir='ltr'><strong>scriptum</strong></span> <span class='ocrx_word' id='word_1_242' title='bbox 2687 3041 2793 3105; x_wconf 75' lang='lat' dir='ltr'><strong>est,</strong></span> <span class='ocrx_word' id='word_1_243' title='bbox 2845 3042 3026 3106; x_wconf 72' lang='lat' dir='ltr'><strong>aquae</strong></span> 
     </span>
     <span class='ocr_line' id='line_1_28' title="bbox 414 3111 3026 3186; baseline 0.002 -18"><span class='ocrx_word' id='word_1_244' title='bbox 414 3115 635 3183; x_wconf 76' lang='lat' dir='ltr'><strong>scripsit</strong></span> <span class='ocrx_word' id='word_1_245' title='bbox 662 3113 1145 3168; x_wconf 71' lang='lat' dir='ltr'><strong>Lachmannus-in</strong></span> <span class='ocrx_word' id='word_1_246' title='bbox 1169 3111 1387 3168; x_wconf 81' lang='lat' dir='ltr'><strong>Lucret.</strong></span> <span class='ocrx_word' id='word_1_247' title='bbox 1430 3111 1523 3165; x_wconf 89' lang='lat' dir='ltr'><strong>VI</strong></span> <span class='ocrx_word' id='word_1_248' title='bbox 1548 3118 1661 3168; x_wconf 80' lang='lat'><strong>552</strong></span> <span class='ocrx_word' id='word_1_249' title='bbox 1690 3114 1993 3168; x_wconf 77' lang='lat' dir='ltr'><strong>testimonio</strong></span> <span class='ocrx_word' id='word_1_250' title='bbox 2021 3129 2155 3169; x_wconf 77' lang='lat' dir='ltr'><strong>usus</strong></span> <span class='ocrx_word' id='word_1_251' title='bbox 2181 3113 2368 3170; x_wconf 87' lang='lat' dir='ltr'><strong>Bedae</strong></span> <span class='ocrx_word' id='word_1_252' title='bbox 2394 3117 2459 3171; x_wconf 85' lang='lat' dir='ltr'><strong>de</strong></span> <span class='ocrx_word' id='word_1_253' title='bbox 2488 3123 2592 3171; x_wconf 88' lang='lat' dir='ltr'><strong>art.</strong></span> <span class='ocrx_word' id='word_1_254' title='bbox 2621 3122 2771 3172; x_wconf 74' lang='lat' dir='ltr'><strong>metr.</strong></span> <span class='ocrx_word' id='word_1_255' title='bbox 2800 3135 2862 3186; x_wconf 78' lang='lat' dir='ltr'><strong>p.</strong></span> <span class='ocrx_word' id='word_1_256' title='bbox 2892 3122 3026 3185; x_wconf 82' lang='lat'><strong>253,</strong></span> 
     </span>
     <span class='ocr_line' id='line_1_29' title="bbox 414 3193 3024 3264; baseline 0.001 -15"><span class='ocrx_word' id='word_1_257' title='bbox 414 3200 506 3262; x_wconf 85' lang='lat'><strong>17,</strong></span> <span class='ocrx_word' id='word_1_258' title='bbox 551 3196 650 3264; x_wconf 74' lang='lat' dir='ltr'><strong>qui</strong></span> <span class='ocrx_word' id='word_1_259' title='bbox 693 3194 974 3248; x_wconf 77' lang='lat' dir='ltr'><strong>Audacem</strong></span> <span class='ocrx_word' id='word_1_260' title='bbox 1023 3198 1237 3248; x_wconf 78' lang='lat' dir='ltr'><strong>secutus</strong></span> <span class='ocrx_word' id='word_1_261' title='bbox 1290 3198 1424 3249; x_wconf 79' lang='lat' dir='ltr'><strong>erat.</strong></span> <span class='ocrx_word' id='word_1_262' title='bbox 1496 3194 1622 3262; x_wconf 76' lang='lat' dir='ltr'><strong>ipsa</strong></span> <span class='ocrx_word' id='word_1_263' title='bbox 1667 3193 1920 3248; x_wconf 66' lang='lat' dir='ltr'><strong>Audaces</strong></span> <span class='ocrx_word' id='word_1_264' title='bbox 1972 3196 2138 3251; x_wconf 84' lang='lat' dir='ltr'><strong>verba</strong></span> <span class='ocrx_word' id='word_1_265' title='bbox 2191 3198 2320 3251; x_wconf 82' lang='lat' dir='ltr'><strong>olim</strong></span> <span class='ocrx_word' id='word_1_266' title='bbox 2365 3215 2403 3251; x_wconf 87' lang='lat' dir='ltr'><strong>a</strong></span> <span class='ocrx_word' id='word_1_267' title='bbox 2438 3196 2673 3252; x_wconf 77' lang='lat' dir='ltr'><strong>Sinnero</strong></span> <span class='ocrx_word' id='word_1_268' title='bbox 2711 3199 2871 3253; x_wconf 82' lang='lat' dir='ltr'><strong>catal.</strong></span> <span class='ocrx_word' id='word_1_269' title='bbox 2911 3199 3024 3252; x_wconf 86' lang='lat' dir='ltr'><strong>cod.</strong></span> 
     </span>
     <span class='ocr_line' id='line_1_30' title="bbox 414 3273 3029 3344; baseline 0 -12"><span class='ocrx_word' id='word_1_270' title='bbox 414 3292 536 3332; x_wconf 74' lang='lat' dir='ltr'><strong>mas.</strong></span> <span class='ocrx_word' id='word_1_271' title='bbox 574 3275 703 3330; x_wconf 78' lang='lat' dir='ltr'><strong>bibl.</strong></span> <span class='ocrx_word' id='word_1_272' title='bbox 738 3273 908 3328; x_wconf 77' lang='lat' dir='ltr'><strong>Rern.</strong></span> <span class='ocrx_word' id='word_1_273' title='bbox 937 3291 986 3328; x_wconf 82' lang='lat' dir='ltr'><strong>v.</strong></span> <span class='ocrx_word' id='word_1_274' title='bbox 1019 3275 1057 3329; x_wconf 90' lang='lat' dir='ltr'><strong><em>I</em></strong></span> <span class='ocrx_word' id='word_1_275' title='bbox 1076 3292 1136 3344; x_wconf 79' lang='lat' dir='ltr'><strong>p.</strong></span> <span class='ocrx_word' id='word_1_276' title='bbox 1169 3280 1284 3331; x_wconf 80' lang='lat'><strong><em>623</em></strong></span> <span class='ocrx_word' id='word_1_277' title='bbox 1321 3292 1349 3330; x_wconf 87' lang='lat' dir='ltr'><strong>e</strong></span> <span class='ocrx_word' id='word_1_278' title='bbox 1384 3274 1564 3329; x_wconf 86' lang='lat' dir='ltr'><strong>codice</strong></span> <span class='ocrx_word' id='word_1_279' title='bbox 1589 3273 1863 3327; x_wconf 72' lang='lat' dir='ltr'><strong>Bernemi</strong></span> <span class='ocrx_word' id='word_1_280' title='bbox 1888 3275 2037 3331; x_wconf 82' lang='lat' dir='ltr'><strong>edita</strong></span> <span class='ocrx_word' id='word_1_281' title='bbox 2065 3276 2141 3331; x_wconf 85' lang='lat' dir='ltr'><strong>ad</strong></span> <span class='ocrx_word' id='word_1_282' title='bbox 2166 3279 2393 3333; x_wconf 73' lang='lat' dir='ltr'><strong>eundem</strong></span> <span class='ocrx_word' id='word_1_283' title='bbox 2418 3293 2631 3334; x_wconf 73' lang='lat' dir='ltr'><strong>versam</strong></span> <span class='ocrx_word' id='word_1_284' title='bbox 2659 3279 3029 3334; x_wconf 65' lang='lat' dir='ltr'><strong>adhibuerunt</strong></span> 
     </span>
     <span class='ocr_line' id='line_1_31' title="bbox 415 3354 3032 3429; baseline 0.002 -21"><span class='ocrx_word' id='word_1_285' title='bbox 415 3354 687 3425; x_wconf 74' lang='lat' dir='ltr'><strong>Berykius</strong></span> <span class='ocrx_word' id='word_1_286' title='bbox 725 3354 985 3408; x_wconf 74' lang='lat' dir='ltr'><strong>Zeitschr.</strong></span> <span class='ocrx_word' id='word_1_287' title='bbox 1026 3354 1066 3420; x_wconf 80' lang='lat' dir='ltr'><strong>f.</strong></span> <span class='ocrx_word' id='word_1_288' title='bbox 1097 3354 1498 3413; x_wconf 62' lang='lat' dir='ltr'><strong>Alterthumsw.</strong></span> <span class='ocrx_word' id='word_1_289' title='bbox 1528 3371 1579 3409; x_wconf 88' lang='lat' dir='ltr'><strong>a.</strong></span> <span class='ocrx_word' id='word_1_290' title='bbox 1609 3358 1752 3409; x_wconf 81' lang='lat'><strong><em>1851</em></strong></span> <span class='ocrx_word' id='word_1_291' title='bbox 1788 3370 1849 3422; x_wconf 79' lang='lat' dir='ltr'><strong>p.</strong></span> <span class='ocrx_word' id='word_1_292' title='bbox 1878 3358 1994 3409; x_wconf 81' lang='lat'><strong>218</strong></span> <span class='ocrx_word' id='word_1_293' title='bbox 2021 3359 2072 3409; x_wconf 87' lang='lat' dir='ltr'><strong>et</strong></span> <span class='ocrx_word' id='word_1_294' title='bbox 2098 3355 2428 3416; x_wconf 74' lang='lat' dir='ltr'><strong>Bitschelius</strong></span> <span class='ocrx_word' id='word_1_295' title='bbox 2453 3374 2633 3429; x_wconf 77' lang='lat' dir='ltr'><strong>opusc.</strong></span> <span class='ocrx_word' id='word_1_296' title='bbox 2653 3359 2848 3428; x_wconf 73' lang='lat' dir='ltr'><strong>philol.</strong></span> <span class='ocrx_word' id='word_1_297' title='bbox 2875 3375 2925 3414; x_wconf 86' lang='lat' dir='ltr'><strong>v.</strong></span> <span class='ocrx_word' id='word_1_298' title='bbox 2948 3359 3032 3411; x_wconf 94' lang='lat' dir='ltr'><strong>II</strong></span> 
     </span>
     <span class='ocr_line' id='line_1_32' title="bbox 407 3433 3029 3504; baseline 0.001 -14"><span class='ocrx_word' id='word_1_299' title='bbox 407 3452 469 3504; x_wconf 77' lang='lat' dir='ltr'><strong>p.</strong></span> <span class='ocrx_word' id='word_1_300' title='bbox 498 3439 611 3490; x_wconf 88' lang='lat'><strong>606</strong></span> <span class='ocrx_word' id='word_1_301' title='bbox 719 3439 752 3487; x_wconf 80' lang='lat'>3</span> <span class='ocrx_word' id='word_1_302' title='bbox 790 3450 970 3503; x_wconf 84' lang='lat' dir='ltr'><strong>aquae</strong></span> <span class='ocrx_word' id='word_1_303' title='bbox 996 3433 1052 3487; x_wconf 99' lang='grc' dir='ltr'><strong><em>Β</em></strong></span> <span class='ocrx_word' id='word_1_304' title='bbox 1088 3451 1233 3504; x_wconf 84' lang='lat' dir='ltr'><strong>aque</strong></span> <span class='ocrx_word' id='word_1_305' title='bbox 1264 3436 1340 3489; x_wconf 93' lang='lat' dir='ltr'><strong><em>M</em></strong></span> <span class='ocrx_word' id='word_1_306' title='bbox 1442 3441 1476 3490; x_wconf 80' lang='lat'>4</span> <span class='ocrx_word' id='word_1_307' title='bbox 1515 3453 1641 3490; x_wconf 89' lang='lat' dir='ltr'><strong>cum</strong></span> <span class='ocrx_word' id='word_1_308' title='bbox 1670 3451 1771 3490; x_wconf 88' lang='lat' dir='ltr'><strong>om.</strong></span> <span class='ocrx_word' id='word_1_309' title='bbox 1801 3435 1875 3501; x_wconf 86' lang='lat' dir='ltr'><strong>B,</strong></span> <span class='ocrx_word' id='word_1_310' title='bbox 1912 3438 2039 3492; x_wconf 82' lang='lat' dir='ltr'><strong>add.</strong></span> <span class='ocrx_word' id='word_1_311' title='bbox 2074 3439 2147 3492; x_wconf 89' lang='lat' dir='ltr'><strong><em>M</em></strong></span> <span class='ocrx_word' id='word_1_312' title='bbox 2252 3445 2284 3493; x_wconf 82' lang='lat'>5</span> <span class='ocrx_word' id='word_1_313' title='bbox 2322 3439 2388 3493; x_wconf 73' lang='lat' dir='ltr'><strong>ut</strong></span> <span class='ocrx_word' id='word_1_314' title='bbox 2425 3440 2516 3494; x_wconf 90' lang='lat' dir='ltr'><strong>cui</strong></span> <span class='ocrx_word' id='word_1_315' title='bbox 2551 3456 2664 3495; x_wconf 88' lang='lat' dir='ltr'><strong>non</strong></span> <span class='ocrx_word' id='word_1_316' title='bbox 2701 3439 2885 3493; x_wconf 77' lang='lat' dir='ltr'><strong>dictus</strong></span> <span class='ocrx_word' id='word_1_317' title='bbox 2921 3438 3029 3492; x_wconf 84' lang='lat' dir='ltr'><strong>ilas</strong></span> 
     </span>
     <span class='ocr_line' id='line_1_33' title="bbox 416 3512 3025 3589; baseline 0.002 -20"><span class='ocrx_word' id='word_1_318' title='bbox 416 3530 555 3584; x_wconf 86' lang='lat' dir='ltr'><strong>puer</strong></span> <span class='ocrx_word' id='word_1_319' title='bbox 600 3514 658 3568; x_wconf 75' lang='lat' dir='ltr'><strong>et.</strong></span> <span class='ocrx_word' id='word_1_320' title='bbox 701 3512 838 3567; x_wconf 74' lang='lat' dir='ltr'><strong>item</strong></span> <span class='ocrx_word' id='word_1_321' title='bbox 888 3513 962 3566; x_wconf 92' lang='lat' dir='ltr'><strong><em>M</em></strong></span> <span class='ocrx_word' id='word_1_322' title='bbox 1004 3515 1062 3567; x_wconf 74' lang='lat' dir='ltr'><strong>et</strong></span> <span class='ocrx_word' id='word_1_323' title='bbox 1107 3514 1197 3569; x_wconf 87' lang='lat' dir='ltr'><strong>cui</strong></span> <span class='ocrx_word' id='word_1_324' title='bbox 1247 3532 1360 3571; x_wconf 87' lang='lat' dir='ltr'><strong>non</strong></span> <span class='ocrx_word' id='word_1_325' title='bbox 1405 3516 1561 3571; x_wconf 77' lang='lat' dir='ltr'><strong>dictu</strong></span> <span class='ocrx_word' id='word_1_326' title='bbox 1607 3515 1740 3570; x_wconf 79' lang='lat' dir='ltr'><strong>silae</strong></span> <span class='ocrx_word' id='word_1_327' title='bbox 1788 3518 1848 3570; x_wconf 70' lang='lat' dir='ltr'><strong>et.</strong></span> <span class='ocrx_word' id='word_1_328' title='bbox 1890 3514 2028 3570; x_wconf 76' lang='lat' dir='ltr'><strong>item</strong></span> <span class='ocrx_word' id='word_1_329' title='bbox 2073 3518 2129 3571; x_wconf 93' lang='grc' dir='ltr'><strong><em>Β</em></strong></span> <span class='ocrx_word' id='word_1_330' title='bbox 2167 3540 2181 3573; x_wconf 83' lang='lat'>=</span> <span class='ocrx_word' id='word_1_331' title='bbox 2230 3517 2386 3588; x_wconf 65' lang='lat' dir='ltr'><strong>Ver-9.</strong></span> <span class='ocrx_word' id='word_1_332' title='bbox 2434 3535 2610 3589; x_wconf 61' lang='grc' dir='ltr'><strong>φωρ.</strong></span> <span class='ocrx_word' id='word_1_333' title='bbox 2651 3520 2779 3574; x_wconf 93' lang='grc' dir='ltr'><strong>ΙΙΙ</strong></span> <span class='ocrx_word' id='word_1_334' title='bbox 2812 3524 2849 3574; x_wconf 94' lang='lat'><strong><em>6</em></strong></span> <span class='ocrx_word' id='word_1_335' title='bbox 2994 3525 3025 3573; x_wconf 84' lang='lat'><strong><em>6</em></strong></span> 
     </span>
     <span class='ocr_line' id='line_1_34' title="bbox 419 3592 3033 3670; baseline 0.002 -21"><span class='ocrx_word' id='word_1_336' title='bbox 419 3592 635 3664; x_wconf 80' lang='lat' dir='ltr'><strong>Tityre]</strong></span> <span class='ocrx_word' id='word_1_337' title='bbox 686 3592 843 3661; x_wconf 76' lang='lat' dir='ltr'><strong>Ver-9.</strong></span> <span class='ocrx_word' id='word_1_338' title='bbox 882 3592 998 3648; x_wconf 74' lang='lat' dir='ltr'><strong>buc.</strong></span> <span class='ocrx_word' id='word_1_339' title='bbox 1037 3598 1129 3660; x_wconf 91' lang='lat'><strong>3,6</strong></span> <span class='ocrx_word' id='word_1_340' title='bbox 1274 3603 1303 3649; x_wconf 82' lang='grc'><strong>7</strong></span> <span class='ocrx_word' id='word_1_341' title='bbox 1344 3595 1522 3651; x_wconf 77' lang='lat' dir='ltr'><strong>veluti</strong></span> <span class='ocrx_word' id='word_1_342' title='bbox 1558 3595 1815 3665; x_wconf 79' lang='lat' dir='ltr'><strong>singulae</strong></span> <span class='ocrx_word' id='word_1_343' title='bbox 1852 3594 2054 3650; x_wconf 89' lang='lat' dir='ltr'><strong>sillabe</strong></span> <span class='ocrx_word' id='word_1_344' title='bbox 2090 3596 2202 3651; x_wconf 75' lang='lat' dir='ltr'><strong>sint</strong></span> <span class='ocrx_word' id='word_1_345' title='bbox 2236 3597 2291 3651; x_wconf 93' lang='grc' dir='ltr'><strong><em>Β</em></strong></span> <span class='ocrx_word' id='word_1_346' title='bbox 2329 3597 2507 3653; x_wconf 75' lang='lat' dir='ltr'><strong>ueluti</strong></span> <span class='ocrx_word' id='word_1_347' title='bbox 2553 3597 2762 3670; x_wconf 82' lang='lat' dir='ltr'><strong>singuli</strong></span> <span class='ocrx_word' id='word_1_348' title='bbox 2807 3598 2920 3653; x_wconf 73' lang='lat' dir='ltr'><strong>sint</strong></span> <span class='ocrx_word' id='word_1_349' title='bbox 2959 3599 3033 3652; x_wconf 93' lang='lat' dir='ltr'><strong><em>M</em></strong></span> 
     </span>
    </p>

    <p class='ocr_par' dir='ltr' id='par_1_7' title="bbox 419 3672 3046 4870">
     <span class='ocr_line' id='line_1_35' title="bbox 490 3672 3030 3749; baseline 0.002 -22"><span class='ocrx_word' id='word_1_350' title='bbox 490 3681 522 3728; x_wconf 89' lang='lat'>8</span> <span class='ocrx_word' id='word_1_351' title='bbox 560 3672 948 3741; x_wconf 71' lang='lat' dir='ltr'><strong>maximaeque</strong></span> <span class='ocrx_word' id='word_1_352' title='bbox 987 3674 1063 3728; x_wconf 92' lang='lat' dir='ltr'><strong><em>M</em></strong></span> <span class='ocrx_word' id='word_1_353' title='bbox 1095 3718 1106 3731; x_wconf 92' lang='lat'><em>.</em></span> <span class='ocrx_word' id='word_1_354' title='bbox 1146 3676 1379 3742; x_wconf 80' lang='lat' dir='ltr'><strong>fortasse</strong></span> <span class='ocrx_word' id='word_1_355' title='bbox 1414 3678 1473 3731; x_wconf 74' lang='lat' dir='ltr'><strong>etz</strong></span> <span class='ocrx_word' id='word_1_356' title='bbox 1509 3673 1636 3730; x_wconf 86' lang='lat' dir='ltr'><strong>aliis</strong></span> <span class='ocrx_word' id='word_1_357' title='bbox 1672 3675 1926 3731; x_wconf 81' lang='lat' dir='ltr'><strong>versibus</strong></span> <span class='ocrx_word' id='word_1_358' title='bbox 1961 3675 2317 3746; x_wconf 84' lang='lat' dir='ltr'><strong>maximeque</strong></span> <span class='ocrx_word' id='word_1_359' title='bbox 2365 3678 2428 3732; x_wconf 88' lang='lat' dir='ltr'><strong>in</strong></span> <span class='ocrx_word' id='word_1_360' title='bbox 2472 3678 2776 3749; x_wconf 84' lang='lat' dir='ltr'><strong>georgicis,</strong></span> <span class='ocrx_word' id='word_1_361' title='bbox 2827 3679 2893 3733; x_wconf 72' lang='lat' dir='ltr'><strong>ut</strong></span> <span class='ocrx_word' id='word_1_362' title='bbox 2938 3679 3030 3733; x_wconf 89' lang='lat' dir='ltr'><strong>cui</strong></span> 
     </span>
     <span class='ocr_line' id='line_1_36' title="bbox 419 3753 3031 3830; baseline 0.002 -22"><span class='ocrx_word' id='word_1_363' title='bbox 419 3755 580 3824; x_wconf 70' lang='lat' dir='ltr'><strong>turpe</strong></span> <span class='ocrx_word' id='word_1_364' title='bbox 618 3754 814 3823; x_wconf 80' lang='lat' dir='ltr'><strong>caput,</strong></span> <span class='ocrx_word' id='word_1_365' title='bbox 860 3753 975 3807; x_wconf 72' lang='lat' dir='ltr'><strong>nisi</strong></span> <span class='ocrx_word' id='word_1_366' title='bbox 1009 3755 1203 3821; x_wconf 78' lang='lat' dir='ltr'><strong>potius</strong></span> <span class='ocrx_word' id='word_1_367' title='bbox 1238 3756 1357 3811; x_wconf 81' lang='lat' dir='ltr'><strong>alia</strong></span> <span class='ocrx_word' id='word_1_368' title='bbox 1399 3757 1770 3826; x_wconf 72' lang='lat' dir='ltr'><strong>yeoryi&#39;corum</strong></span> <span class='ocrx_word' id='word_1_369' title='bbox 1818 3759 2087 3825; x_wconf 77' lang='lat' dir='ltr'><strong>exempla,</strong></span> <span class='ocrx_word' id='word_1_370' title='bbox 2132 3761 2197 3815; x_wconf 78' lang='lat' dir='ltr'><strong>in</strong></span> <span class='ocrx_word' id='word_1_371' title='bbox 2240 3761 2440 3830; x_wconf 73' lang='lat' dir='ltr'><strong>quibus</strong></span> <span class='ocrx_word' id='word_1_372' title='bbox 2488 3760 2584 3815; x_wconf 50' lang='lat' dir='ltr'><strong>eui*</strong></span> <span class='ocrx_word' id='word_1_373' title='bbox 2622 3761 2888 3830; x_wconf 58' lang='lat' dir='ltr'><strong>scriptum</strong></span> <span class='ocrx_word' id='word_1_374' title='bbox 2938 3763 3031 3823; x_wconf 77' lang='lat' dir='ltr'><strong>est,</strong></span> 
     </span>
     <span class='ocr_line' id='line_1_37' title="bbox 421 3831 3034 3909; baseline 0 -19"><span class='ocrx_word' id='word_1_375' title='bbox 421 3840 546 3890; x_wconf 74' lang='lat' dir='ltr'><strong>ante</strong></span> <span class='ocrx_word' id='word_1_376' title='bbox 582 3834 641 3888; x_wconf 71' lang='lat' dir='ltr'><strong>elz</strong></span> <span class='ocrx_word' id='word_1_377' title='bbox 676 3831 769 3887; x_wconf 85' lang='lat' dir='ltr'><strong>cui</strong></span> <span class='ocrx_word' id='word_1_378' title='bbox 804 3832 1129 3887; x_wconf 74' lang='lat' dir='ltr'><strong>exciderunt</strong></span> <span class='ocrx_word' id='word_1_379' title='bbox 1272 3841 1305 3890; x_wconf 84' lang='lat'>9</span> <span class='ocrx_word' id='word_1_380' title='bbox 1343 3837 1403 3890; x_wconf 78' lang='lat' dir='ltr'><strong>et</strong></span> <span class='ocrx_word' id='word_1_381' title='bbox 1438 3834 1530 3890; x_wconf 81' lang='lat' dir='ltr'><strong>cui</strong></span> <span class='ocrx_word' id='word_1_382' title='bbox 1564 3837 1762 3905; x_wconf 76' lang='lat' dir='ltr'><strong>turpae</strong></span> <span class='ocrx_word' id='word_1_383' title='bbox 1801 3836 1983 3907; x_wconf 87' lang='lat' dir='ltr'><strong>capud</strong></span> <span class='ocrx_word' id='word_1_384' title='bbox 2024 3837 2100 3890; x_wconf 93' lang='lat' dir='ltr'><strong><em>M</em></strong></span> <span class='ocrx_word' id='word_1_385' title='bbox 2124 3859 2142 3891; x_wconf 92' lang='lat'><em>:</em></span> <span class='ocrx_word' id='word_1_386' title='bbox 2181 3838 2335 3909; x_wconf 71' lang='lat' dir='ltr'><strong>Ver-9.</strong></span> <span class='ocrx_word' id='word_1_387' title='bbox 2374 3854 2551 3909; x_wconf 74' lang='lat' dir='ltr'><strong>yeory.</strong></span> <span class='ocrx_word' id='word_1_388' title='bbox 2591 3840 2720 3893; x_wconf 94' lang='lat' dir='ltr'><strong>III</strong></span> <span class='ocrx_word' id='word_1_389' title='bbox 2752 3844 2829 3895; x_wconf 79' lang='lat'><strong>52</strong></span> <span class='ocrx_word' id='word_1_390' title='bbox 2975 3839 3034 3893; x_wconf 77' lang='lat' dir='ltr'><strong>et</strong></span> 
     </span>
     <span class='ocr_line' id='line_1_38' title="bbox 420 3912 3032 3989; baseline 0.001 -20"><span class='ocrx_word' id='word_1_391' title='bbox 420 3914 555 3969; x_wconf 72' lang='lat' dir='ltr'><strong>item</strong></span> <span class='ocrx_word' id='word_1_392' title='bbox 600 3912 787 3968; x_wconf 86' lang='lat' dir='ltr'><strong>renice</strong></span> <span class='ocrx_word' id='word_1_393' title='bbox 831 3928 903 3966; x_wconf 87' lang='lat' dir='ltr'><strong>ne</strong></span> <span class='ocrx_word' id='word_1_394' title='bbox 951 3913 1027 3966; x_wconf 90' lang='lat' dir='ltr'><strong><em>M</em></strong></span> <span class='ocrx_word' id='word_1_395' title='bbox 1068 3916 1127 3969; x_wconf 74' lang='lat' dir='ltr'><strong>et</strong></span> <span class='ocrx_word' id='word_1_396' title='bbox 1170 3912 1308 3970; x_wconf 80' lang='lat' dir='ltr'><strong>item</strong></span> <span class='ocrx_word' id='word_1_397' title='bbox 1355 3917 1415 3969; x_wconf 78' lang='lat' dir='ltr'><strong>et</strong></span> <span class='ocrx_word' id='word_1_398' title='bbox 1456 3914 1541 3971; x_wconf 87' lang='lat' dir='ltr'><strong>rei</strong></span> <span class='ocrx_word' id='word_1_399' title='bbox 1588 3931 1721 3970; x_wconf 88' lang='lat' dir='ltr'><strong>cene</strong></span> <span class='ocrx_word' id='word_1_400' title='bbox 1771 3915 1829 3969; x_wconf 94' lang='grc' dir='ltr'><strong><em>Β</em></strong></span> <span class='ocrx_word' id='word_1_401' title='bbox 1876 3937 1889 3969; x_wconf 89' lang='lat'>:</span> <span class='ocrx_word' id='word_1_402' title='bbox 1947 3917 2105 3987; x_wconf 58' lang='lat' dir='ltr'><strong>Vei-9.</strong></span> <span class='ocrx_word' id='word_1_403' title='bbox 2150 3936 2327 3989; x_wconf 74' lang='lat' dir='ltr'><strong>qeory.</strong></span> <span class='ocrx_word' id='word_1_404' title='bbox 2383 3921 2511 3975; x_wconf 94' lang='lat' dir='ltr'><strong>III</strong></span> <span class='ocrx_word' id='word_1_405' title='bbox 2553 3925 2663 3975; x_wconf 83' lang='lat'><strong>389</strong></span> <span class='ocrx_word' id='word_1_406' title='bbox 2816 3925 2882 3974; x_wconf 79' lang='lat'><strong>12</strong></span> <span class='ocrx_word' id='word_1_407' title='bbox 2933 3917 3032 3972; x_wconf 84' lang='lat' dir='ltr'><strong>DE</strong></span> 
     </span>
     <span class='ocr_line' id='line_1_39' title="bbox 422 3990 3027 4069; baseline 0.002 -19"><span class='ocrx_word' id='word_1_408' title='bbox 422 3990 909 4063; x_wconf 75' lang='lat' dir='ltr'>ACCENTIBVSJ</span> <span class='ocrx_word' id='word_1_409' title='bbox 966 3996 1018 4046; x_wconf 85' lang='lat' dir='ltr'><strong>et</strong></span> <span class='ocrx_word' id='word_1_410' title='bbox 1068 3993 1199 4048; x_wconf 80' lang='lat' dir='ltr'><strong>haec</strong></span> <span class='ocrx_word' id='word_1_411' title='bbox 1248 3999 1297 4050; x_wconf 90' lang='lat' dir='ltr'><strong>et</strong></span> <span class='ocrx_word' id='word_1_412' title='bbox 1353 4012 1492 4064; x_wconf 73' lang='lat' dir='ltr'><strong>qaae</strong></span> <span class='ocrx_word' id='word_1_413' title='bbox 1546 3995 1611 4048; x_wconf 77' lang='lat' dir='ltr'><strong>in</strong></span> <span class='ocrx_word' id='word_1_414' title='bbox 1662 3996 1771 4061; x_wconf 74' lang='lat' dir='ltr'><strong>fine</strong></span> <span class='ocrx_word' id='word_1_415' title='bbox 1827 3995 1958 4050; x_wconf 75' lang='lat' dir='ltr'><strong>libri</strong></span> <span class='ocrx_word' id='word_1_416' title='bbox 2000 3998 2065 4052; x_wconf 72' lang='lat' dir='ltr'><strong>in</strong></span> <span class='ocrx_word' id='word_1_417' title='bbox 2106 4001 2561 4069; x_wconf 78' lang='lat' dir='ltr'><strong>recapitulatione</strong></span> <span class='ocrx_word' id='word_1_418' title='bbox 2605 4001 2671 4055; x_wconf 86' lang='lat' dir='ltr'><strong>de</strong></span> <span class='ocrx_word' id='word_1_419' title='bbox 2717 4000 3027 4055; x_wconf 77' lang='lat' dir='ltr'><strong>accentibus</strong></span> 
     </span>
     <span class='ocr_line' id='line_1_40' title="bbox 421 4073 3035 4148; baseline 0.002 -18"><span class='ocrx_word' id='word_1_420' title='bbox 421 4076 628 4143; x_wconf 72' lang='lat' dir='ltr'><strong>scripta</strong></span> <span class='ocrx_word' id='word_1_421' title='bbox 673 4077 805 4128; x_wconf 73' lang='lat' dir='ltr'><strong>aunt</strong></span> <span class='ocrx_word' id='word_1_422' title='bbox 849 4073 1044 4127; x_wconf 80' lang='lat' dir='ltr'><strong>mnisso</strong></span> <span class='ocrx_word' id='word_1_423' title='bbox 1090 4074 1333 4129; x_wconf 74' lang='lat' dir='ltr'><strong>auctoris</strong></span> <span class='ocrx_word' id='word_1_424' title='bbox 1377 4074 1596 4128; x_wconf 76' lang='lat' dir='ltr'><strong>nominc</strong></span> <span class='ocrx_word' id='word_1_425' title='bbox 1641 4073 1898 4143; x_wconf 72' lang='lat' dir='ltr'><strong>lequntur</strong></span> <span class='ocrx_word' id='word_1_426' title='bbox 1953 4077 2017 4133; x_wconf 78' lang='lat' dir='ltr'><strong>in</strong></span> <span class='ocrx_word' id='word_1_427' title='bbox 2074 4080 2289 4134; x_wconf 79' lang='lat' dir='ltr'><strong>duobus</strong></span> <span class='ocrx_word' id='word_1_428' title='bbox 2343 4081 2646 4148; x_wconf 76' lang='lat' dir='ltr'><strong>codicibus,</strong></span> <span class='ocrx_word' id='word_1_429' title='bbox 2706 4080 2781 4134; x_wconf 91' lang='lat' dir='ltr'><strong><em>M</em></strong></span> <span class='ocrx_word' id='word_1_430' title='bbox 2778 4080 3035 4135; x_wconf 77' lang='lat' dir='ltr'><strong>onacensi</strong></span> 
     </span>
     <span class='ocr_line' id='line_1_41' title="bbox 425 4151 3034 4230; baseline 0.001 -19"><span class='ocrx_word' id='word_1_431' title='bbox 425 4161 570 4211; x_wconf 89' lang='lat'><strong><em>6399</em></strong></span> <span class='ocrx_word' id='word_1_432' title='bbox 608 4155 738 4209; x_wconf 86' lang='lat' dir='ltr'><strong>olim</strong></span> <span class='ocrx_word' id='word_1_433' title='bbox 775 4151 1132 4222; x_wconf 57' lang='lat' dir='ltr'><strong>Fuisinqensi</strong></span> <span class='ocrx_word' id='word_1_434' title='bbox 1167 4160 1275 4208; x_wconf 89' lang='lat'><strong>199</strong></span> <span class='ocrx_word' id='word_1_435' title='bbox 1313 4159 1365 4209; x_wconf 84' lang='lat' dir='ltr'><strong>et</strong></span> <span class='ocrx_word' id='word_1_436' title='bbox 1400 4154 1659 4211; x_wconf 78' lang='lat' dir='ltr'><strong>Leidensi</strong></span> <span class='ocrx_word' id='word_1_437' title='bbox 1706 4156 1855 4212; x_wconf 76' lang='lat' dir='ltr'><strong>Voss.</strong></span> <span class='ocrx_word' id='word_1_438' title='bbox 1900 4158 1962 4229; x_wconf 76' lang='lat' dir='ltr'><strong>Q.</strong></span> <span class='ocrx_word' id='word_1_439' title='bbox 2001 4166 2160 4215; x_wconf 88' lang='lat'><strong><em>116.</em></strong></span> <span class='ocrx_word' id='word_1_440' title='bbox 2199 4177 2227 4215; x_wconf 88' lang='lat' dir='ltr'><strong>e</strong></span> <span class='ocrx_word' id='word_1_441' title='bbox 2261 4162 2460 4230; x_wconf 81' lang='lat' dir='ltr'><strong>quibas</strong></span> <span class='ocrx_word' id='word_1_442' title='bbox 2505 4161 2785 4229; x_wconf 77' lang='lat' dir='ltr'><strong>scriptura</strong></span> <span class='ocrx_word' id='word_1_443' title='bbox 2831 4159 3034 4215; x_wconf 82' lang='lat' dir='ltr'><strong>codicis</strong></span> 
     </span>
     <span class='ocr_line' id='line_1_42' title="bbox 423 4232 3036 4310; baseline 0.002 -22"><span class='ocrx_word' id='word_1_444' title='bbox 423 4235 802 4307; x_wconf 73' lang='lat' dir='ltr'><strong>Frisinyensis</strong></span> <span class='ocrx_word' id='word_1_445' title='bbox 838 4232 944 4302; x_wconf 87' lang='lat' dir='ltr'><strong>(F)</strong></span> <span class='ocrx_word' id='word_1_446' title='bbox 978 4251 1096 4289; x_wconf 71' lang='lat' dir='ltr'><strong>ima</strong></span> <span class='ocrx_word' id='word_1_447' title='bbox 1140 4251 1262 4289; x_wconf 78' lang='lat' dir='ltr'><strong>cum</strong></span> <span class='ocrx_word' id='word_1_448' title='bbox 1306 4234 1627 4290; x_wconf 77' lang='lat' dir='ltr'><strong>lectionibus</strong></span> <span class='ocrx_word' id='word_1_449' title='bbox 1673 4236 1920 4291; x_wconf 79' lang='lat' dir='ltr'><strong>codicum</strong></span> <span class='ocrx_word' id='word_1_450' title='bbox 1963 4238 2042 4292; x_wconf 94' lang='grc' dir='ltr'><strong><em>Β</em></strong></span> <span class='ocrx_word' id='word_1_451' title='bbox 2056 4244 2106 4293; x_wconf 85' lang='lat' dir='ltr'><strong>et</strong></span> <span class='ocrx_word' id='word_1_452' title='bbox 2144 4240 2220 4293; x_wconf 93' lang='lat' dir='ltr'><strong><em>M</em></strong></span> <span class='ocrx_word' id='word_1_453' title='bbox 2252 4241 2469 4310; x_wconf 77' lang='lat' dir='ltr'><strong>inteqra</strong></span> <span class='ocrx_word' id='word_1_454' title='bbox 2511 4240 2756 4295; x_wconf 77' lang='lat' dir='ltr'><strong>exhibita</strong></span> <span class='ocrx_word' id='word_1_455' title='bbox 2804 4245 2931 4296; x_wconf 77' lang='lat' dir='ltr'><strong>est.</strong></span> <span class='ocrx_word' id='word_1_456' title='bbox 2969 4255 3036 4293; x_wconf 79' lang='lat' dir='ltr'><strong>ex</strong></span> 
     </span>
     <span class='ocr_line' id='line_1_43' title="bbox 424 4313 3031 4385; baseline 0 -12"><span class='ocrx_word' id='word_1_457' title='bbox 424 4318 681 4373; x_wconf 75' lang='lat' dir='ltr'><strong>Leidensi</strong></span> <span class='ocrx_word' id='word_1_458' title='bbox 743 4313 923 4370; x_wconf 83' lang='lat' dir='ltr'><strong>codice</strong></span> <span class='ocrx_word' id='word_1_459' title='bbox 985 4318 1272 4385; x_wconf 71' lang='lat' dir='ltr'><strong>utrumque</strong></span> <span class='ocrx_word' id='word_1_460' title='bbox 1335 4317 1779 4370; x_wconf 73' lang='lat' dir='ltr'><strong>commentarium</strong></span> <span class='ocrx_word' id='word_1_461' title='bbox 1841 4317 2015 4373; x_wconf 79' lang='lat' dir='ltr'><strong>edidit</strong></span> <span class='ocrx_word' id='word_1_462' title='bbox 2067 4318 2135 4373; x_wconf 88' lang='lat' dir='ltr'><strong>L.</strong></span> <span class='ocrx_word' id='word_1_463' title='bbox 2196 4318 2504 4374; x_wconf 77' lang='lat' dir='ltr'><strong>Muellerus</strong></span> <span class='ocrx_word' id='word_1_464' title='bbox 2557 4336 2691 4375; x_wconf 75' lang='lat' dir='ltr'><strong>mus.</strong></span> <span class='ocrx_word' id='word_1_465' title='bbox 2750 4320 2923 4374; x_wconf 64' lang='lat' dir='ltr'><strong>Rhea.</strong></span> <span class='ocrx_word' id='word_1_466' title='bbox 2981 4335 3031 4373; x_wconf 87' lang='lat' dir='ltr'><strong>v.</strong></span> 
     </span>
     <span class='ocr_line' id='line_1_44' title="bbox 430 4395 3036 4470; baseline 0 -19"><span class='ocrx_word' id='word_1_467' title='bbox 430 4397 678 4451; x_wconf 86' lang='lat' dir='ltr'><strong><em>XVIII</em></strong></span> <span class='ocrx_word' id='word_1_468' title='bbox 701 4397 778 4465; x_wconf 88' lang='lat' dir='ltr'><strong>(a.</strong></span> <span class='ocrx_word' id='word_1_469' title='bbox 806 4395 980 4461; x_wconf 87' lang='grc'><strong><em>1863)</em></strong></span> <span class='ocrx_word' id='word_1_470' title='bbox 1010 4410 1066 4461; x_wconf 86' lang='lat' dir='ltr'><strong>p.</strong></span> <span class='ocrx_word' id='word_1_471' title='bbox 1094 4398 1205 4450; x_wconf 89' lang='lat'><strong><em>169</em></strong></span> <span class='ocrx_word' id='word_1_472' title='bbox 1242 4401 1566 4465; x_wconf 75' lang='lat' dir='ltr'><strong>sqq.13</strong></span> <span class='ocrx_word' id='word_1_473' title='bbox 1608 4395 1887 4451; x_wconf 75' lang='lat' dir='ltr'><strong>Accentus</strong></span> <span class='ocrx_word' id='word_1_474' title='bbox 1927 4396 2064 4469; x_wconf 86' lang='lat' dir='ltr'><strong>quid</strong></span> <span class='ocrx_word' id='word_1_475' title='bbox 2094 4399 2162 4449; x_wconf 49' lang='grc' dir='ltr'><strong>’ὲ</strong></span> <span class='ocrx_word' id='word_1_476' title='bbox 2197 4416 2221 4451; x_wconf 84' lang='lat' dir='ltr'><strong>s</strong></span> <span class='ocrx_word' id='word_1_477' title='bbox 2262 4398 2323 4452; x_wconf 87' lang='lat' dir='ltr'><em>F</em></span> <span class='ocrx_word' id='word_1_478' title='bbox 2459 4399 2772 4470; x_wconf 85' lang='lat' dir='ltr'><strong>praesidiae</strong></span> <span class='ocrx_word' id='word_1_479' title='bbox 2805 4400 2879 4453; x_wconf 94' lang='lat' dir='ltr'><strong><em>M</em></strong></span> <span class='ocrx_word' id='word_1_480' title='bbox 2904 4414 3036 4469; x_wconf 86' lang='lat' dir='ltr'><strong>pro-</strong></span> 
     </span>
     <span class='ocr_line' id='line_1_45' title="bbox 427 4474 3035 4549; baseline 0.001 -18"><span class='ocrx_word' id='word_1_481' title='bbox 427 4476 658 4533; x_wconf 85' lang='lat' dir='ltr'><strong>solidiae</strong></span> <span class='ocrx_word' id='word_1_482' title='bbox 708 4474 772 4530; x_wconf 89' lang='lat' dir='ltr'><em>F</em></span> <span class='ocrx_word' id='word_1_483' title='bbox 913 4477 981 4526; x_wconf 85' lang='lat'><strong>14</strong></span> <span class='ocrx_word' id='word_1_484' title='bbox 1029 4474 1210 4529; x_wconf 76' lang='lat' dir='ltr'><strong>acutis</strong></span> <span class='ocrx_word' id='word_1_485' title='bbox 1256 4474 1523 4545; x_wconf 85' lang='lat' dir='ltr'><strong>grauibus</strong></span> <span class='ocrx_word' id='word_1_486' title='bbox 1572 4475 1648 4529; x_wconf 93' lang='lat' dir='ltr'><strong><em>M</em></strong></span> <span class='ocrx_word' id='word_1_487' title='bbox 1787 4478 1889 4531; x_wconf 70' lang='lat' dir='ltr'><strong>aui·</strong></span> <span class='ocrx_word' id='word_1_488' title='bbox 1939 4484 2066 4534; x_wconf 79' lang='lat' dir='ltr'><strong>ante</strong></span> <span class='ocrx_word' id='word_1_489' title='bbox 2109 4496 2346 4549; x_wconf 78' lang='lat' dir='ltr'><strong>graecae</strong></span> <span class='ocrx_word' id='word_1_490' title='bbox 2394 4496 2493 4536; x_wconf 86' lang='lat' dir='ltr'><strong>om.</strong></span> <span class='ocrx_word' id='word_1_491' title='bbox 2533 4479 2594 4533; x_wconf 87' lang='lat' dir='ltr'><em>F</em></span> <span class='ocrx_word' id='word_1_492' title='bbox 2736 4485 2800 4534; x_wconf 82' lang='grc'><strong><em>17</em></strong></span> <span class='ocrx_word' id='word_1_493' title='bbox 2839 4480 3035 4534; x_wconf 74' lang='lat' dir='ltr'><strong>acutus</strong></span> 
     </span>
     <span class='ocr_line' id='line_1_46' title="bbox 431 4553 3039 4630; baseline 0.002 -20"><span class='ocrx_word' id='word_1_494' title='bbox 431 4585 492 4597; x_wconf 88' lang='lat'><strong>--</strong></span> <span class='ocrx_word' id='word_1_495' title='bbox 520 4554 736 4624; x_wconf 67' lang='lat' dir='ltr'><strong>teneat-0]</strong></span> <span class='ocrx_word' id='word_1_496' title='bbox 766 4553 917 4624; x_wconf 83' lang='lat' dir='ltr'><strong>apud</strong></span> <span class='ocrx_word' id='word_1_497' title='bbox 952 4570 1184 4622; x_wconf 86' lang='lat' dir='ltr'><strong>graecos</strong></span> <span class='ocrx_word' id='word_1_498' title='bbox 1222 4556 1417 4611; x_wconf 80' lang='lat' dir='ltr'><strong>acutus</strong></span> <span class='ocrx_word' id='word_1_499' title='bbox 1452 4554 1565 4610; x_wconf 71' lang='lat' dir='ltr'><strong>tria</strong></span> <span class='ocrx_word' id='word_1_500' title='bbox 1599 4555 1726 4611; x_wconf 88' lang='lat' dir='ltr'><strong>loca</strong></span> <span class='ocrx_word' id='word_1_501' title='bbox 1760 4558 1918 4613; x_wconf 72' lang='lat' dir='ltr'><strong>tenet</strong></span> <span class='ocrx_word' id='word_1_502' title='bbox 1945 4559 2006 4613; x_wconf 89' lang='lat' dir='ltr'><em>F</em></span> <span class='ocrx_word' id='word_1_503' title='bbox 2145 4559 2347 4614; x_wconf 70' lang='lat' dir='ltr'><strong>ultima</strong></span> <span class='ocrx_word' id='word_1_504' title='bbox 2384 4561 2444 4614; x_wconf 73' lang='lat' dir='ltr'><strong>et,</strong></span> <span class='ocrx_word' id='word_1_505' title='bbox 2479 4559 2592 4628; x_wconf 87' lang='lat' dir='ltr'><strong>(uel</strong></span> <span class='ocrx_word' id='word_1_506' title='bbox 2620 4559 2697 4629; x_wconf 93' lang='grc' dir='ltr'><strong>Β)</strong></span> <span class='ocrx_word' id='word_1_507' title='bbox 2724 4559 3039 4630; x_wconf 69' lang='lat' dir='ltr'><strong>penultima</strong></span> 
     </span>
     <span class='ocr_line' id='line_1_47' title="bbox 429 4632 3040 4711; baseline 0.002 -22"><span class='ocrx_word' id='word_1_508' title='bbox 429 4636 487 4690; x_wconf 81' lang='lat' dir='ltr'><strong>el:-</strong></span> <span class='ocrx_word' id='word_1_509' title='bbox 520 4634 580 4689; x_wconf 85' lang='lat' dir='ltr'><strong>in</strong></span> <span class='ocrx_word' id='word_1_510' title='bbox 616 4633 929 4704; x_wconf 80' lang='lat' dir='ltr'><strong>proximam</strong></span> <span class='ocrx_word' id='word_1_511' title='bbox 968 4632 1227 4690; x_wconf 78' lang='lat' dir='ltr'><strong>sillabam</strong></span> <span class='ocrx_word' id='word_1_512' title='bbox 1264 4635 1461 4706; x_wconf 75' lang='lat' dir='ltr'><strong>(latine</strong></span> <span class='ocrx_word' id='word_1_513' title='bbox 1498 4637 1626 4691; x_wconf 83' lang='lat' dir='ltr'><strong>add.</strong></span> <span class='ocrx_word' id='word_1_514' title='bbox 1666 4636 1754 4706; x_wconf 90' lang='lat' dir='ltr'><strong>F)</strong></span> <span class='ocrx_word' id='word_1_515' title='bbox 1804 4638 2020 4693; x_wconf 88' lang='lat' dir='ltr'><strong>duobus</strong></span> <span class='ocrx_word' id='word_1_516' title='bbox 2066 4638 2122 4692; x_wconf 99' lang='grc' dir='ltr'><strong><em>Β</em></strong></span> <span class='ocrx_word' id='word_1_517' title='bbox 2140 4639 2214 4692; x_wconf 91' lang='grc' dir='ltr'><em>Μ</em></span> <span class='ocrx_word' id='word_1_518' title='bbox 2223 4638 2284 4692; x_wconf 99' lang='lat' dir='ltr'><em>F</em></span> <span class='ocrx_word' id='word_1_519' title='bbox 2425 4644 2490 4693; x_wconf 83' lang='lat'><strong>19</strong></span> <span class='ocrx_word' id='word_1_520' title='bbox 2528 4639 2650 4711; x_wconf 76' lang='lat' dir='ltr'><strong>aut]</strong></span> <span class='ocrx_word' id='word_1_521' title='bbox 2701 4641 2768 4695; x_wconf 70' lang='lat' dir='ltr'><strong>ui·</strong></span> <span class='ocrx_word' id='word_1_522' title='bbox 2811 4645 3040 4711; x_wconf 75' lang='lat' dir='ltr'><strong>utroque</strong></span> 
     </span>
     <span class='ocr_line' id='line_1_48' title="bbox 428 4713 3040 4789; baseline 0.002 -18"><span class='ocrx_word' id='word_1_523' title='bbox 428 4716 542 4771; x_wconf 72' lang='lat' dir='ltr'><strong>loco</strong></span> <span class='ocrx_word' id='word_1_524' title='bbox 572 4715 647 4769; x_wconf 89' lang='lat' dir='ltr'><strong><em>M</em></strong></span> <span class='ocrx_word' id='word_1_525' title='bbox 752 4713 1130 4786; x_wconf 74' lang='lat' dir='ltr'><strong>praelegistis]</strong></span> <span class='ocrx_word' id='word_1_526' title='bbox 1160 4723 1321 4772; x_wconf 74' lang='lat' dir='ltr'><strong>notas</strong></span> <span class='ocrx_word' id='word_1_527' title='bbox 1348 4721 1669 4772; x_wconf 70' lang='lat' dir='ltr'><strong>accentuum</strong></span> <span class='ocrx_word' id='word_1_528' title='bbox 1704 4721 1754 4772; x_wconf 86' lang='lat' dir='ltr'><strong>et</strong></span> <span class='ocrx_word' id='word_1_529' title='bbox 1788 4718 1854 4771; x_wconf 76' lang='lat' dir='ltr'><strong>in</strong></span> <span class='ocrx_word' id='word_1_530' title='bbox 1887 4719 1987 4773; x_wconf 78' lang='lat' dir='ltr'><strong>hoc</strong></span> <span class='ocrx_word' id='word_1_531' title='bbox 2022 4723 2072 4774; x_wconf 86' lang='lat' dir='ltr'><strong>et</strong></span> <span class='ocrx_word' id='word_1_532' title='bbox 2106 4720 2171 4774; x_wconf 75' lang='lat' dir='ltr'><strong>in</strong></span> <span class='ocrx_word' id='word_1_533' title='bbox 2204 4720 2430 4789; x_wconf 65' lang='lat' dir='ltr'><strong>reliquis</strong></span> <span class='ocrx_word' id='word_1_534' title='bbox 2465 4719 2746 4775; x_wconf 71' lang='lat' dir='ltr'><strong>vocabulis</strong></span> <span class='ocrx_word' id='word_1_535' title='bbox 2782 4721 2845 4775; x_wconf 77' lang='lat' dir='ltr'><strong>in</strong></span> <span class='ocrx_word' id='word_1_536' title='bbox 2882 4722 3040 4776; x_wconf 82' lang='lat' dir='ltr'><strong>libris</strong></span> 
     </span>
     <span class='ocr_line' id='line_1_49' title="bbox 428 4794 3046 4870; baseline 0.002 -19"><span class='ocrx_word' id='word_1_537' title='bbox 428 4795 654 4851; x_wconf 73' lang='lat' dir='ltr'><strong>omissas</strong></span> <span class='ocrx_word' id='word_1_538' title='bbox 699 4794 897 4849; x_wconf 79' lang='lat' dir='ltr'><strong>addidi</strong></span> <span class='ocrx_word' id='word_1_539' title='bbox 1039 4795 1115 4849; x_wconf 79' lang='lat' dir='ltr'><strong>sit</strong></span> <span class='ocrx_word' id='word_1_540' title='bbox 1159 4795 1220 4849; x_wconf 92' lang='lat' dir='ltr'><em>F</em></span> <span class='ocrx_word' id='word_1_541' title='bbox 1260 4799 1392 4852; x_wconf 72' lang='lat' dir='ltr'><strong>eunt</strong></span> <span class='ocrx_word' id='word_1_542' title='bbox 1434 4797 1491 4851; x_wconf 92' lang='grc' dir='ltr'><strong><em>Β</em></strong></span> <span class='ocrx_word' id='word_1_543' title='bbox 1510 4797 1586 4851; x_wconf 93' lang='lat' dir='ltr'><strong><em>M</em></strong></span> <span class='ocrx_word' id='word_1_544' title='bbox 1725 4803 1789 4852; x_wconf 78' lang='lat'><strong>21</strong></span> <span class='ocrx_word' id='word_1_545' title='bbox 1844 4798 2079 4870; x_wconf 71' lang='lat' dir='ltr'><strong>poterit]</strong></span> <span class='ocrx_word' id='word_1_546' title='bbox 2130 4799 2378 4870; x_wconf 77' lang='lat' dir='ltr'><strong>potuerit</strong></span> <span class='ocrx_word' id='word_1_547' title='bbox 2412 4799 2469 4853; x_wconf 90' lang='grc' dir='ltr'><strong><em>Β</em></strong></span> <span class='ocrx_word' id='word_1_548' title='bbox 2612 4800 2944 4869; x_wconf 87' lang='lat' dir='ltr'><strong>prodomare</strong></span> <span class='ocrx_word' id='word_1_549' title='bbox 2983 4801 3046 4856; x_wconf 91' lang='lat' dir='ltr'><em>F</em></span> 
     </span>
    </p>

    <p class='ocr_par' dir='ltr' id='par_1_8' title="bbox 498 4875 2709 4946">
     <span class='ocr_line' id='line_1_50' title="bbox 498 4875 2709 4946; baseline 0.001 -14"><span class='ocrx_word' id='word_1_550' title='bbox 498 4883 567 4932; x_wconf 78' lang='lat'><strong>22</strong></span> <span class='ocrx_word' id='word_1_551' title='bbox 606 4875 1015 4946; x_wconf 85' lang='lat' dir='ltr'><strong>quaecumque]</strong></span> <span class='ocrx_word' id='word_1_552' title='bbox 1055 4892 1198 4944; x_wconf 87' lang='lat' dir='ltr'><strong>quae</strong></span> <span class='ocrx_word' id='word_1_553' title='bbox 1236 4893 1365 4931; x_wconf 85' lang='lat' dir='ltr'><strong>cum</strong></span> <span class='ocrx_word' id='word_1_554' title='bbox 1399 4876 1456 4930; x_wconf 94' lang='grc' dir='ltr'><strong><em>Β</em></strong></span> <span class='ocrx_word' id='word_1_555' title='bbox 1600 4878 1828 4931; x_wconf 76' lang='lat' dir='ltr'><strong>acutum</strong></span> <span class='ocrx_word' id='word_1_556' title='bbox 1865 4877 1941 4932; x_wconf 90' lang='lat' dir='ltr'><strong>ha</strong></span> <span class='ocrx_word' id='word_1_557' title='bbox 1975 4883 2270 4935; x_wconf 77' lang='lat' dir='ltr'><strong>accentum</strong></span> <span class='ocrx_word' id='word_1_558' title='bbox 2306 4879 2595 4936; x_wconf 68' lang='lat' dir='ltr'><strong>habebunt</strong></span> <span class='ocrx_word' id='word_1_559' title='bbox 2633 4880 2709 4935; x_wconf 98' lang='lat' dir='ltr'><strong><em>M</em></strong></span> 
     </span>
    </p>

    <p class='ocr_par' dir='ltr' id='par_1_9' title="bbox 537 4979 2612 5033">
     <span class='ocr_line' id='line_1_51' title="bbox 537 4979 2612 5033; baseline 0 -17"><span class='ocrx_word' id='word_1_560' title='bbox 537 4983 849 5017; x_wconf 57' lang='lat' dir='ltr'><strong>annuunt</strong></span> <span class='ocrx_word' id='word_1_561' title='bbox 874 4984 1050 5015; x_wconf 53' lang='lat' dir='ltr'><strong>&amp;Arm</strong></span> <span class='ocrx_word' id='word_1_562' title='bbox 1076 4984 1168 5033; x_wconf 67' lang='lat' dir='ltr'><strong>VIJ.</strong></span> <span class='ocrx_word' id='word_1_563' title='bbox 2546 4979 2612 5025; x_wconf 72' lang='lat'><strong>22</strong></span> 
     </span>
    </p>
   </div>
  </div>
 </body>
</html>
