3613 5528
608 369 740 433 512
1586 369 1940 426 ARVSIANI
1976 370 2219 426 MESSII

611 483 654 520 p.
684 473 776 512 268.
804 473 883 512 264
912 471 965 510 L.

790 556 990 617 Tenus
1046 556 1153 616 hac
1208 574 1303 637 re,
1359 555 1528 636 Verg.
1586 557 1726 617 Aen.
1789 557 1838 617 ΙΙ
1893 558 2080 632 (553)
2137 557 2391 637 capulo
2449 567 2685 637 tenus,
2738 557 2896 617 idem
2941 558 3084 617 Aen.
3135 556 3220 617 111

613 664 805 740 (427)
861 663 1043 744 pube
1102 673 1339 745 tenuS,
1394 663 1511 725 Cic.
1560 683 1669 745 pro
1716 665 1993 726 Deiotaro
2049 665 2295 740 (13236)
2351 663 2582 725 Tauro
2639 672 2851 726 tenus
2909 682 3218 743 regnare

611 774 855 834 iussus
903 819 916 832 .
965 779 1141 833 tenus
1188 770 1367 832 huius
1414 774 1530 853 rei,
1576 771 1745 850 Verg.
1792 790 1990 852 georg.
2040 771 2119 831 111
2166 773 2308 846 (53)

1019 887 1089 940 et
1134 897 1423 941 crurum
1469 889 1677 940 tenus
1723 896 1754 938 a
1802 861 2039 940 mento
2084 879 2399 958 palearia
2444 878 2787 961 pendent,
2828 880 2837 955 Ι

613 987 771 1048 idem
816 986 959 1048 Aen.
1005 986 1058 1046 X
1104 987 1291 1061 (210)
3278 1002 3308 1042 5

1393 1096 1509 1155 cui
1553 1093 1864 1155 laterum
1911 1102 2120 1156 tenus
2166 1093 2456 1190 hispida
2502 1096 2702 1160 nanti

1130 1220 1417 1282 spumea
1464 1201 1801 1263 caeruleo
1850 1200 1977 1263 sub
2024 1208 2321 1283 pectore
2368 1219 2445 1264 m.
2494 1221 2550 1264 u.

615 1318 790 1372 tenus
836 1310 973 1392 hac,
1018 1310 1079 1371 id
1125 1319 1218 1371 est
1262 1310 1378 1371 huc
1426 1327 1645 1390 usque,
1689 1307 1859 1387 Verg.
1907 1308 2050 1370 Aen.
2097 1308 2143 1367 V
2188 1310 2384 1382 (603)

1015 1416 1143 1478 hac
1189 1414 1560 1477 celebrata
1605 1423 1819 1477 tenus
1866 1423 2115 1477 sancto
2163 1418 2557 1478 certamina
2604 1420 2819 1499 patri,

617 1524 773 1586 idem
819 1543 1016 1605 georg.
1063 1523 1115 1585 ΙΙ
1163 1524 1255 1597 (1)
2642 1532 2653 1538 ·
3252 1539 3309 1579 ιο

1076 1631 1425 1692 hactenus
1471 1649 1799 1693 arvorum
1849 1630 2094 1693 cultus
2140 1640 2209 1694 et
2255 1631 2495 1693 sidera
2541 1632 2750 1714 caeli,

1079 1758 1263 1801 nunc
1310 1747 1406 1819 te,
1451 1737 1753 1820 Bacche,
1799 1756 2057 1800 canam.

794 1845 1158 1927 Temperans
1204 1845 1383 1909 huius
1430 1847 1544 1928 rei,
1591 1844 1725 1906 Ter.
1763 1844 1939 1905 Phor.
1978 1847 2086 1918 (II
2115 1846 2284 1921 1,41)
2333 1849 2440 1907 rei
2489 1847 2678 1907 foret
2722 1852 2842 1906 aut
2887 1847 3222 1907 infamiae

619 1961 1030 2035 temperans
1075 2000 1090 2016 .
1138 1963 1431 2035 temperat
1475 1953 1548 2015 ab
1593 1952 1703 2015 hac
1749 1971 1844 2035 re,
1890 1951 2060 2032 Verg.
2107 1953 2249 2015 Aen.
2294 1952 2345 2013 11
2385 1955 2483 2027 (8)
2531 1961 2884 2034 temperat
2928 1972 2960 2014 a
3004 1953 3221 2014 lacri-

620 2065 750 2124 mis
797 2110 810 2123 .
858 2070 1150 2143 temperat
1195 2061 1309 2123 sihi
1353 2081 1383 2123 a
1431 2062 1725 2143 periculo,
1770 2061 1927 2122 idem
1972 2080 2171 2141 georg.
2217 2060 2242 2121 1
2290 2062 2486 2137 (360)
3252 2077 3309 2117 15

867 2171 1000 2230 iam
1048 2169 1188 2230 sibi
1235 2179 1381 2231 tum
1427 2187 1459 2230 a
1505 2170 1747 2230 curvis
1794 2168 1968 2229 male
2019 2177 2374 2249 temperat
2419 2167 2603 2230 unda
2649 2169 2919 2229 carinis
2967 2215 2979 2227 .

621 2285 911 2357 temperat
964 2274 1131 2357 huic,
1185 2275 1392 2336 Cicero
1447 2275 1520 2336 de
1579 2275 1651 2336 M.
1699 2274 1975 2336 Marcello
2032 2277 2191 2352 (3,8)
2248 2278 2554 2336 animum
2610 2277 2900 2336 vincere
2955 2283 3029 2336 et
3080 2277 3223 2336 ira-

621 2384 947 2446 cundiam
996 2382 1367 2464 cohibere‚
1413 2383 1630 2444 victis
1676 2392 2098 2463 temperare.

799 2490 1148 2571 Triumphat
1202 2489 1274 2550 de
1338 2489 1467 2572 illo,
1530 2489 1737 2551 Cicero
1795 2490 1868 2550 de
1924 2492 2173 2571 imperio
2230 2490 2472 2570 Pompei
2532 2491 2690 2566 (3,8)
2756 2490 3228 2570 triumphavit

621 2599 683 2660 L.
740 2598 1030 2659 Murena
1084 2596 1165 2657 de
1221 2596 1638 2658 Mithridate
1697 2646 1710 2659 .
1767 2596 2097 2677 triumphat
2150 2596 2322 2677 illud,
2377 2595 2512 2658 Ter.
2568 2596 2717 2658 Eun.
2773 2597 2915 2670 (III
2964 2596 3090 2672 1,3)
3154 2597 3225 2658 id
3252 2614 3312 2653 so

623 2725 789 2769 vero
845 2707 1036 2769 serio
1092 2703 1491 2786 triumphat
1537 2753 1551 2767 .
1599 2704 2023 2787 triumphatuS‚
2083 2709 2151 2767 id
2193 2713 2281 2767 est
2325 2705 2399 2766 de
2455 2724 2573 2786 quo
2630 2702 3058 2785 triumphatum
3116 2712 3227 2787 est,

622 2815 792 2895 Verg.
842 2815 981 2875 Aen.
1028 2813 1100 2873 vl
1149 2814 1337 2886 (837)

1066 2919 1187 2981 ille
1236 2920 1672 3001 triumphata
1720 2920 2074 3001 Capitolia
2120 2920 2199 2981 ad
2248 2921 2392 2983 alta
2437 2920 2783 2982 Corintho

1070 3030 1301 3089 victor
1348 3038 1509 3108 aget
1555 3047 1846 3090 currum
1895 3077 1907 3089 .

802 3137 1095 3218 Trepidus
1142 3137 1249 3197 hac
1295 3154 1389 3211 re,
1427 3134 1596 3215 Verg.
1644 3135 1786 3197 Aen.
1835 3135 1909 3195 vl
1954 3132 2152 3217 (290)
3259 3150 3315 3191 ss

981 3246 1292 3324 corripit
1339 3244 1453 3304 hic
1500 3243 1739 3305 subita
1785 3244 2118 3323 trepidus
2166 3244 2559 3306 formidine
2606 3245 2874 3306 serrum

982 3351 1315 3412 AeneaS.

628 3457 896 3538 trepidus
944 3458 1121 3519 huius
1168 3461 1283 3540 rei,
1330 3458 1485 3519 idem
1532 3460 1674 3519 Aen.
1723 3458 1831 3518 XII
1877 3454 2068 3539 (589)
2124 3458 2289 3519 illae
2346 3462 2542 3521 intus
2598 3457 2923 3540 trepidae
2972 3477 3233 3520 rerum.

805 3564 1019 3625 Tolero
1065 3565 1221 3625 illam
1271 3583 1422 3641 rem,
1470 3564 1639 3643 Verg.
1690 3565 1830 3627 Aen.
1876 3564 2003 3625 V111
2049 3561 2250 3647 (409)

1082 3674 1198 3733 cui
1248 3672 1563 3734 tolerare
1610 3672 1766 3733 colo
1815 3676 2024 3734 vitam
2071 3675 2420 3753 tenuique
2466 3674 2779 3737 Minerva
3264 3688 3319 3727 ³⁰

1080 3780 1520 3861 impositum,

809 4007 990 4063 Codex
1027 4005 1322 4061 Parrha-sii
1403 4012 1434 4061 ’1
1474 4006 1722 4061 ceruleos
1894 4014 1924 4062 9
1961 4005 2070 4060 huc
2109 4005 2393 4061 celebrata
2566 4015 2628 4062 13
2668 4007 3033 4078 Temperans]
3072 4006 3237 4063 Tem-

634 4105 831 4159 perare
859 4087 1051 4157 priore
1087 4087 1200 4141 loco
1355 4092 1422 4140 14
1458 4085 1759 4152 lachrymis
1925 4090 1990 4139 18
2028 4083 2217 4157 victis]
2255 4085 2410 4142 victu
2571 4095 2634 4142 21
2675 4087 2833 4159 vero]
2880 4087 3032 4142 vetio
3175 4088 3238 4142 id

633 4172 717 4225 est
752 4184 852 4224 om.
999 4172 1069 4222 29
1108 4166 1333 4222 Tollero
1372 4183 1510 4222 corr.
1552 4167 1753 4222 Tolero
1899 4171 1966 4219 30
2005 4165 2128 4220 colo
2155 4171 2350 4235 postea
2387 4169 2637 4224 additum
2671 4172 2748 4222 est

814 4389 842 4438 1
883 4381 1090 4454 Tenus]
1129 4382 1276 4437 Non.
1305 4399 1360 4451 p.
1391 4385 1502 4437 377
1648 4387 1679 4435 6
1717 4378 1808 4434 cui
1843 4378 2085 4433 laterum
2120 4383 2281 4435 tenus
2319 4381 2546 4452 hispida
2571 4382 2729 4438 nanti
2754 4381 2926 4437 Frons
2953 4382 3242 4437 hominem

634 4464 907 4536 praefert,
945 4462 1005 4518 in
1042 4463 1265 4533 pristim
1303 4461 1508 4518 desinit
1543 4460 1728 4530 alvus,
1767 4461 2011 4530 Spumea
2048 4462 2304 4517 semifero
2343 4463 2446 4517 sub
2481 4466 2706 4533 pectore
2745 4466 3053 4518 murmurat
3085 4463 3244 4518 unda.

647 4546 923 4616 Veryilius
1069 4549 1133 4598 13
1172 4544 1271 4598 aut
1305 4542 1488 4598 famae
1525 4543 1844 4611 temperans
1885 4540 2170 4597 Terentius
2333 4548 2399 4597 14
2435 4544 2713 4613 temperet
2747 4560 2783 4597 a
2816 4542 3060 4597 lacrimis
3108 4542 3239 4597 Ver-

634 4627 803 4695 gilius
932 4631 994 4679 17
1026 4624 1273 4681 animum
1302 4622 1521 4679 vincere
1549 4620 1895 4677 iracundiam
1924 4621 2185 4677 cohibere
2213 4622 2425 4677 victum
2454 4625 2557 4694 (vel
2584 4622 2895 4691 victoriam)
2924 4625 3243 4693 temperare

637 4706 842 4761 codices
881 4704 1157 4760 Ciceronis
1321 4709 1386 4758 18
1434 4701 1611 4758 victui
1664 4704 1976 4771 temperare
2031 4718 2097 4756 ex
2154 4701 2206 4756 G
2259 4703 2431 4757 edidit
2474 4704 2916 4770 Ζίηᾱεηιαηηαε,
2969 4702 3241 4759 victoriae

637 4787 949 4854 temperare
997 4785 1225 4840 coniecit
1268 4784 1435 4851 idem,
1481 4783 1629 4852 quod
1671 4783 1723 4837 si
1765 4781 2022 4836 voluisset
2066 4783 2414 4844 Arusianus,
2472 4785 2534 4838 in
2588 4784 2880 4838 elomatiom
2932 4784 3245 4851 anteposita

638 4865 869 4921 scrihere
902 4865 1124 4921 debebat
1157 4863 1439 4935 temperat
1471 4862 1601 4918 huic
1637 4862 1719 4916 rei
