3613 5528
563 412 690 477 156
1632 406 2092 464 CASSIODORII

556 526 603 564 p.
629 513 751 555 εεεε.
777 514 830 555 so
857 513 908 552 P.

560 608 627 662 ut
672 599 935 670 Quirites
991 599 1257 676 quaestio
1316 597 1603 674 quaerite.
1677 600 1876 654 cetera
1932 610 2072 653 vero
2117 609 2225 672 per
2272 610 2304 652 c
2351 590 2534 652 scribi
2580 589 2825 667 debent,
2884 600 2950 652 ut
2995 591 3167 652 cuius

560 706 777 768 Cumae
824 712 885 765 ει
929 702 1157 781 reliqua
1202 702 1382 763 huius
1429 701 1604 763 modi.

672 784 687 799 ’
735 811 910 891 Cum,
957 810 1191 890 quando
1238 809 1597 889 praepositio
1644 810 1786 888 erit,
1831 825 1942 888 per
1987 825 2020 867 c
2068 804 2378 887 scribitur,
2424 814 2491 867 ut
2537 813 2630 866 est
2674 802 2846 885 illud,

875 919 1180 980 divisum
1227 918 1606 996 imperium
1653 932 1810 976 cum
1856 913 2045 994 Iove,
2092 912 2376 993 Caesar,
2421 910 2654 973 habes.

555 1027 790 1106 quando
826 1034 1023 1087 autem
1062 1022 1404 1085 adverbium
1443 1030 1559 1097 est,
1596 1040 1704 1102 per
1743 1040 1779 1100 q
1818 1019 2227 1081 scribendum:
2263 1026 2495 1080 veteres
2532 1021 2691 1079 enim
2721 1035 2841 1095 pro
2882 1014 3164 1099 ‘quando’
3221 1031 3247 1072 ⁵

555 1128 786 1214 ‘quum'
834 1131 1138 1213 dixerunt,
1193 1138 1262 1191 ut
1314 1137 1407 1190 est
1461 1124 1670 1208 ‘quum
1724 1129 1888 1189 navis
1946 1146 2017 1188 ex
2075 1127 2211 1189 Asia
2268 1122 2560 1189 venerit':
2615 1136 2932 1207 ceteraque
2986 1126 3166 1188 huius

554 1240 714 1301 modi
748 1237 1035 1300 adverbia
1083 1235 1353 1297 similiter
1400 1234 1712 1296 scribenda
1760 1243 1927 1313 sunt,
1977 1241 2042 1295 ιιι
2088 1250 2511 1313 quoquumque
2561 1232 2985 1312 ubiquumque.

733 1346 994 1407 Huiusce
1051 1362 1159 1424 per
1205 1363 1238 1403 c
1293 1342 1551 1404 litteram
1607 1342 1987 1404 scribendum
2035 1338 2143 1402 est.
2218 1342 2446 1420 antiqui
2502 1342 2657 1402 enim
2714 1338 3166 1420 pronominibus

555 1474 622 1515 ce
663 1453 971 1532 addebant,
1012 1460 1077 1513 ut
1112 1451 1280 1511 hicce
1318 1448 1508 1510 illicce
1548 1450 1780 1530 isticce3
1821 1448 1978 1509 uude
2017 1447 2318 1509 subtracta
2358 1448 2562 1509 eadem
2591 1448 2906 1508 novissima
2947 1445 3164 1526 syllaba

555 1580 623 1622 ce
672 1559 942 1621 relictum
991 1567 1082 1619 est
1127 1556 1224 1618 hic
1269 1556 1389 1617 illic
1435 1558 1586 1617 istic.
1665 1554 1769 1616 sed
1820 1551 1987 1634 [hoc]
2045 1557 2106 1615 in
2154 1554 2279 1616 solo
2325 1555 2596 1634 genetivo
2643 1572 2785 1616 casu
2832 1552 3165 1614 articularis
3196 1566 3248 1604 10

553 1667 952 1749 pronominiS,
997 1667 1100 1744 qui
1147 1671 1239 1726 est
1284 1663 1559 1739 huiusce,
1606 1662 1798 1724 adbuc
1845 1662 2051 1723 eadem
2097 1660 2314 1742 syllaba
2362 1681 2430 1723 ce
2475 1663 2704 1741 integra
2752 1668 2967 1722 manet.

734 1772 855 1833 Cur
902 1771 999 1832 alii
1045 1789 1153 1851 per
1200 1790 1232 1831 c
1279 1769 1661 1831 scribendum
1706 1778 2066 1849 putaverunt
2110 1769 2376 1831 dicentes
2422 1787 2543 1829 non
2601 1787 2778 1849 posse
2827 1787 2863 1847 q
2910 1768 3166 1829 litteram

556 1882 726 1961 poni,
781 1877 882 1939 ubi
930 1897 969 1939 ιι
1015 1885 1175 1939 esset
1228 1879 1355 1938 sine
1404 1876 1513 1938 alia
1571 1876 1781 1958 vocali,
1837 1877 2166 1938 secundum
2224 1876 2487 1957 regulam
2536 1894 2715 1955 supra
2771 1875 3015 1938 dictam:
3071 1862 3168 1936 alii

554 2003 663 2066 per
724 2004 788 2066 q,
848 2004 918 2046 eo
979 1983 1137 2064 quod
1199 1986 1488 2064 originem
1549 1983 1741 2045 trahat
1801 1982 1873 2044 ab
1933 1985 2371 2063 interrogativis
2431 1981 2753 2064 adverbiiS,
2814 2000 2963 2061 quae
3026 1991 3167 2043 sunt

555 2091 789 2171 quando
838 2109 1140 2170 quorsum.
1215 2110 1362 2153 usus
1408 2099 1606 2153 autem
1653 2091 1728 2153 ob
1756 2093 1912 2153 inuit
1957 2099 2025 2151 ut
2070 2110 2180 2151 cur
2225 2109 2333 2170 per
2379 2110 2413 2152 c
2459 2089 2772 2151 scribatur.
3194 2100 3247 2139 15

730 2196 1028 2259 Partubus
1075 2206 1138 2259 et
1180 2197 1479 2280 partibuS,
1525 2101 1900 2305 areb
1935 2197 2199 2279 arcibus,
2255 2197 2506 2259 artubus
2553 2204 2613 2258 et
2657 2196 2887 2259 artibus
2932 2205 3165 2258 veteres

554 2303 793 2384 quidem
838 2304 1246 2366 indifferenter
1294 2309 1692 2387 scripserunt:
1749 2323 1859 2365 nos
1918 2322 2234 2384 possumus
2281 2303 2596 2365 observare
2653 2312 2720 2365 ut
2765 2302 2837 2364 ab
2889 2322 2959 2364 eo
3008 2303 3166 2383 quod

555 2418 695 2472 sunt
749 2419 982 2492 partuS,
1039 2412 1096 2473 id
1146 2421 1238 2474 est
1292 2414 1514 2494 foetus,
1561 2410 1851 2492 partubus
1907 2410 2266 2497 scribamus,
2316 2409 2388 2471 ab
2444 2429 2514 2471 eo
2573 2418 2771 2471 autem
2820 2410 2976 2490 quod
3025 2420 3168 2473 sunt

553 2525 752 2598 partes
807 2516 1102 2600 partibus3
1156 2520 1418 2599 itemque
1474 2519 1546 2580 ab
1603 2538 1673 2580 eo
1730 2519 1888 2598 quod
1946 2527 2085 2580 sunt
2139 2536 2314 2579 arcus
2369 2516 2656 2599 arcubuS,
2716 2516 2787 2578 ab
2849 2537 2921 2579 eo
2968 2525 3164 2579 autem

559 2624 715 2703 quod
757 2633 897 2685 sunt
925 2643 1093 2685 arces
1122 2625 1386 2708 arcibus;
1423 2634 1483 2688 et
1512 2625 1855 2688 rursumab
1894 2645 1965 2685 eo
2005 2624 2161 2705 quod
2204 2633 2345 2686 sunt
2372 2632 2565 2706 artus,
2602 2625 2659 2685 id
2698 2633 2792 2687 est
2830 2624 2840 2705 Ι
2881 2624 3165 2707 membra,
3193 2633 3248 2672 ²⁰

554 2730 828 2806 artubus,
876 2730 948 2792 ab
996 2750 1066 2793 eo
1113 2742 1315 2795 autem
1361 2734 1518 2815 quod
1567 2742 1707 2796 sunt
1754 2740 1912 2795 artes
1958 2730 2203 2795 artibuS.
3185 2740 3192 2745 ’

729 2839 878 2899 Tres
939 2838 1169 2902 litterae
1227 2851 1367 2903 sunt
1419 2843 1572 2923 apud
1622 2841 1904 2942 GrffoS,
1965 2839 1998 2916 ζ
2043 2835 2076 2915 ξ
2121 2847 2188 2916 ψ.
2230 2817 2339 2901 ἐκ
2396 2840 2488 2901 his
2545 2842 2605 2901 in
2660 2859 2837 2902 usum
2891 2849 3164 2902 nostrum

554 2945 965 3008 transtulimus
1012 2967 1067 3009 z:
1114 2951 1256 3010 item
1292 2968 1402 3029 pro
1443 2945 1476 3024 ξ
1521 2967 1631 3009 nos
1677 2967 1713 3008 x
1760 2951 2014 3010 utimur:
2063 2954 2112 3024 ψ
2158 2946 2320 3009 nullo
2367 2948 2542 3009 modo
2589 2949 2903 3009 transferri
2947 2951 3162 3032 potuit,

559 3052 661 3113 sed
711 3055 798 3114 vis
844 3056 1031 3135 ipsius
1079 3056 1359 3118 translata
1406 3062 1497 3117 est
1543 3055 1604 3115 in
1649 3073 1748 3135 ρε,
1793 3061 1862 3115 ut
1906 3073 2057 3134 quae
2102 3073 2212 3135 per
2257 3061 2308 3130 ψ
2355 3054 2701 3117 scribuntur
2746 3073 2854 3135 per
2901 3074 2972 3135 ps
3018 3057 3162 3117 scri·

728 3261 760 3308 3
803 3253 940 3309 Cum
980 3255 1176 3310 Caecil.
1220 3256 1380 3311 Vind.
1420 3260 1573 3311 2318
1717 3259 1750 3306 8
1788 3252 2031 3308 Huiusce
2072 3253 2225 3308 Mar.
2271 3252 2471 3309 Victor.
2510 3258 2635 3323 16,1
2785 3260 2848 3309 16
2886 3254 3163 3309 Psi-tubus

549 3334 745 3400 Scaur.
784 3341 879 3403 25,
917 3342 948 3390 1
1106 3341 1173 3389 22
1213 3335 1349 3389 Tres
1387 3333 1609 3390 litterae
1647 3335 1940 3403 Papirion.
1979 3337 2107 3400 159,
2142 3337 2225 3388 22

634 3563 638 3570 .
727 3529 759 3577 3
807 3520 1079 3576 scribetur
1125 3522 1189 3575 ut
1234 3522 1320 3576 est
1364 3520 1532 3590 illud,
1577 3523 1671 3576 sed
1717 3522 1841 3576 etur
1877 3526 1927 3576 et
1973 3523 2056 3575 est
2107 3536 2216 3575 ras.
2254 3520 2560 3588 B‚·scribi
2597 3521 2766 3577 debet
2800 3524 2866 3578 ut
2902 3525 2986 3577 est
3020 3522 3163 3577 illud

550 3603 716 3656 codex
743 3601 1044 3655 Rerum-sis
1070 3605 1184 3656 243
1328 3607 1361 3655 4
1399 3599 1663 3672 divisum]
1704 3601 1906 3656 anthol.
1939 3601 2033 3655 lat.
2065 3601 2150 3654 II
2175 3606 2250 3656 68
2288 3602 2366 3655 ecl.
2395 3601 2611 3668 Burm„
2646 3619 2699 3655 n.
2731 3607 2848 3657 256
2876 3603 2955 3656 ed.
2985 3600 3163 3668 Riese,

547 3682 755 3736 Donat.
797 3683 891 3737 vic.
942 3681 1096 3750 Very.
1145 3697 1187 3738 c.
1225 3685 1299 3736 17
1487 3680 1659 3735 habet
1703 3682 1834 3736 Par.
1876 3697 1909 3739 ς
2090 3689 2122 3736 5
2170 3681 2393 3752 quando
2439 3685 2630 3737 autem
2675 3682 2731 3735 B
2779 3686 2874 3751 qffi
2920 3682 3070 3736 euim
3120 3682 3168 3736 G

553 3761 776 3829 quando
816 3761 937 3826 (om.
978 3762 1187 3829 autem)
1225 3761 1279 3814 A
1460 3761 1789 3816 aduerbium
1838 3762 1924 3816 est
1970 3762 2029 3816 et
2063 3778 2162 3831 per
2199 3781 2236 3832 q
2275 3762 2323 3816 G
2496 3765 2713 3818 ueteres
2752 3762 2897 3816 enim
2941 3761 3162 3831 quando

546 3821 733 3907 qumff
756 3840 1004 3910 (quaudo
1041 3857 1168 3894 cum
1204 3840 1282 3909 B)
1320 3841 1579 3895 dixerunt
1614 3842 1806 3899 ABG.
1862 3859 2033 3911 quum
2080 3841 2407 3897 adverbium
2452 3841 2752 3912 temporie,
2805 3840 2954 3910 quod
2992 3840 3160 3910 signi-

547 3920 680 3975 ficat
717 3921 967 3990 quandO,
1014 3938 1117 3990 per
1153 3939 1190 3990 q
1228 3921 1582 3977 scribendum
1618 3925 1706 3977 est
1745 3928 1998 3992 excerpta
2035 3922 2263 3978 Caecilii
2309 3922 2560 3978 Vindicis
2740 3929 2771 3977 6
2809 3926 2875 3977 ιιι
2910 3925 2996 3977 εει
3032 3937 3065 3980 ς
3102 3922 3163 3976 id

546 4003 633 4055 est
664 3999 849 4055 ABG
911 4065 920 4074 ,
1015 4006 1044 4054 7
1086 4018 1481 4070 quoquumque
1517 4000 1900 4071 ubiquumque
1939 4004 2035 4061 ςΑ
2074 4018 2427 4071 quocumque
2464 4002 2799 4071 ubicumque
2835 4003 2891 4056 B
2939 4020 3161 4073 quoque

548 4081 883 4149 ubicumque
923 4080 971 4134 G
1135 4087 1168 4136 8
1208 4079 1449 4135 Huiusce
1486 4097 1586 4150 per
1622 4097 1651 4135 c
1687 4081 1788 4138 Βς
1828 4081 2229 4137 Huiuscemodi
2264 4099 2363 4152 per
2400 4097 2430 4136 c
2466 4079 2583 4135 AG
2736 4087 2767 4135 9
2808 4097 2838 4136 ε
2875 4080 3164 4137 addebant

547 4160 701 4219 ΑΟς
873 4160 1177 4216 nouissima
1228 4160 1423 4215 littera.
1459 4177 1488 4214 c
1524 4158 1782 4216 relictum
1821 4165 1907 4216 est
1941 4163 2006 4216 ut
2042 4162 2134 4216 hic
2171 4179 2205 4222 ς
2378 4169 2444 4216 10
2482 4179 2513 4217 ε
2547 4161 2806 4216 relictum
2844 4164 2931 4217 εει
2964 4161 3020 4214 Β

550 4249 611 4297 11
655 4241 754 4311 qui
781 4244 869 4296 εει
905 4241 1002 4298 ςΑ
1041 4257 1183 4309 quae
1213 4242 1299 4296 est
1333 4241 1389 4294 Β
1428 4241 1578 4310 quod
1606 4244 1695 4295 εει
1732 4241 1780 4296 0
1886 4248 1951 4296 13
1989 4240 2108 4298 sine
2136 4242 2328 4313 aliqua
2363 4242 2549 4297 uocali
2583 4240 2700 4296 AC
2806 4248 2871 4296 15
2899 4240 3159 4313 quando]

546 4324 778 4388 sortasse
814 4337 1012 4390 quare:
1050 4321 1120 4387 cf.
1170 4320 1296 4375 Vel..
1318 4319 1494 4389 Lonq.
1536 4337 1595 4388 p.
1637 4325 1725 4389 71,
1760 4325 1796 4375 4
1975 4338 2078 4375 usu
2117 4320 2184 4388 0,
2232 4337 2371 4376 corr.
2407 4339 2541 4375 usus
2578 4337 2608 4375 c
2789 4327 2853 4375 16
2902 4321 3157 4393 artubus]

548 4402 763 4458 artibus
799 4402 856 4456 A
1004 4406 1067 4455 17
1108 4400 1233 4471 nos]
1274 4399 1401 4460 Non
1436 4399 1492 4452 B
1647 4398 1797 4468 quod
1835 4401 1967 4453 sunt
2002 4400 2195 4468 partus
2232 4414 2265 4458 ς
2301 4401 2442 4467 quot
2477 4403 2607 4455 sunt
2640 4402 2834 4470 partus
2871 4401 2987 4455 AG
3017 4417 3161 4470 quae

549 4484 679 4537 sunt
704 4482 899 4552 partus
927 4481 984 4535 Β
1022 4481 1174 4551 quod
1201 4482 1287 4535 εει
1323 4481 1517 4551 partus
1547 4478 1744 4533 Carrio
1867 4483 1930 4533 18
1961 4477 2110 4548 quod
2143 4480 2275 4532 sunt
2300 4480 2494 4547 partes
2521 4479 2614 4538 ςΟ
2635 4481 2703 4550 ξι
2729 4482 2861 4558 sqnt
2888 4483 3077 4550 partes
3104 4481 3159 4534 A

549 4578 693 4631 quae
730 4563 861 4616 sunt
895 4563 1083 4631 partes
1118 4560 1175 4614 Β
1310 4566 1386 4615 19
1422 4560 1672 4628 itemque
1709 4557 1782 4612 ab
1820 4557 1909 4629 eo]
1947 4558 2194 4628 itemque
2223 4559 2296 4613 ab
2323 4575 2388 4614 eo
2427 4561 2616 4613 autem
2654 4560 2708 4613 A
2852 4577 2995 4629 quae
3033 4564 3163 4617 suut
3215 4623 3224 4627 ,

548 4658 703 4696 arces
741 4641 797 4694 Β
942 4647 1010 4695 20
1047 4660 1234 4696 rursus
1271 4640 1390 4695 AO
1519 4655 1663 4709 quae
1702 4638 1832 4693 sunt
1866 4640 2022 4694 artus
2055 4640 2112 4694 Β
2248 4635 2428 4711 artus]
2467 4656 2628 4695 arcus
2666 4641 2720 4694 A
2865 4646 2930 4694 21
2972 4643 3162 4696 autem

552 4738 652 4776 om.
691 4720 895 4786 ABG,
932 4722 1059 4777 add.
1091 4735 1125 4779 ς
1259 4735 1403 4789 quae
1441 4721 1571 4774 sunt
1604 4719 1754 4773 artes
1789 4718 1848 4773 Β
1983 4727 2050 4774 22
2087 4721 2319 4788 fortasse
2344 4722 2458 4776 tres
2486 4719 2712 4775 litterae
2743 4719 2995 4790 duplices
3032 4724 3163 4776 sunt

551 4801 703 4869 apud
740 4801 982 4855 Graecos
1090 4804 1120 4866 ζ
1153 4801 1183 4866 ξ
1219 4801 1290 4872 ψ]
1326 4818 1364 4855 x
1398 4818 1436 4870 y
1471 4819 1499 4854 z
1535 4798 1590 4853 Β
1710 4806 1776 4854 23
1815 4813 1861 4870 ψ
1900 4806 2026 4856 ante
2062 4800 2218 4856 nullo
2255 4805 2304 4856 et
2330 4806 2459 4871 post
2494 4816 2596 4870 per
2630 4816 2730 4858 om.
2759 4799 2816 4853 Β
2925 4807 2991 4855 24
3029 4800 3158 4856 scri·

550 4880 775 4951 bamus]
815 4879 1105 4935 scribimus
1140 4879 1197 4933 Β
