3613 5528
1522 404 1915 460 EXCERPTA
2886 403 3017 469 343

406 514 451 551 p.
478 506 549 545 ss.
574 506 627 546 24
654 506 713 545 Η.

406 589 693 652 facilium:
740 590 998 651 dativum
1045 608 1187 651 vero
1235 597 1296 651 et
1341 588 1660 651 ablativum
1713 592 1777 651 in
1833 589 1974 671 buS,
2041 598 2107 651 ut
2168 590 2262 651 his
2319 598 2380 651 et
2432 588 2506 650 ab
2563 589 2657 650 his
2714 587 3020 650 codicibus

405 696 732 776 parietibus
768 694 1022 776 rupibus
1060 695 1348 776 stirpibus
1385 695 1659 775 vigilibus
1697 698 1962 772 agilibus
2000 695 2287 758 facilibus.
2363 696 2518 768 Quid
2566 698 2616 756 si
2654 715 2686 756 e
2725 695 3018 776 producta

405 799 632 865 fuerit?
703 802 1055 865 Genetivum
1101 801 1389 883 pluralem
1437 804 1499 863 in
1547 820 1681 864 rum
1728 802 2012 883 syllabam
2057 805 2261 884 eiciet,
2307 802 2568 864 dativum
2608 809 2669 863 et
2704 801 3019 864 ablativum

405 912 467 971 in
513 908 657 991 bus,
713 918 782 971 ut
826 909 900 970 ab
946 909 1057 971 hac
1104 911 1303 990 specie
1348 909 1559 971 harum
1609 912 1947 991 specierum
2000 906 2099 972 his
2155 919 2217 972 et
2273 909 2346 971 ab
2393 909 2486 971 his
2533 908 2848 990 speciebus
2902 956 2916 970 .
2962 917 3022 969 at

351 1032 378 1074 5
406 1034 546 1078 vero
594 1035 633 1078 u
679 1019 1018 1096 genetivum
1065 1015 1355 1097 pluralem
1401 1019 1461 1078 in
1510 1036 1653 1079 uum
1702 1025 1933 1078 tantum
1980 1017 2154 1078 modo
2202 1019 2403 1098 eiciet,
2449 1015 2709 1079 dativum
2757 1025 2817 1078 et
2863 1015 3017 1077 abla-

404 1125 591 1185 tivum
635 1125 697 1184 in
757 1122 899 1205 buS,
961 1131 1030 1185 ut
1075 1123 1148 1184 ab
1193 1124 1306 1185 hoc
1351 1123 1538 1185 fluctu
1587 1122 1802 1186 horum
1849 1123 2171 1205 fluctuum,
2217 1142 2402 1186 curru
2450 1141 2770 1205 curruum,
2817 1123 2911 1184 his
2961 1129 3022 1183 et

407 1229 480 1292 ab
527 1229 622 1292 his
668 1230 951 1293 fluctibus
997 1238 1058 1292 et
1104 1230 1398 1292 curribus.

1363 1430 1484 1496 DE
1533 1430 2053 1499 PRONOMINE

583 1577 737 1649 Quid
804 1585 898 1640 est
957 1573 1330 1658 pronomen?
1420 1577 1567 1639 Pars
1630 1581 1917 1640 orationis
1981 1578 2163 1660 dicta,
2236 1577 2394 1658 quod
2460 1596 2570 1658 pro
2633 1579 2765 1659 ipso
2829 1579 3019 1658 posita

328 1694 379 1732 ¹⁰
407 1686 644 1746 nomine
711 1688 908 1747 minus
973 1685 1239 1765 quidem.
1288 1683 1491 1765 plene,
1563 1684 1721 1748 idem
1795 1694 1993 1747 tamen
2065 1685 2373 1765 significet.
2464 1684 2808 1747 Pronomini
2875 1693 3021 1764 quot

407 1788 727 1853 accidunt?
799 1793 941 1854 Sex.
1026 1795 1236 1882 Quae?
1319 1792 1583 1864 Qualitas
1640 1812 1831 1873 genus
1887 1810 2174 1855 numerus
2230 1792 2417 1872 ligura
2470 1810 2727 1873 persona
2782 1810 2957 1853 casus
3005 1840 3019 1853 .

407 1899 511 1960 sed
560 1898 808 1979 qualitas
863 1901 1283 1980 pronominum
1336 1901 1397 1960 in
1452 1908 1579 1962 tres
1635 1902 1867 1980 species
1923 1899 2207 1961 dividitur
2253 1920 2269 1961 :
2315 1918 2450 1962 nam
2504 1907 2607 1961 aut
2660 1899 2824 1960 linita
2879 1907 3021 1959 sunt

406 2008 758 2086 pronomina
795 2016 898 2068 aut
934 2007 1163 2068 infinita
1205 2013 1307 2067 aut
1345 2008 1544 2068 minus
1581 2025 1757 2086 quam
1794 2008 1974 2069 finita.
2042 2006 2226 2078 Quale
2266 2016 2358 2069 est
2385 2009 2616 2069 finitum
2645 2002 3019 2087 pronomen?

406 2112 665 2175 Finitum
713 2131 1043 2193 pronomen
1089 2121 1184 2174 est
1229 2113 1386 2192 quod
1435 2121 1599 2175 notat
1645 2122 1871 2175 certam
1915 2132 2265 2196 personam,
2311 2122 2378 2175 ut
2416 2132 2526 2194 ego
2565 2123 2657 2195 tu3
2704 2114 3019 2194 infinitum,

327 2228 381 2267 ¹⁵
409 2220 567 2299 quod
635 2229 859 2282 certam
923 2238 1237 2301 personam
1305 2239 1425 2281 non
1488 2219 1696 2302 habet,
1769 2229 1838 2282 ut
1893 2223 2028 2301 quis
2087 2239 2237 2301 quae
2294 2221 2453 2301 quod
2512 2269 2524 2282 .
2582 2220 2777 2281 Minus
2841 2238 3019 2299 quam

408 2328 636 2389 finitum
685 2326 829 2407 quid
875 2330 1002 2389 est?
1077 2326 1247 2398 Quod
1297 2329 1477 2388 certis
1524 2330 1890 2408 incertisque
1936 2331 2210 2409 personis
2257 2330 2446 2408 aptari
2502 2335 2727 2409 potest,
2782 2336 2850 2387 ut
2904 2327 3019 2387 iste

404 2433 503 2495 ille
557 2436 702 2515 ipse.
786 2433 1019 2496 Genera
1082 2436 1504 2515 pronominum
1568 2442 1715 2514 quot
1778 2432 1964 2496 sunt?
2043 2434 2212 2516 Tria,
2285 2433 2704 2515 masculinum,
2768 2442 2837 2494 ut
2904 2431 3021 2511 hic,

407 2541 782 2616 femininum,
839 2549 907 2603 ut
960 2541 1135 2622 haec,
1189 2549 1499 2622 neutrum,
1554 2549 1624 2601 ut
1679 2541 1791 2602 hoc
1839 2588 1853 2602 .
1901 2549 2042 2603 sunt
2097 2550 2160 2603 et
2212 2543 2575 2621 communia,
2637 2550 2705 2602 ut
2759 2558 2869 2619 ego
2933 2548 3016 2601 tu.

405 2646 649 2708 Numeri
696 2649 1117 2728 pronominum
1165 2657 1312 2728 quot
1357 2644 1542 2708 sunt?
1614 2646 1773 2729 Duo,
1821 2648 2163 2730 singularis,
2219 2657 2288 2710 ut
2332 2644 2462 2729 hie,
2517 2648 2791 2729 pluralis,
2839 2655 2908 2710 ut
2955 2646 3019 2708 hi

325 2762 380 2803 ²⁰
409 2753 578 2834 [item
624 2755 848 2838 dualis,
902 2761 971 2817 ut
1015 2754 1135 2817 duo
1183 2754 1355 2817 ambo
1402 2752 1683 2835 uterque]
1735 2803 1748 2816 .
1797 2766 1892 2817 est
1937 2764 1998 2818 et
2045 2774 2331 2818 numerus
2377 2757 2742 2837 communis,
2797 2756 2900 2836 qui
2956 2756 3020 2816 in

406 2863 692 2943 singulari
736 2862 1069 2945 pluralique
1117 2862 1388 2924 similiter
1433 2863 1704 2944 ponitur,
1750 2870 1818 2923 ut
1864 2865 1969 2942 qui
2015 2881 2195 2942 quae:
2256 2863 2510 2924 dicimus
2567 2864 2725 2924 enim
2782 2865 2883 2942 qui
2929 2864 3019 2923 vir

406 2978 467 3031 et
521 2971 626 3049 qui
679 2971 815 3045 viri,
880 2987 1031 3049 quae
1090 2969 1305 3031 mulier
1361 2977 1422 3030 et
1476 2986 1627 3048 quae
1685 2968 1984 3031 mulieres.
2071 2970 2323 3051 Figurae
2388 2971 2807 3050 pronominum
2873 2976 3020 3049 quot

406 3073 591 3138 sunt?
663 3076 853 3158 Duae,
900 3075 1175 3157 simplex,
1213 3085 1280 3137 ut
1318 3077 1479 3156 quiS‚
1516 3077 1871 3158 composita,
1908 3084 1976 3138 ut
2012 3078 2301 3157 quisquis.
2376 3075 2561 3137 Casus
2597 3078 3017 3156 pronominum

407 3192 554 3263 quot
589 3179 774 3246 sunt?
838 3182 1112 3244 Totidem
1152 3191 1298 3262 quot
1334 3191 1395 3243 et
1432 3185 1755 3244 nominum.
1797 3178 1808 3261 Ι
1847 3182 2146 3245 Personae
2175 3190 2322 3263 quot
2349 3179 2533 3245 sunt?
2606 3182 2783 3264 Tres,
2829 3184 3017 3262 prima

328 3298 381 3337 2⁵
410 3308 561 3369 quae
607 3290 903 3371 loquitur,
957 3298 1026 3351 ut
1069 3308 1208 3371 ego;
1263 3288 1521 3350 secunda
1570 3287 1643 3349 ad
1690 3307 1868 3370 quam
1923 3289 2217 3369 loquitur,
2273 3299 2341 3352 ut
2394 3297 2488 3371 tu3
2543 3291 2717 3350 tertia
2770 3288 2845 3350 de
2903 3307 3019 3368 qua

406 3398 700 3479 loquitur,
746 3403 815 3458 ut
857 3396 955 3457 ille
1005 3444 1020 3459 .
1066 3397 1417 3476 pronomina
1472 3403 1672 3456 autem
1727 3394 2042 3478 quaedam,
2097 3404 2167 3457 ut
2226 3398 2491 3478 nomina,
2545 3404 2649 3458 aut
2700 3412 3020 3457 numerum

406 3505 765 3584 significant,
824 3512 891 3565 ut
936 3510 1083 3583 quot
1131 3509 1242 3578 tot3
1301 3509 1404 3563 aut
1457 3510 1749 3584 gentem‚.
1779 3511 1847 3564 ut
1902 3505 2067 3565 cuias
2120 3512 2383 3586 nostras3
2437 3513 2544 3565 aut
2596 3502 2895 3583 ordinem,
2954 3509 3021 3563 ut

408 3619 628 3692 quotus
674 3618 864 3691 totus3
910 3619 1013 3672 aut
1058 3609 1427 3692 qualitatem,
1474 3618 1542 3671 ut
1587 3609 1777 3690 qualis
1824 3609 1984 3692 talis3
2019 3620 2135 3697 aut
2182 3613 2601 3692 quantitatem,
2648 3620 2716 3672 ιιι
2761 3616 3020 3690 quantus

407 3725 609 3779 tantus
656 3765 670 3778 .
717 3716 1005 3796 quaedam
1049 3726 1247 3779 autem
1295 3716 1367 3776 ad
1414 3715 1634 3796 aliquid
1681 3715 1991 3780 dicuntur:
2052 3736 2188 3781 nam
2244 3720 2372 3780 sine
2430 3717 2543 3783 alio
2590 3716 2853 3797 intellegi
2899 3735 3019 3778 non

322 3830 379 3871 ⁸⁰
406 3833 686 3906 possunt,
731 3831 800 3886 ut
844 3841 1014 3886 meus
1052 3832 1193 3885 tuus
1232 3841 1394 3884 suus.
1469 3822 1795 3884 Declinatio
1832 3842 2123 3904 personae
2160 3828 2385 3906 primae
2423 3825 2622 3886 linitae
2663 3833 2811 3904 quot
2846 3842 3020 3885 casus

403 3929 636 3994 habet?
716 3931 993 4010 Quinque
1053 3938 1310 3992 tantum:
1375 3932 1641 3990 vocativo
1697 3931 1858 3990 enim
1913 3939 2078 3991 caret
2132 3939 2252 3992 tam
2308 3933 2369 3991 in
2427 3929 2712 4010 singulari
2769 3949 3019 3992 numero

406 4056 583 4119 quam
630 4039 692 4099 in
738 4036 981 4118 plurali,
1036 4039 1175 4117 quia
1222 4030 1396 4098 nemo
1443 4054 1509 4097 se
1555 4045 1722 4096 vocat
1768 4055 1804 4096 o
1853 4055 1991 4119 ego,
2046 4055 2082 4097 o
2129 4055 2240 4098 nos
2286 4085 2300 4098 .
2348 4039 2436 4098 sic
2482 4056 2626 4117 ergo
2672 4037 3019 4120 declinatur,

408 4214 485 4221 ..q-.-

583 4321 615 4371 2
656 4314 900 4385 agilibus
937 4331 1038 4370 om.
1074 4314 1221 4369 ΒΜ
1361 4318 1394 4367 3
1432 4312 1709 4384 pluralem
1753 4329 1856 4368 om.
1908 4315 2003 4381 M,
2055 4316 2184 4373 add.
2231 4314 2287 4369 Β
2431 4315 2652 4386 syllaba
2699 4316 2845 4370 ΒΜ
2984 4320 3018 4371 8

404 4396 502 4451 DE
539 4393 979 4451 PRONOMINE
1017 4411 1116 4449 om.
1154 4394 1211 4447 Β
1223 4434 1243 4460 ,
1279 4393 1407 4449 aad.
1450 4393 1526 4447 M
1667 4399 1735 4448 10
1770 4393 1922 4450 idem
1968 4396 2161 4451 tamen
2209 4395 2284 4449 M
2314 4397 2504 4451 tamen
2550 4395 2700 4452 idem
2748 4396 2805 4450 Β
2950 4402 3015 4451 11

405 4477 515 4532 Sex
552 4475 705 4542 Quae
741 4491 843 4531 om.
880 4475 1028 4529 ΒΜ
1170 4481 1235 4529 12
1273 4474 1334 4529 in
1369 4471 1509 4544 tres]
1546 4472 1695 4528 inter
1728 4473 1784 4528 Β
1931 4479 2000 4528 14
2035 4473 2257 4529 finitum
2285 4491 2315 4529 e
2344 4491 2650 4545 pronomen
2679 4475 2830 4545 quod
2858 4476 3022 4530 notat

404 4557 619 4611 certum
664 4571 962 4626 personam
1000 4554 1075 4608 M
1117 4553 1337 4609 finitum
1383 4568 1686 4623 pronomen
1734 4559 1765 4609 ὃ
1814 4554 1965 4625 quod
2010 4571 2215 4611 nomen
2259 4557 2347 4610 est
2392 4555 2542 4625 qnod
2588 4571 2793 4610 nomen
2836 4556 3021 4611 certat

403 4652 703 4707 personam
739 4635 796 4689 B
946 4640 1008 4689 15
1046 4635 1152 4689 lnt.
1190 4634 1374 4688 minus
1423 4647 1595 4701 quam
1640 4632 1860 4689 finitum
1908 4632 2045 4704 qnid
2093 4634 2250 4704 (qnid
2294 4650 2394 4690 om.
2442 4635 2521 4706 Β)
2567 4636 2633 4691 R.
2680 4635 2831 4704 quod
2876 4635 3025 4690 ΒΜ

477 4721 544 4771 18
582 4718 642 4772 et
674 4732 777 4772 om.
816 4715 893 4770 Μ
1031 4719 1101 4769 20
1137 4713 1322 4769 dualis
1358 4715 1417 4768 et
1453 4712 1562 4768 duo
1599 4712 1744 4767 ΒΜ
1883 4716 1971 4771 est
2017 4715 2166 4770 enim
2213 4716 2271 4770 et
2317 4714 2625 4770 communis
2673 4713 2817 4768 ΒΜ
2951 4721 3020 4770 24

404 4795 587 4867 primo
641 4795 738 4866 qni
792 4794 1044 4865 loquitur
1090 4795 1167 4849 Μ
1305 4801 1375 4850 25
1422 4793 1616 4865 quam]
1670 4811 1839 4864 quem
1883 4794 2028 4849 ΒΜ
2161 4796 2233 4851 de
2271 4812 2381 4865 quo
2420 4796 2497 4851 Μ
2636 4803 2704 4853 26
2743 4797 3020 4867 quaedam

406 4878 507 4931 ant
539 4874 766 4931 nomina
804 4874 858 4927 B
968 4879 1069 4935 ,2¹7
1109 4873 1262 4930 cuias
1296 4874 1353 4928 Β
1390 4873 1547 4930 cuius
1585 4874 1662 4929 Μ
1799 4883 1868 4932 31
1907 4875 2233 4933 uocatiuum
2268 4876 2413 4932 ΒΜ
