3613 5528
540 384 626 449 70
1616 379 1818 435 VELII
1853 376 2080 433 LONGI

529 497 571 533 p.
601 487 705 525 2231
736 485 784 524 P.
2323 460 2372 501 ⁰

527 568 710 650 ‘quod
748 562 1045 629 volumen’
1084 584 1193 647 per
1230 567 1265 626 d
1309 564 1487 625 debet
1524 563 1723 646 scribi,
1772 561 1941 643 ‘quot
1978 557 2295 624 volumina'
2334 580 2443 640 per
2479 570 2522 642 t,
2568 568 2629 620 et
2666 568 2758 620 est
2795 557 3140 620 adverbium

524 678 789 757 numeri,
836 675 993 755 quod
1043 674 1194 735 solet
1240 673 1526 752 quosdam
1575 673 1729 752 apud
1777 679 1983 751 poetas
2030 668 2416 749 confundere,
2462 677 2529 729 ut
2575 678 2668 728 est

839 790 1014 860 quot
1058 783 1264 860 prius
1310 787 1599 840 aeratae
1647 787 2010 839 steterant
2056 776 2138 837 ad
2186 776 2403 837 litora
2451 793 2683 836 naves,

521 893 621 969 qui
681 891 839 950 enim
894 906 1004 968 per
1058 888 1097 949 d
1156 886 1455 968 scribunt,
1517 885 1760 948 turbant
1815 886 2197 964 sententiam,
2258 901 2394 943 cum
2456 901 2784 963 pronomen
2842 885 3142 963 accipiunt

526 1018 635 1078 pro
690 996 968 1057 adverbio
1025 996 1288 1055 numeri:
1356 1003 1447 1055 est
1503 995 1659 1053 enim
1717 1001 1806 1054 tot
1861 990 2179 1072 nymphae,
2245 999 2389 1069 quot
2450 1008 2629 1050 naves
2690 1000 2826 1051 ante
2889 991 3140 1051 fuerant.
3170 1012 3196 1051 5

525 1124 644 1165 non
694 1101 1003 1163 dubitatur
1052 1119 1191 1161 vero
1238 1103 1382 1179 quin
1431 1100 1584 1180 apud
1631 1118 1740 1179 per
1786 1098 1824 1159 d
1874 1097 2054 1159 scribi
2102 1100 2344 1171 debeat,
2393 1099 2530 1175 quia
2578 1096 2734 1158 nulla
2780 1099 3143 1176 praepositio

535 1220 559 1271 t
605 1211 799 1271 littera
846 1210 1051 1269 finitur
1101 1206 1327 1285 [statim
1376 1206 1589 1267 melius
1636 1205 1832 1283 sonat]
1883 1213 2128 1284 propter
2173 1206 2413 1265 nimiam
2462 1213 2486 1265 t
2533 1203 2764 1265 litterae
2804 1203 3143 1264 exilitatem.

534 1311 686 1376 ‘sed’
734 1333 876 1375 vero
925 1316 1290 1394 coniuncti0‚
1350 1314 1614 1393 quamvis
1662 1311 1753 1372 lex
1816 1311 2335 1390 grammaticorum
2396 1327 2505 1389 per
2571 1317 2595 1369 t
2653 1308 2908 1369 litteram
2971 1309 3145 1391 dicat,

532 1425 811 1502 quoniam
869 1421 903 1480 d
962 1421 1158 1482 littera
1214 1420 1372 1481 nulla
1435 1421 1776 1482 coniunctio
1839 1420 2217 1498 terminatur,
2277 1418 2479 1477 nescio
2541 1434 2660 1495 quo
2719 1416 2890 1475 modo
2949 1424 3145 1477 tamen

529 1529 801 1608 obrepsit
846 1527 1091 1588 auribus
1137 1530 1358 1588 nostris
1405 1538 1466 1589 et
1511 1527 1548 1587 d
1596 1526 1855 1588 litteram
1901 1534 2089 1606 sonat,
2136 1542 2273 1585 cum
2320 1524 2572 1584 dicimus
3175 1546 3226 1587 10

853 1635 1297 1713 progeniem
1318 1633 1438 1695 sed
1489 1636 1675 1694 enim
1722 1632 2031 1692 Troiano
2079 1648 2111 1690 a
2158 1632 2509 1709 sanguine
2556 1629 2720 1690 duci

851 1739 1200 1802 audierat.

536 1849 638 1911 ubi
686 1847 1091 1928 quaerendum
1140 1856 1286 1927 erat,
1333 1855 1618 1907 contrane
1665 1864 1733 1905 ac
1781 1845 2081 1923 loquimur
2128 1798 2510 1906 scribendum
2557 1849 2653 1928 sit,
2698 1865 2772 1907 an
2821 1846 3149 1908 secundum

542 1958 926 2035 scriptionem
975 1953 1354 2032 loquendum.

717 2063 766 2134 Q
816 2080 1052 2142 quoque
1102 2061 1296 2123 littera
1344 2061 1485 2120 facit
1531 2058 1925 2120 differentiam
1971 2077 2183 2119 vocum
2231 2057 2302 2118 ab
2349 2061 2610 2138 antiquis
2659 2062 2906 2121 maxime
2945 2060 3233 2121 obser-15

542 2181 749 2231 vatam.
848 2187 990 2230 nam
1046 2162 1249 2229 cum'
1298 2168 1573 2246 quotiens
1620 2185 1728 2246 pro
1776 2165 2051 2226 adverbio
2109 2167 2394 2245 temporis
2449 2165 2812 2249 scribebant,
2869 2189 2905 2249 q
2958 2168 3155 2230 littera

545 2276 893 2357 utebantur3
949 2279 1223 2351 quotiens
1271 2293 1379 2355 pro
1427 2274 1892 2354 praepositione,
1948 2292 1981 2331 c
2035 2271 2350 2352 ponebant.
2423 2271 2577 2333 aliud
2626 2282 2719 2334 est
2763 2276 2922 2335 enim
2970 2270 3154 2336 ‘cum

536 2383 784 2444 subito
840 2377 1306 2463 adsurgens',
1360 2380 1517 2443 aliud
1576 2375 1746 2440 ‘cum
1800 2373 2040 2439 ssuctu'.
2124 2388 2185 2439 et
2233 2379 2378 2440 baec
2433 2383 2811 2461 pronomina,
2866 2384 3037 2443 cuius
3095 2393 3156 2444 et

543 2492 667 2569 cui,
722 2507 830 2583 per
887 2508 924 2568 q
980 2498 1348 2550 censuerunt
1404 2488 1639 2566 quidam
1698 2483 2041 2566 scribenda,
2108 2504 2226 2564 quo
2293 2488 2477 2565 magis
2542 2495 2881 2548 servaretur
2940 2490 3156 2568 origini

541 2598 713 2678 fides,
760 2606 844 2678 ut,
891 2613 1008 2674 quo
1057 2597 1230 2657 modo
1278 2597 1412 2675 quis
1458 2596 1519 2654 in
1458 2596 1750 2673 inciperet
1795 2610 1828 2651 a
1875 2610 1941 2671 q,
1987 2593 2073 2652 sic
2121 2593 2299 2670 quius
2348 2594 2467 2671 qui.
2552 2592 2665 2653 boc
2711 2594 2980 2675 amplius,
3027 2613 3144 2673 quo
3173 2618 3227 2666 29

541 2705 819 2785 pinguior
874 2711 1033 2762 esset
1088 2705 1443 2785 enuntiatio,
1498 2720 1532 2759 o
1590 2717 1828 2781 quoque
1884 2697 2226 2759 inserebant
2282 2708 2343 2759 et
2396 2719 2504 2780 per
2564 2719 2682 2780 quo
2738 2703 2953 2781 quoius
3010 2705 3151 2782 quoi

725 2876 907 2930 Codex
939 2875 1236 2930 Parrhasii
1305 2882 1329 2927 1
1363 2873 1530 2929 scribi
1559 2875 1617 2926 et
1643 2872 1782 2940 quot
1809 2869 2100 2925 uolumina
2126 2886 2225 2940 per
2252 2872 2278 2924 t
2306 2874 2392 2926 est
2420 2872 2747 2927 aduerbium
2871 2879 2903 2927 3
2933 2876 3156 2928 aeratae

2963 2965 2987 2993 Θ

541 3010 833 3078 steterant]
876 3010 1069 3063 aerata
1105 3009 1192 3061 est
1229 3008 1287 3062 et
1323 3010 1483 3063 erant
1625 3015 1657 3061 6
1695 3006 1901 3061 debeat
1935 3023 2037 3063 om.
2184 3016 2216 3064 8
2257 3005 2476 3061 dicatur
2614 3012 2677 3058 11
2716 3006 3048 3079 progenium
3087 3006 3154 3062 G:

540 3109 569 3145 e
606 3106 871 3159 maperscr.
911 3106 939 3142 c
1084 3093 1150 3142 13
1180 3089 1445 3143 contrane
1475 3087 1847 3157 adloquimur,
1884 3089 1977 3143 sed
2013 3090 2292 3159 adscripto
2319 3091 2385 3145 in
2412 3090 2659 3158 maryine
2686 3088 2870 3142 eadem
2895 3104 3066 3142 manu
3093 3104 3157 3143 ac

648 3176 714 3224 15
752 3171 1050 3225 obseruata
1086 3168 1344 3237 quotiens
1392 3185 1495 3238 pro
1533 3167 1804 3223 aduerbio
1990 3175 2052 3224 1⁷
2105 3171 2409 3226 utebantur
2455 3186 2555 3239 pro
2602 3166 3016 3237 praepositione

541 3256 608 3303 18
646 3250 801 3304 cuius
839 3251 897 3303 et
933 3250 1046 3320 cui]
1087 3248 1213 3317 quis
1251 3264 1281 3301 e
1320 3248 1417 3316 qui
1544 3254 1614 3302 20
1652 3247 1926 3317 inciperet
1960 3265 1996 3304 a
2024 3268 2056 3318 q
2098 3250 2147 3305 si
2184 3252 2308 3320 quis
2344 3252 2453 3308 hoc
2489 3247 2732 3317 amplius
2857 3252 2924 3301 21
2965 3250 3024 3303 et
3058 3265 3158 3317 per

540 3329 671 3398 quoi
708 3329 834 3399 quis
872 3328 1193 3384 scribebant

854 3440 963 3447 ,—

670 3553 679 3562 ¹
721 3496 747 3543 1
799 3490 938 3557 quot
984 3486 1268 3543 volumina
1312 3503 1414 3556 per
1447 3489 1476 3541 t
1512 3488 1598 3541 est
1642 3486 1970 3543 aduerbium
2023 3491 2262 3560 numeri,
2309 3492 2458 3559 quod
2506 3491 2689 3546 solent
2734 3490 2962 3559 quidam
3010 3490 3161 3559 apud

543 3572 738 3639 poetas
775 3566 1138 3622 confundere:
1179 3565 1329 3632 Quot
1364 3564 1522 3635 prius
1557 3566 1614 3621 R
1759 3574 1790 3621 3
1832 3571 1970 3636 quot
2005 3570 2184 3643 prius]
2228 3572 2384 3641 Very.
2415 3574 2554 3626 Aen.
2595 3571 2657 3625 X
2691 3576 2811 3627 223
2959 3575 2989 3623 5
3028 3571 3159 3624 ante

543 3650 771 3704 fuerunt
807 3647 861 3700 R
1008 3654 1040 3700 6
1080 3645 1231 3714 apud
1266 3645 1608 3715 praepositio
1647 3665 1746 3717 per
1782 3647 1818 3701 d
1857 3649 2024 3703 scribi
2052 3650 2223 3707 debet
2253 3652 2438 3706 Velius
2466 3651 2693 3720 Lonyus
2729 3651 2884 3719 apud
2914 3648 3159 3704 Cassiod.

540 3746 597 3798 p.
635 3732 797 3785 2287
941 3731 971 3780 '¹1
1013 3724 1205 3780 statim
1234 3725 1433 3780 melius
1461 3731 1649 3796 sonat,
1685 3729 1736 3782 ai
1762 3729 1919 3783 modo
1958 3731 2285 3801 incomaepta
2312 3737 2442 3786 sunt
2477 3732 2669 3798 verba,
2705 3747 2773 3785 ex
2807 3731 3163 3785 adnotatione

545 3810 611 3863 cle
647 3806 798 3877 apud
827 3807 1237 3875 praepositione
1263 3808 1543 3876 adscripta
1579 3808 1835 3862 videntur
1871 3808 2035 3862 illata
2071 3826 2179 3865 esse
2306 3816 2338 3865 8
2377 3811 2634 3878 quamvis
2672 3811 2797 3881 lege
2833 3809 3159 3881 grammati-

547 3905 737 3942 corum
776 3904 875 3956 per
899 3888 928 3940 t
953 3886 1203 3941 litteram
1233 3887 1453 3943 dicatur
1487 3888 1558 3943 R.
1613 3890 1848 3956 fortasse
1876 3888 2130 3958 quamvis
2167 3890 2256 3944 lex
2294 3890 2784 3959 grammaticorum
2822 3907 2923 3959 per
2949 3892 2975 3942 t
3009 3889 3163 3944 litte-

545 3986 667 4023 ram
705 3966 816 4021 dici
853 3966 1046 4022 iubeat
1191 3972 1257 4020 10
1295 3973 1359 4023 ut
1395 3968 1432 4021 d
1469 3967 1717 4024 litteram
1755 3971 1916 4024 sonet
1950 3968 2007 4023 R
2154 3978 2215 4025 11
2258 3972 2606 4042 progeniem]
2642 3971 2796 4039 Ver-9.
2836 3971 2973 4024 Aen.
3016 3970 3057 4022 I
3090 3975 3161 4024 19

456 4089 463 4094 .
551 4055 615 4103 13
655 4050 851 4102 contra
885 4065 955 4102 ne
993 4046 1350 4115 adloquimur
1384 4048 1455 4116 R,
1495 4051 1689 4103 contra
1724 4065 1793 4103 ne
1831 4066 1898 4103 ac
1934 4050 2216 4119 loquimur
2245 4051 2607 4106 Commelinus
2744 4057 2808 4105 15
2848 4051 3162 4106 obseruata.

550 4128 809 4197 quotiens
844 4145 947 4197 pro
975 4125 1244 4182 aduerbio
1272 4128 1540 4198 temporis
1570 4128 1916 4197 scribebant,
1957 4149 1994 4200 q
2030 4130 2222 4185 littera
2251 4131 2576 4199 utebantur,
2613 4148 2715 4200 pro
2743 4130 3164 4201 praepositione

549 4208 620 4275 R,
661 4209 1042 4263 observatam:
1081 4224 1205 4263 cum
1247 4209 1504 4279 quotiens
1540 4224 1641 4278 pro
1678 4208 1945 4264 adverbio
1972 4225 2078 4279 sqq.
2119 4211 2524 4267 Brambachius
2560 4213 2794 4282 orthoyr.
2835 4214 2930 4269 lat.
2961 4230 3021 4283 p.
3043 4219 3165 4270 227

666 4295 727 4342 17
769 4287 950 4353 Quum
992 4288 1176 4343 subito
1212 4288 1293 4344 R:
1337 4289 1491 4359 Very,
1529 4290 1667 4343 Aen.
1709 4289 1751 4341 I
1786 4293 1896 4344 535
2044 4295 2109 4345 18
2147 4293 2205 4345 et
2240 4291 2379 4346 haec
2414 4291 2769 4360 pronomina,
2809 4292 2934 4361 quis
2972 4294 3030 4347 et
3068 4292 3164 4361 qui

550 4386 648 4437 per
685 4386 722 4437 q
759 4367 830 4422 R.
889 4368 1046 4423 cuius
1094 4370 1152 4422 et
1198 4368 1289 4423 cui
1336 4368 1668 4438 pronomina
1713 4386 1815 4438 per
1850 4387 1889 4437 q
1933 4369 2269 4426 scribebant.
2325 4388 2426 4426 nos
2472 4374 2660 4426 autem
2711 4372 2782 4426 ad
2828 4371 3166 4427 brevitatem

552 4447 939 4503 festinavimus
978 4448 1258 4504 scribendi
1306 4453 1366 4503 et
1410 4447 1568 4501 illam
1615 4447 2015 4519 pinguedinem
2061 4449 2258 4506 limare
2296 4451 2593 4507 maluimus
2629 4451 2976 4521 Papirianae
3012 4454 3168 4520 apud

555 4527 796 4584 Cassiod.
830 4547 889 4597 p.
928 4534 1115 4587 2295.-
1152 4531 1220 4598 cf.
1260 4531 1418 4598 infra
1446 4546 1505 4599 p.
1547 4534 1642 4594 72,
1670 4534 1723 4584 8.
1764 4531 1854 4595 77,
1882 4533 1918 4583 9
2134 4536 2203 4586 20
2252 4535 2315 4587 ut
2360 4548 2528 4599 quom
2580 4532 2706 4601 quis
2758 4530 3019 4601 incipiet,
3059 4548 3094 4586 a
3131 4551 3168 4601 q

553 4609 725 4678 siquis
775 4610 951 4678 quod,
1000 4610 1108 4666 hoc
1154 4612 1419 4682 amplius,
1467 4626 1578 4681 quo
1624 4606 1885 4678 pinguior
1921 4613 2070 4663 esset
2104 4609 2443 4676 enuntiatiO,
2496 4629 2529 4667 o
2566 4628 2788 4681 qnoque
2826 4611 3166 4681 inserebant,

556 4692 614 4744 et
649 4706 749 4759 pro
788 4691 908 4759 qui,
956 4689 1091 4759 quoi
1137 4690 1481 4746 scribebant:
1528 4706 1629 4744 nos
1667 4686 1740 4742 ad
1785 4686 2122 4744 breuitatem
2171 4689 2564 4747 festinauimus
2601 4693 2904 4761 scribendi,
2953 4694 3165 4749 nullam

557 4768 1009 4838 pinguitudinem
1045 4770 1242 4825 limare
1279 4770 1604 4839 maluimus,
1654 4773 1772 4826 tam
1812 4771 2062 4841 hercule,
2101 4786 2268 4839 quam
2306 4787 2416 4838 quo
2452 4770 2635 4841 magis
2672 4771 2823 4841 quod
2858 4772 2955 4841 qui
2990 4789 3168 4842 genus

560 4850 647 4902 est
684 4844 1045 4917 ἐτυμολογίας
1082 4865 1115 4904 *
1154 4852 1237 4904 est
1274 4849 1423 4904 enim
1462 4849 1554 4904 cui
1588 4866 1676 4905 res
1712 4848 1771 4918 R
