3613 5528
568 423 698 487 112
1410 423 1625 479 CAPRI
1662 424 1758 478 DE
1797 423 2062 479 VERBIS
2101 424 2341 479 DVBIIS

562 535 606 572 p.
636 523 744 563 2250
771 524 820 564 P.

741 608 904 669 Talio
941 607 1103 668 haec.
1169 615 1328 669 tenta
1367 616 1426 669 et
1466 616 1700 669 extenta
1742 618 1924 671 recte.
1994 616 2240 691 tersum,
2279 628 2396 670 non
2436 616 2677 671 tertum.
2748 609 2931 671 tundo
2963 609 3176 671 tutudi.

741 715 938 776 Vallus
965 715 1128 797 haec,
1167 733 1282 795 qua
1314 714 1679 776 frumentum
1721 718 2040 777 excutitur.
2105 716 2367 778 vatillum
2405 718 2536 778 hoc.
2615 726 2774 779 vates
2812 717 2952 778 olim
2990 719 3178 778 vatios

563 823 852 884 dicebant.
926 840 1055 905 vas,
1110 822 1208 883 alii
1262 841 1483 884 vasum.
1568 841 1779 903 vesper
1837 822 2032 906 stella,
2087 842 2335 905 vespera
2383 833 2634 906 tempus,
2708 835 2909 886 vectes
2955 824 3065 884 hae
3112 833 3174 884 et
3257 840 3264 846 ·

561 929 650 1011 hi,
710 938 778 990 ut
833 934 1083 989 veteres.
1167 931 1412 1011 unguis»,
1476 948 1593 991 non
1653 931 1845 1009 ungis.
1931 928 2163 1013 vulpeS,
2223 934 2393 1010 quasi
2454 932 2693 1012 volipes,
2781 932 3056 994 utensilia
3118 938 3180 990 et

562 1036 743 1097 utilia.
819 1034 1019 1116 upilio,
1067 1054 1224 1097 nunc
1270 1037 1467 1116 opilio.
1541 1038 1814 1115 utrisque
1863 1035 2135 1096 manibus
2182 1044 2242 1098 et
2288 1046 2540 1118 utraque
2589 1057 2766 1099 manu
2813 1046 2995 1100 recte.

750 1215 775 1262 1
817 1208 977 1263 Tabo
1014 1207 1156 1262 haec
1187 1213 1440 1279 excerpta
1475 1207 1654 1265 Mont.
1786 1210 1845 1262 et
1880 1223 1980 1262 om.
2021 1206 2097 1259 M
2212 1209 2388 1265 tundo
2426 1212 2485 1265 et
2517 1210 2705 1265 tutudi
2741 1210 2796 1283 Β
2923 1217 2955 1264 2
2992 1209 3178 1264 uallus

561 1290 668 1344 hec
714 1306 826 1358 quo
863 1289 940 1342 M
975 1285 1162 1341 uallus
1209 1287 1301 1343 hic
1347 1307 1459 1358 quo
1496 1290 1591 1346 Bc
1636 1288 1802 1344 uallis
1849 1289 1953 1342 hec
2001 1303 2112 1356 quo
2153 1286 2209 1343 0.
2266 1290 2336 1356 cf.
2375 1291 2441 1344 de
2473 1291 2602 1345 dub.
2640 1307 2782 1345 nom.
2826 1308 2886 1359 p.
2926 1295 3058 1354 592,
3095 1294 3176 1344 22

562 1369 745 1424 vallus
781 1369 842 1423 in
878 1385 991 1437 qua
1025 1366 1366 1423 frumentum
1405 1369 1683 1424 excutitur
1727 1366 1951 1439 generis
1987 1367 2266 1437 feminini,
2312 1370 2378 1423 ut
2412 1369 2683 1440 Virgilius
2732 1372 2928 1438 (θεον-9.
2971 1370 3012 1421 Ι
3045 1370 3177 1437 166)

568 1450 738 1504 ‘nunc
774 1447 1014 1519 mystica
1048 1448 1276 1516 vallus',
1314 1448 1463 1505 Serv.
1500 1451 1566 1504 in
1604 1449 1759 1518 Vera.
1789 1450 1825 1502 l.
1856 1466 1899 1504 c.
1939 1449 2178 1518 mystica.
2215 1465 2430 1503 vannus
2469 1449 2681 1518 Iacchi,
2717 1449 2775 1504 id
2813 1451 2900 1504 est
2936 1450 3178 1505 cribrum

564 1529 773 1594 areale,
810 1527 1050 1599 legimus
1087 1532 1277 1584 tamen
1306 1532 1365 1583 et
1397 1529 1624 1585 ‘vallus'
1658 1528 1962 1583 secundum
1990 1529 2300 1584 Varronem
2445 1529 2614 1584 Uates
2642 1527 2778 1584 olim
2807 1529 2995 1583 uaeios
3024 1530 3172 1586 dice·

564 1609 703 1664 bant
735 1608 791 1662 Β
828 1608 1125 1663 soliuaoios
1163 1608 1426 1663 dicebant
1464 1607 1522 1662 C.
1579 1625 1656 1662 an
1692 1610 1851 1664 vates
1887 1608 2024 1663 olim
2060 1610 2257 1678 poetas
2296 1608 2594 1665 dicebant?
2737 1616 2770 1663 3
2808 1611 2999 1664 nectes
3036 1612 3178 1664 haee

565 1742 624 1796 et
657 1741 741 1796 hii
776 1741 832 1795 Β
868 1743 1059 1796 nectes
1096 1700 1299 1796 haeohi
1339 1740 1387 1795 0
1560 1747 1593 1795 4
1639 1760 1857 1812 ungues
1894 1759 2006 1797 non
2043 1743 2205 1812 ungis
2241 1743 2295 1796 Β
2345 1702 2519 1813 unges
2556 1760 2669 1798 non
2705 1690 2850 1811 11ηέ
2889 1741 2937 1795 0
2967 1759 3180 1813 ungues

565 1838 675 1876 uon
712 1839 824 1875 unx
861 1820 938 1874 M
1108 1823 1304 1892 uulpes
1340 1824 1448 1877 hae
1487 1821 1647 1893 quasi
1683 1822 1989 1892 uolupedes
2025 1822 2278 1891 (uolupes
2313 1839 2451 1876 corr.
2490 1822 2795 1892 uolupedes
2832 1822 2908 1891 Β)
2945 1820 3063 1891 ΒΟ

563 1900 830 1957 utensilia
862 1902 923 1955 et.
956 1900 1124 1956 utilia
1158 1919 1258 1956 om.
1297 1902 1353 1956 Β
1497 1908 1529 1957 5
1568 1900 1746 1971 upilio
1782 1918 1932 1956 nune
1968 1901 2141 1972 opilio
2175 1907 2427 1971 excerpta
2455 1901 2966 1971 Montepessulana,
3003 1901 3179 1972 upilio

563 1998 676 2037 non
721 1980 928 2051 cupilio
974 1981 1051 2034 M
1096 1981 1270 2052 opilio
1323 1982 1641 2053 noncupilio
1688 1981 1804 2036 BC
1853 1981 2028 2052 opilio
2073 1982 2183 2035 n'on
2229 1980 2407 2051 upilio
2446 1997 2520 2050 p:
2583 1980 2736 2051 Very.
2786 1982 2957 2037 bucol.
3005 1987 3059 2048 1,
3108 1987 3178 2035 19

565 2079 721 2135 venit
755 2082 816 2133 et
850 2079 1026 2149 upilio
1170 2097 1340 2135 manu
1375 2084 1526 2135 recte
1563 2067 1754 2134 EXH
1797 2078 1864 2147 0,
1904 2096 2073 2133 manu
2109 2079 2259 2133 recte
2297 2082 2477 2133 metor
2515 2078 2742 2133 metaris
2791 2077 2940 2148 eligo
2976 2078 3179 2133 metior

564 2158 780 2214 metiris
817 2176 1075 2214 mensuro
1111 2164 1262 2215 meto
1300 2160 1463 2214 metis
1508 2159 1694 2214 incido
1731 2159 1920 2214 inseco
1958 2157 2256 2213 clientulus
2294 2157 2537 2212 nutritor
2571 2158 2829 2212 alumnus
2866 2156 3072 2212 dicitur
3105 2157 3179 2211 ab

566 2239 768 2294 alendo
798 2241 855 2294 et
892 2240 990 2309 qui
1023 2238 1201 2295 nutrit
1237 2243 1296 2294 et
1330 2238 1428 2308 qui
1469 2239 1713 2293 nutritur
1756 2239 2085 2309 pedagogus
2111 2240 2353 2294 nutritor
2386 2239 2748 2309 paruulorum
2778 2238 2796 2317 Ι.
2820 2237 3173 2308 EXPLICIT!

565 2321 743 2376 hecho
770 2320 1014 2375 imitatio
1042 2319 1197 2374 uocis
1223 2320 1297 2374 Β.
1354 2321 1536 2375 eadem
1572 2320 1801 2389 quaein
1828 2319 1883 2373 Β
1920 2320 2118 2374 addita
2152 2324 2282 2373 sunt
2324 2318 2623 2373 Putschius
2657 2319 2831 2373 edidit
2863 2319 2970 2384 sic,
3008 2332 3178 2371 manu

566 2403 736 2455 recte.
792 2401 975 2455 Metor
1013 2432 1078 2439 —
1121 2400 1495 2470 paruulorum.
1560 2398 1722 2453 Heho
1758 2398 2002 2475 imitetio
2039 2398 2193 2454 vocis
