<?xml version="1.0" encoding="UTF-8"?>
<!DOCTYPE html PUBLIC "-//W3C//DTD XHTML 1.0 Transitional//EN"
    "http://www.w3.org/TR/xhtml1/DTD/xhtml1-transitional.dtd">
<html xmlns="http://www.w3.org/1999/xhtml" xml:lang="en" lang="en">
 <head>
  <title>
</title>
<meta http-equiv="Content-Type" content="text/html;charset=utf-8" />
  <meta name='ocr-system' content='tesseract 3.04.00' />
  <meta name='ocr-capabilities' content='ocr_page ocr_carea ocr_par ocr_line ocrx_word'/>
</head>
<body>
  <div class='ocr_page' id='page_1' title='image "./grammaticilatin09keilgoog_0422.png"; bbox 0 0 3613 5528; ppageno 0'>
   <div class='ocr_carea' id='block_1_1' title="bbox 658 443 2128 594">
    <p class='ocr_par' dir='ltr' id='par_1_1' title="bbox 658 443 2128 594">
     <span class='ocr_line' id='line_1_1' title="bbox 658 443 2128 508; baseline -0.005 0"><span class='ocrx_word' id='word_1_1' title='bbox 658 443 790 508; x_wconf 81' lang='lat'><strong>412</strong></span> <span class='ocrx_word' id='word_1_2' title='bbox 1785 443 2128 502; x_wconf 83' lang='lat' dir='ltr'><strong>DOSITHEI</strong></span> 
     </span>
     <span class='ocr_line' id='line_1_2' title="bbox 663 545 966 594; baseline -0.007 -8"><span class='ocrx_word' id='word_1_3' title='bbox 663 557 702 594; x_wconf 77' lang='lat' dir='ltr'><strong>p.</strong></span> <span class='ocrx_word' id='word_1_4' title='bbox 729 547 794 588; x_wconf 77' lang='lat'><strong>40.</strong></span> <span class='ocrx_word' id='word_1_5' title='bbox 823 547 875 584; x_wconf 76' lang='lat'><strong>41</strong></span> <span class='ocrx_word' id='word_1_6' title='bbox 906 545 966 585; x_wconf 78' lang='grc' dir='ltr'><strong>Η.</strong></span> 
     </span>
    </p>
   </div>
   <div class='ocr_carea' id='block_1_2' title="bbox 653 629 3340 3722">
    <p class='ocr_par' dir='ltr' id='par_1_2' title="bbox 659 629 3257 924">
     <span class='ocr_line' id='line_1_3' title="bbox 659 629 3257 715; baseline 0.001 -23"><span class='ocrx_word' id='word_1_7' title='bbox 659 631 816 710; x_wconf 88' lang='lat' dir='ltr'><strong>quod</strong></span> <span class='ocrx_word' id='word_1_8' title='bbox 866 649 974 692; x_wconf 88' lang='lat' dir='ltr'><strong>nec</strong></span> <span class='ocrx_word' id='word_1_9' title='bbox 1020 629 1300 707; x_wconf 78' lang='lat' dir='ltr'><strong>difficilis,</strong></span> <span class='ocrx_word' id='word_1_10' title='bbox 1356 649 1709 711; x_wconf 88' lang='lat' dir='ltr'><strong>quamquam</strong></span> <span class='ocrx_word' id='word_1_11' title='bbox 1757 634 1836 692; x_wconf 87' lang='lat' dir='ltr'><strong>sit</strong></span> <span class='ocrx_word' id='word_1_12' title='bbox 1872 634 2264 712; x_wconf 88' lang='lat' dir='ltr'><strong>compositum</strong></span> <span class='ocrx_word' id='word_1_13' title='bbox 2306 651 2338 692; x_wconf 91' lang='lat' dir='ltr'><strong>a</strong></span> <span class='ocrx_word' id='word_1_14' title='bbox 2377 632 2590 715; x_wconf 75' lang='lat' dir='ltr'><strong>facilia,</strong></span> <span class='ocrx_word' id='word_1_15' title='bbox 2638 636 2928 695; x_wconf 87' lang='lat' dir='ltr'><strong>rationem</strong></span> <span class='ocrx_word' id='word_1_16' title='bbox 2966 636 3257 714; x_wconf 89' lang='lat' dir='ltr'><strong>sequitur,</strong></span> 
     </span>
     <span class='ocr_line' id='line_1_4' title="bbox 659 737 3256 822; baseline 0.001 -24"><span class='ocrx_word' id='word_1_17' title='bbox 659 737 762 798; x_wconf 89' lang='lat' dir='ltr'><strong>sed</strong></span> <span class='ocrx_word' id='word_1_18' title='bbox 819 746 1134 818; x_wconf 85' lang='lat' dir='ltr'><strong>utrumque</strong></span> <span class='ocrx_word' id='word_1_19' title='bbox 1191 739 1525 821; x_wconf 81' lang='lat' dir='ltr'><strong>confundit,</strong></span> <span class='ocrx_word' id='word_1_20' title='bbox 1589 748 1650 799; x_wconf 90' lang='lat' dir='ltr'><strong>et</strong></span> <span class='ocrx_word' id='word_1_21' title='bbox 1702 757 1813 819; x_wconf 94' lang='lat' dir='ltr'><strong>pro</strong></span> <span class='ocrx_word' id='word_1_22' title='bbox 1867 738 2188 822; x_wconf 86' lang='lat' dir='ltr'><strong>difficiliter</strong></span> <span class='ocrx_word' id='word_1_23' title='bbox 2243 740 2495 802; x_wconf 85' lang='lat' dir='ltr'><strong>dicimus</strong></span> <span class='ocrx_word' id='word_1_24' title='bbox 2549 740 2884 804; x_wconf 83' lang='lat' dir='ltr'><strong>difficulter.</strong></span> <span class='ocrx_word' id='word_1_25' title='bbox 2984 741 3256 803; x_wconf 89' lang='lat' dir='ltr'><strong>similiter</strong></span> 
     </span>
     <span class='ocr_line' id='line_1_5' title="bbox 659 843 1832 924; baseline 0.002 -19"><span class='ocrx_word' id='word_1_26' title='bbox 659 853 720 905; x_wconf 88' lang='lat' dir='ltr'><strong>et</strong></span> <span class='ocrx_word' id='word_1_27' title='bbox 763 843 950 906; x_wconf 84' lang='lat' dir='ltr'><strong>audax</strong></span> <span class='ocrx_word' id='word_1_28' title='bbox 999 845 1304 924; x_wconf 76' lang='lat' dir='ltr'><strong>audacter,</strong></span> <span class='ocrx_word' id='word_1_29' title='bbox 1351 863 1466 907; x_wconf 94' lang='lat' dir='ltr'><strong>non</strong></span> <span class='ocrx_word' id='word_1_30' title='bbox 1514 845 1832 907; x_wconf 78' lang='lat' dir='ltr'><strong>audaciter.</strong></span> 
     </span>
    </p>

    <p class='ocr_par' dir='ltr' id='par_1_3' title="bbox 653 951 3340 3722">
     <span class='ocr_line' id='line_1_6' title="bbox 838 951 3256 1035; baseline 0.002 -23"><span class='ocrx_word' id='word_1_31' title='bbox 838 952 990 1013; x_wconf 83' lang='lat' dir='ltr'>Sunt</span> <span class='ocrx_word' id='word_1_32' title='bbox 1035 951 1143 1013; x_wconf 86' lang='lat' dir='ltr'><strong>alia</strong></span> <span class='ocrx_word' id='word_1_33' title='bbox 1189 951 1464 1013; x_wconf 83' lang='lat' dir='ltr'><strong>adverbia</strong></span> <span class='ocrx_word' id='word_1_34' title='bbox 1511 951 1840 1034; x_wconf 72' lang='lat' dir='ltr'><strong>qualitatiS,</strong></span> <span class='ocrx_word' id='word_1_35' title='bbox 1893 971 2043 1032; x_wconf 88' lang='lat' dir='ltr'><strong>quae</strong></span> <span class='ocrx_word' id='word_1_36' title='bbox 2100 972 2294 1034; x_wconf 88' lang='lat' dir='ltr'><strong>neque</strong></span> <span class='ocrx_word' id='word_1_37' title='bbox 2350 973 2459 1035; x_wconf 91' lang='lat' dir='ltr'><strong>per</strong></span> <span class='ocrx_word' id='word_1_38' title='bbox 2506 973 2538 1015; x_wconf 91' lang='lat' dir='ltr'><strong>e</strong></span> <span class='ocrx_word' id='word_1_39' title='bbox 2585 973 2780 1035; x_wconf 89' lang='lat' dir='ltr'><strong>neque</strong></span> <span class='ocrx_word' id='word_1_40' title='bbox 2826 973 2934 1035; x_wconf 87' lang='lat' dir='ltr'><strong>per</strong></span> <span class='ocrx_word' id='word_1_41' title='bbox 2981 963 3074 1016; x_wconf 91' lang='lat' dir='ltr'><strong>ter</strong></span> <span class='ocrx_word' id='word_1_42' title='bbox 3118 956 3256 1016; x_wconf 82' lang='lat' dir='ltr'><strong>effe-</strong></span> 
     </span>
     <span class='ocr_line' id='line_1_7' title="bbox 663 1050 3337 1144; baseline 0.002 -25"><span class='ocrx_word' id='word_1_43' title='bbox 663 1068 907 1140; x_wconf 88' lang='lat' dir='ltr'><strong>runtur,</strong></span> <span class='ocrx_word' id='word_1_44' title='bbox 973 1058 1077 1120; x_wconf 89' lang='lat' dir='ltr'><strong>sed</strong></span> <span class='ocrx_word' id='word_1_45' title='bbox 1140 1078 1248 1139; x_wconf 89' lang='lat' dir='ltr'><strong>per</strong></span> <span class='ocrx_word' id='word_1_46' title='bbox 1307 1079 1404 1143; x_wconf 79' lang='lat' dir='ltr'><strong>uS,</strong></span> <span class='ocrx_word' id='word_1_47' title='bbox 1466 1067 1534 1120; x_wconf 91' lang='lat' dir='ltr'><strong>ut</strong></span> <span class='ocrx_word' id='word_1_48' title='bbox 1589 1059 1859 1121; x_wconf 82' lang='lat' dir='ltr'><strong>funditus</strong></span> <span class='ocrx_word' id='word_1_49' title='bbox 1906 1050 1997 1134; x_wconf 87' lang='grc' dir='ltr'><strong>ῶς</strong></span> <span class='ocrx_word' id='word_1_50' title='bbox 2040 1052 2478 1142; x_wconf 85' lang='grc' dir='ltr'><strong><em>θεμελιόθεν,</em></strong></span> <span class='ocrx_word' id='word_1_51' title='bbox 2542 1061 2788 1122; x_wconf 88' lang='lat' dir='ltr'><strong>caelitus</strong></span> <span class='ocrx_word' id='word_1_52' title='bbox 2854 1053 3256 1144; x_wconf 79' lang='grc' dir='ltr'><strong><em>οὐρανόθεν,</em></strong></span> <span class='ocrx_word' id='word_1_53' title='bbox 3313 1075 3337 1115; x_wconf 81' lang='lat'><strong>5</strong></span> 
     </span>
     <span class='ocr_line' id='line_1_8' title="bbox 657 1156 3260 1249; baseline 0.002 -23"><span class='ocrx_word' id='word_1_54' title='bbox 657 1164 998 1227; x_wconf 87' lang='lat' dir='ltr'><strong>humanitus</strong></span> <span class='ocrx_word' id='word_1_55' title='bbox 1051 1156 1537 1248; x_wconf 87' lang='grc' dir='ltr'><strong><em>ἀνθρωπόθεν,</em></strong></span> <span class='ocrx_word' id='word_1_56' title='bbox 1592 1168 1865 1247; x_wconf 84' lang='lat' dir='ltr'><strong>stirpitus</strong></span> <span class='ocrx_word' id='word_1_57' title='bbox 1919 1159 2223 1249; x_wconf 79' lang='grc' dir='ltr'><strong><em>ῥιζόθεν,</em></strong></span> <span class='ocrx_word' id='word_1_58' title='bbox 2293 1168 2594 1230; x_wconf 89' lang='lat' dir='ltr'><strong>mordicus</strong></span> <span class='ocrx_word' id='word_1_59' title='bbox 2651 1160 2831 1243; x_wconf 80' lang='grc' dir='ltr'><strong><em>ὀδάξ.</em></strong></span> <span class='ocrx_word' id='word_1_60' title='bbox 2920 1171 3063 1230; x_wconf 88' lang='lat' dir='ltr'><strong>item</strong></span> <span class='ocrx_word' id='word_1_61' title='bbox 3119 1178 3260 1230; x_wconf 89' lang='lat' dir='ltr'><strong>sunt</strong></span> 
     </span>
     <span class='ocr_line' id='line_1_9' title="bbox 658 1272 3256 1355; baseline 0.002 -21"><span class='ocrx_word' id='word_1_62' title='bbox 658 1291 806 1353; x_wconf 89' lang='lat' dir='ltr'><strong>quae</strong></span> <span class='ocrx_word' id='word_1_63' title='bbox 871 1276 934 1334; x_wconf 93' lang='lat' dir='ltr'><strong>in</strong></span> <span class='ocrx_word' id='word_1_64' title='bbox 1000 1275 1081 1334; x_wconf 88' lang='lat' dir='ltr'><strong>im</strong></span> <span class='ocrx_word' id='word_1_65' title='bbox 1146 1272 1241 1351; x_wconf 89' lang='lat' dir='ltr'><strong>[ac</strong></span> <span class='ocrx_word' id='word_1_66' title='bbox 1308 1272 1439 1351; x_wconf 91' lang='lat' dir='ltr'><strong>tim]</strong></span> <span class='ocrx_word' id='word_1_67' title='bbox 1509 1277 1930 1354; x_wconf 79' lang='lat' dir='ltr'><strong>terminantur,</strong></span> <span class='ocrx_word' id='word_1_68' title='bbox 1992 1282 2059 1335; x_wconf 92' lang='lat' dir='ltr'><strong>ut</strong></span> <span class='ocrx_word' id='word_1_69' title='bbox 2123 1277 2338 1336; x_wconf 82' lang='lat' dir='ltr'><strong>caesim</strong></span> <span class='ocrx_word' id='word_1_70' title='bbox 2403 1273 2802 1355; x_wconf 87' lang='grc' dir='ltr'><strong><em>πληκτικῶς,</em></strong></span> <span class='ocrx_word' id='word_1_71' title='bbox 2867 1279 3256 1338; x_wconf 86' lang='lat' dir='ltr'><strong>continuatim</strong></span> 
     </span>
     <span class='ocr_line' id='line_1_10' title="bbox 657 1371 3257 1464; baseline 0.002 -21"><span class='ocrx_word' id='word_1_72' title='bbox 657 1377 979 1461; x_wconf 87' lang='grc' dir='ltr'><strong><em>συνεχῶς,</em></strong></span> <span class='ocrx_word' id='word_1_73' title='bbox 1034 1382 1250 1460; x_wconf 89' lang='lat' dir='ltr'><strong>raptim</strong></span> <span class='ocrx_word' id='word_1_74' title='bbox 1305 1371 1727 1462; x_wconf 78' lang='grc' dir='ltr'><strong><em>ἁρπαγηδόν,</em></strong></span> <span class='ocrx_word' id='word_1_75' title='bbox 1785 1383 2011 1442; x_wconf 85' lang='lat' dir='ltr'><strong>cursim</strong></span> <span class='ocrx_word' id='word_1_76' title='bbox 2072 1379 2439 1463; x_wconf 90' lang='grc' dir='ltr'><strong><em>τροχαλῶς,</em></strong></span> <span class='ocrx_word' id='word_1_77' title='bbox 2505 1384 2757 1443; x_wconf 90' lang='lat' dir='ltr'><strong>strictim</strong></span> <span class='ocrx_word' id='word_1_78' title='bbox 2824 1377 3257 1464; x_wconf 78' lang='grc' dir='ltr'><strong><em>ἐσφιγμένως,</em></strong></span> 
     </span>
     <span class='ocr_line' id='line_1_11' title="bbox 655 1478 3258 1573; baseline 0.002 -25"><span class='ocrx_word' id='word_1_79' title='bbox 655 1489 941 1567; x_wconf 82' lang='lat' dir='ltr'><strong>gregatim</strong></span> <span class='ocrx_word' id='word_1_80' title='bbox 988 1478 1351 1567; x_wconf 76' lang='grc' dir='ltr'><strong><em>ἀγεληδόν,</em></strong></span> <span class='ocrx_word' id='word_1_81' title='bbox 1408 1490 1724 1568; x_wconf 85' lang='lat' dir='ltr'><strong>separatim</strong></span> <span class='ocrx_word' id='word_1_82' title='bbox 1776 1484 2308 1570; x_wconf 77' lang='grc' dir='ltr'><strong><em>κεχωρισμένως,</em></strong></span> <span class='ocrx_word' id='word_1_83' title='bbox 2362 1491 2635 1570; x_wconf 84' lang='lat' dir='ltr'><strong>privatim</strong></span> <span class='ocrx_word' id='word_1_84' title='bbox 2692 1486 2861 1573; x_wconf 77' lang='grc' dir='ltr'><strong><em>ἰδίᾳ,</em></strong></span> <span class='ocrx_word' id='word_1_85' title='bbox 2916 1494 3133 1570; x_wconf 87' lang='lat' dir='ltr'><strong>partim</strong></span> <span class='ocrx_word' id='word_1_86' title='bbox 3187 1486 3258 1553; x_wconf 80' lang='grc' dir='ltr'><strong>ἐκ</strong></span> 
     </span>
     <span class='ocr_line' id='line_1_12' title="bbox 656 1586 3340 1678; baseline 0.001 -22"><span class='ocrx_word' id='word_1_87' title='bbox 656 1589 932 1675; x_wconf 78' lang='grc' dir='ltr'><strong><em>μέρους,</em></strong></span> <span class='ocrx_word' id='word_1_88' title='bbox 987 1594 1410 1675; x_wconf 85' lang='lat' dir='ltr'><strong>pedetemptim</strong></span> <span class='ocrx_word' id='word_1_89' title='bbox 1453 1586 1617 1656; x_wconf 77' lang='grc' dir='ltr'><strong><em>κατὰ</em></strong></span> <span class='ocrx_word' id='word_1_90' title='bbox 1675 1586 2105 1677; x_wconf 82' lang='grc' dir='ltr'><strong><em>προχῶρησιν</em></strong></span> <span class='ocrx_word' id='word_1_91' title='bbox 2158 1586 2401 1677; x_wconf 81' lang='grc' dir='ltr'><strong><em>ἠρέμα,</em></strong></span> <span class='ocrx_word' id='word_1_92' title='bbox 2458 1596 2739 1676; x_wconf 85' lang='lat' dir='ltr'><strong>paulatim</strong></span> <span class='ocrx_word' id='word_1_93' title='bbox 2794 1591 2865 1658; x_wconf 76' lang='grc' dir='ltr'><strong>ἐκ</strong></span> <span class='ocrx_word' id='word_1_94' title='bbox 2916 1594 3038 1659; x_wconf 85' lang='grc' dir='ltr'><strong><em>τοῦ</em></strong></span> <span class='ocrx_word' id='word_1_95' title='bbox 3092 1590 3260 1678; x_wconf 89' lang='grc' dir='ltr'><strong><em>πρὸς</em></strong></span> <span class='ocrx_word' id='word_1_96' title='bbox 3286 1611 3340 1650; x_wconf 85' lang='lat'><strong>1⁰</strong></span> 
     </span>
     <span class='ocr_line' id='line_1_13' title="bbox 656 1691 3258 1786; baseline 0.001 -23"><span class='ocrx_word' id='word_1_97' title='bbox 656 1691 920 1781; x_wconf 77' lang='grc' dir='ltr'><strong><em>ὀλίγον,</em></strong></span> <span class='ocrx_word' id='word_1_98' title='bbox 969 1703 1240 1762; x_wconf 89' lang='lat' dir='ltr'><strong>minutim</strong></span> <span class='ocrx_word' id='word_1_99' title='bbox 1276 1693 1440 1763; x_wconf 83' lang='grc' dir='ltr'><strong><em>κατὰ</em></strong></span> <span class='ocrx_word' id='word_1_100' title='bbox 1476 1694 1748 1781; x_wconf 86' lang='grc' dir='ltr'><strong><em>λεπτόν,</em></strong></span> <span class='ocrx_word' id='word_1_101' title='bbox 1797 1704 2018 1763; x_wconf 85' lang='lat' dir='ltr'><strong>sensim</strong></span> <span class='ocrx_word' id='word_1_102' title='bbox 2054 1693 2266 1783; x_wconf 77' lang='grc' dir='ltr'><strong><em>ἠρέμα</em></strong></span> <span class='ocrx_word' id='word_1_103' title='bbox 2304 1694 2558 1782; x_wconf 88' lang='grc' dir='ltr'><strong><em>λάθρα,</em></strong></span> <span class='ocrx_word' id='word_1_104' title='bbox 2606 1704 2812 1765; x_wconf 83' lang='lat' dir='ltr'><strong>furtim</strong></span> <span class='ocrx_word' id='word_1_105' title='bbox 2838 1704 3258 1786; x_wconf 81' lang='grc' dir='ltr'><strong><em>κλεψιμαίως,</em></strong></span> 
     </span>
     <span class='ocr_line' id='line_1_14' title="bbox 656 1801 3256 1893; baseline 0.002 -24"><span class='ocrx_word' id='word_1_106' title='bbox 656 1808 902 1869; x_wconf 89' lang='lat' dir='ltr'><strong>deditim</strong></span> <span class='ocrx_word' id='word_1_107' title='bbox 966 1803 1294 1889; x_wconf 78' lang='grc' dir='ltr'><strong><em>ἐπίτηδες,</em></strong></span> <span class='ocrx_word' id='word_1_108' title='bbox 1359 1811 1607 1889; x_wconf 87' lang='lat' dir='ltr'><strong>carptim</strong></span> <span class='ocrx_word' id='word_1_109' title='bbox 1674 1806 2062 1887; x_wconf 86' lang='grc' dir='ltr'><strong><em>δρεπτικῶς,</em></strong></span> <span class='ocrx_word' id='word_1_110' title='bbox 2126 1811 2462 1871; x_wconf 82' lang='lat' dir='ltr'><strong>summatim</strong></span> <span class='ocrx_word' id='word_1_111' title='bbox 2525 1801 2692 1871; x_wconf 84' lang='grc' dir='ltr'><strong><em>κατὰ</em></strong></span> <span class='ocrx_word' id='word_1_112' title='bbox 2754 1802 2994 1893; x_wconf 78' lang='grc' dir='ltr'><strong><em>ἄκρον,</em></strong></span> <span class='ocrx_word' id='word_1_113' title='bbox 3060 1814 3256 1873; x_wconf 87' lang='lat' dir='ltr'><strong>statim</strong></span> 
     </span>
     <span class='ocr_line' id='line_1_15' title="bbox 655 1907 3256 1999; baseline 0.002 -23"><span class='ocrx_word' id='word_1_114' title='bbox 655 1907 939 1994; x_wconf 79' lang='grc' dir='ltr'><strong><em>εὐθέως,</em></strong></span> <span class='ocrx_word' id='word_1_115' title='bbox 994 1918 1212 1997; x_wconf 87' lang='lat' dir='ltr'><strong>passim</strong></span> <span class='ocrx_word' id='word_1_116' title='bbox 1269 1913 1639 1996; x_wconf 82' lang='grc' dir='ltr'><strong><em>πανταχοῦ,</em></strong></span> <span class='ocrx_word' id='word_1_117' title='bbox 1695 1918 2045 1996; x_wconf 88' lang='lat' dir='ltr'><strong>praesertim</strong></span> <span class='ocrx_word' id='word_1_118' title='bbox 2103 1911 2475 1999; x_wconf 75' lang='grc' dir='ltr'><strong><em>ἐξαιρέτως,</em></strong></span> <span class='ocrx_word' id='word_1_119' title='bbox 2542 1919 2798 1980; x_wconf 85' lang='lat' dir='ltr'><strong>vicissim</strong></span> <span class='ocrx_word' id='word_1_120' title='bbox 2863 1909 3256 1999; x_wconf 83' lang='grc' dir='ltr'><strong><em>ἀμοιβηδόν.</em></strong></span> 
     </span>
     <span class='ocr_line' id='line_1_16' title="bbox 656 2015 3256 2118; baseline 0.002 -36"><span class='ocrx_word' id='word_1_121' title='bbox 656 2024 797 2084; x_wconf 88' lang='lat' dir='ltr'><strong>item</strong></span> <span class='ocrx_word' id='word_1_122' title='bbox 844 2031 985 2084; x_wconf 90' lang='lat' dir='ltr'><strong>sunt</strong></span> <span class='ocrx_word' id='word_1_123' title='bbox 1029 2040 1180 2101; x_wconf 90' lang='lat' dir='ltr'><strong>quae</strong></span> <span class='ocrx_word' id='word_1_124' title='bbox 1227 2024 1289 2083; x_wconf 92' lang='lat' dir='ltr'><strong>in</strong></span> <span class='ocrx_word' id='word_1_125' title='bbox 1335 2041 1369 2081; x_wconf 94' lang='lat' dir='ltr'><strong>o</strong></span> <span class='ocrx_word' id='word_1_126' title='bbox 1419 2024 1838 2104; x_wconf 82' lang='lat' dir='ltr'><strong>terminantur,</strong></span> <span class='ocrx_word' id='word_1_127' title='bbox 1897 2031 1966 2083; x_wconf 90' lang='lat' dir='ltr'><strong>ut</strong></span> <span class='ocrx_word' id='word_1_128' title='bbox 2018 2023 2291 2083; x_wconf 87' lang='lat' dir='ltr'><strong>consulto</strong></span> <span class='ocrx_word' id='word_1_129' title='bbox 2347 2018 2675 2102; x_wconf 78' lang='grc' dir='ltr'><strong><em>ἐπίτηδες,</em></strong></span> <span class='ocrx_word' id='word_1_130' title='bbox 2731 2032 2861 2087; x_wconf 88' lang='lat' dir='ltr'><strong>tuto</strong></span> <span class='ocrx_word' id='word_1_131' title='bbox 2917 2015 3256 2118; x_wconf 89' lang='grc' dir='ltr'><strong><em>ἀσφαλῶς,</em></strong></span> 
     </span>
     <span class='ocr_line' id='line_1_17' title="bbox 656 2111 3339 2213; baseline 0.002 -24"><span class='ocrx_word' id='word_1_132' title='bbox 656 2128 923 2191; x_wconf 85' lang='lat' dir='ltr'><strong>clanculo</strong></span> <span class='ocrx_word' id='word_1_133' title='bbox 969 2129 1332 2191; x_wconf 81' lang='lat' dir='ltr'><strong>clandestino</strong></span> <span class='ocrx_word' id='word_1_134' title='bbox 1379 2121 1629 2211; x_wconf 86' lang='grc' dir='ltr'><strong><em>λάθρα,</em></strong></span> <span class='ocrx_word' id='word_1_135' title='bbox 1675 2128 1856 2190; x_wconf 91' lang='lat' dir='ltr'><strong>dubio</strong></span> <span class='ocrx_word' id='word_1_136' title='bbox 1904 2125 2357 2208; x_wconf 85' lang='grc' dir='ltr'><strong><em>διστακτικῶς,</em></strong></span> <span class='ocrx_word' id='word_1_137' title='bbox 2412 2129 2557 2190; x_wconf 78' lang='lat' dir='ltr'><strong>salso</strong></span> <span class='ocrx_word' id='word_1_138' title='bbox 2615 2129 2918 2206; x_wconf 85' lang='grc' dir='ltr'><strong><em>πλαστῶς</em></strong></span> <span class='ocrx_word' id='word_1_139' title='bbox 2970 2111 3254 2213; x_wconf 77' lang='grc' dir='ltr'><strong><em>ψευδῶς,</em></strong></span> <span class='ocrx_word' id='word_1_140' title='bbox 3285 2145 3339 2186; x_wconf 75' lang='lat'><strong>¹⁵</strong></span> 
     </span>
     <span class='ocr_line' id='line_1_18' title="bbox 656 2227 3257 2321; baseline 0.002 -24"><span class='ocrx_word' id='word_1_141' title='bbox 656 2254 1021 2316; x_wconf 84' lang='lat' dir='ltr'><strong>supervacuo</strong></span> <span class='ocrx_word' id='word_1_142' title='bbox 1065 2229 1314 2317; x_wconf 88' lang='grc' dir='ltr'><strong><em>μάτην,</em></strong></span> <span class='ocrx_word' id='word_1_143' title='bbox 1360 2237 1479 2297; x_wconf 90' lang='lat' dir='ltr'><strong>cito</strong></span> <span class='ocrx_word' id='word_1_144' title='bbox 1524 2229 1798 2317; x_wconf 81' lang='grc' dir='ltr'><strong><em>ταχέως,</em></strong></span> <span class='ocrx_word' id='word_1_145' title='bbox 1846 2245 2078 2297; x_wconf 90' lang='lat' dir='ltr'><strong>secreto</strong></span> <span class='ocrx_word' id='word_1_146' title='bbox 2122 2227 2264 2298; x_wconf 87' lang='grc' dir='ltr'><strong><em>κατ’</em></strong></span> <span class='ocrx_word' id='word_1_147' title='bbox 2318 2233 2530 2316; x_wconf 82' lang='grc' dir='ltr'><strong><em>ἰδίαν,</em></strong></span> <span class='ocrx_word' id='word_1_148' title='bbox 2592 2236 2873 2318; x_wconf 86' lang='lat' dir='ltr'><strong>bipertito</strong></span> <span class='ocrx_word' id='word_1_149' title='bbox 2921 2236 3257 2321; x_wconf 86' lang='grc' dir='ltr'><strong><em>δισχιδῶς,</em></strong></span> 
     </span>
     <span class='ocr_line' id='line_1_19' title="bbox 656 2340 3256 2430; baseline 0.002 -27"><span class='ocrx_word' id='word_1_150' title='bbox 656 2344 954 2423; x_wconf 89' lang='lat' dir='ltr'><strong>tripertito</strong></span> <span class='ocrx_word' id='word_1_151' title='bbox 1018 2340 1400 2424; x_wconf 86' lang='grc' dir='ltr'><strong><em>τρισχιδῶς,</em></strong></span> <span class='ocrx_word' id='word_1_152' title='bbox 1466 2343 1897 2424; x_wconf 86' lang='lat' dir='ltr'><strong>quadripertito</strong></span> <span class='ocrx_word' id='word_1_153' title='bbox 1968 2340 2408 2426; x_wconf 87' lang='grc' dir='ltr'><strong><em>τετρασχιδῶς</em></strong></span> <span class='ocrx_word' id='word_1_154' title='bbox 2481 2343 2968 2426; x_wconf 86' lang='lat' dir='ltr'><strong>[quadripertito]</strong></span> <span class='ocrx_word' id='word_1_155' title='bbox 3032 2366 3256 2430; x_wconf 89' lang='grc' dir='ltr'><strong><em>τετρα-</em></strong></span> 
     </span>
     <span class='ocr_line' id='line_1_20' title="bbox 653 2441 3255 2536; baseline 0.002 -26"><span class='ocrx_word' id='word_1_156' title='bbox 653 2447 885 2531; x_wconf 85' lang='grc' dir='ltr'><strong><em>μερῶς,</em></strong></span> <span class='ocrx_word' id='word_1_157' title='bbox 923 2451 1169 2511; x_wconf 81' lang='lat' dir='ltr'><strong>i&#39;ortuito</strong></span> <span class='ocrx_word' id='word_1_158' title='bbox 1196 2450 1522 2531; x_wconf 81' lang='grc' dir='ltr'><strong><em>τυχηρῶς,</em></strong></span> <span class='ocrx_word' id='word_1_159' title='bbox 1551 2451 1780 2511; x_wconf 80' lang='lat' dir='ltr'><strong>infinito</strong></span> <span class='ocrx_word' id='word_1_160' title='bbox 1822 2446 1832 2534; x_wconf 86' lang='grc' dir='ltr'>Ι</span> <span class='ocrx_word' id='word_1_161' title='bbox 1873 2441 2198 2531; x_wconf 77' lang='grc' dir='ltr'><strong><em>ἀορίστως</em></strong></span> <span class='ocrx_word' id='word_1_162' title='bbox 2224 2442 2639 2532; x_wconf 87' lang='grc' dir='ltr'><strong><em>ἀπεράντως,</em></strong></span> <span class='ocrx_word' id='word_1_163' title='bbox 2668 2455 2951 2516; x_wconf 90' lang='lat' dir='ltr'><strong>continuo</strong></span> <span class='ocrx_word' id='word_1_164' title='bbox 2978 2445 3255 2536; x_wconf 77' lang='grc' dir='ltr'><strong><em>εὐθέως,</em></strong></span> 
     </span>
     <span class='ocr_line' id='line_1_21' title="bbox 654 2549 3254 2642; baseline 0.003 -26"><span class='ocrx_word' id='word_1_165' title='bbox 654 2558 847 2636; x_wconf 90' lang='lat' dir='ltr'><strong>primo</strong></span> <span class='ocrx_word' id='word_1_166' title='bbox 909 2549 1221 2638; x_wconf 75' lang='grc' dir='ltr'><strong><em>πρώτως,</em></strong></span> <span class='ocrx_word' id='word_1_167' title='bbox 1311 2560 1552 2637; x_wconf 88' lang='lat' dir='ltr'><strong>opinato</strong></span> <span class='ocrx_word' id='word_1_168' title='bbox 1615 2552 2283 2640; x_wconf 80' lang='grc' dir='ltr'><strong><em>προσδεδοκημένως,</em></strong></span> <span class='ocrx_word' id='word_1_169' title='bbox 2356 2559 2625 2638; x_wconf 83' lang='lat' dir='ltr'><strong>profecto</strong></span> <span class='ocrx_word' id='word_1_170' title='bbox 2692 2553 2979 2641; x_wconf 83' lang='grc' dir='ltr'><strong><em>δηλαδή,</em></strong></span> <span class='ocrx_word' id='word_1_171' title='bbox 3045 2580 3254 2642; x_wconf 83' lang='lat' dir='ltr'><strong>magno</strong></span> 
     </span>
     <span class='ocr_line' id='line_1_22' title="bbox 655 2656 3340 2745; baseline 0.001 -21"><span class='ocrx_word' id='word_1_172' title='bbox 655 2656 984 2744; x_wconf 76' lang='grc' dir='ltr'><strong><em>μεγάλως,</em></strong></span> <span class='ocrx_word' id='word_1_173' title='bbox 1031 2681 1167 2724; x_wconf 89' lang='lat' dir='ltr'><strong>raro</strong></span> <span class='ocrx_word' id='word_1_174' title='bbox 1214 2662 1540 2742; x_wconf 86' lang='grc' dir='ltr'><strong><em>σπανίως,</em></strong></span> <span class='ocrx_word' id='word_1_175' title='bbox 1588 2667 1798 2726; x_wconf 90' lang='lat' dir='ltr'><strong>merito</strong></span> <span class='ocrx_word' id='word_1_176' title='bbox 1848 2661 2122 2738; x_wconf 77' lang='grc' dir='ltr'><strong><em>δικαίως</em></strong></span> <span class='ocrx_word' id='word_1_177' title='bbox 2165 2656 2393 2744; x_wconf 79' lang='grc' dir='ltr'><strong><em>ἀξίως,</em></strong></span> <span class='ocrx_word' id='word_1_178' title='bbox 2447 2667 2725 2727; x_wconf 86' lang='lat' dir='ltr'><strong>inmerito</strong></span> <span class='ocrx_word' id='word_1_179' title='bbox 2772 2657 3085 2745; x_wconf 81' lang='grc' dir='ltr'><strong><em>ἀναξίως,</em></strong></span> <span class='ocrx_word' id='word_1_180' title='bbox 3133 2670 3254 2728; x_wconf 90' lang='lat' dir='ltr'><strong>otio</strong></span> <span class='ocrx_word' id='word_1_181' title='bbox 3282 2682 3340 2720; x_wconf 66' lang='grc' dir='ltr'><strong>ιο</strong></span> 
     </span>
     <span class='ocr_line' id='line_1_23' title="bbox 653 2761 3255 2856; baseline 0.002 -24"><span class='ocrx_word' id='word_1_182' title='bbox 653 2761 938 2853; x_wconf 77' lang='grc' dir='ltr'><strong><em>ἀμελῶς,</em></strong></span> <span class='ocrx_word' id='word_1_183' title='bbox 1004 2771 1215 2833; x_wconf 87' lang='lat' dir='ltr'><strong>crebro</strong></span> <span class='ocrx_word' id='word_1_184' title='bbox 1269 2768 1567 2849; x_wconf 75' lang='grc' dir='ltr'><strong><em>πυκνῶς,</em></strong></span> <span class='ocrx_word' id='word_1_185' title='bbox 1631 2775 1871 2833; x_wconf 90' lang='lat' dir='ltr'><strong>omnino</strong></span> <span class='ocrx_word' id='word_1_186' title='bbox 1924 2769 2294 2853; x_wconf 87' lang='grc' dir='ltr'><strong><em>παντελῶς,</em></strong></span> <span class='ocrx_word' id='word_1_187' title='bbox 2359 2772 2515 2834; x_wconf 82' lang='lat' dir='ltr'><strong>ultro</strong></span> <span class='ocrx_word' id='word_1_188' title='bbox 2578 2763 3011 2856; x_wconf 76' lang='grc' dir='ltr'><strong><em>αὐθαιρέτως.</em></strong></span> <span class='ocrx_word' id='word_1_189' title='bbox 3111 2777 3255 2836; x_wconf 90' lang='lat' dir='ltr'><strong>item</strong></span> 
     </span>
     <span class='ocr_line' id='line_1_24' title="bbox 655 2872 3255 2963; baseline 0.001 -22"><span class='ocrx_word' id='word_1_190' title='bbox 655 2888 796 2941; x_wconf 89' lang='lat' dir='ltr'><strong>sunt</strong></span> <span class='ocrx_word' id='word_1_191' title='bbox 839 2897 989 2959; x_wconf 89' lang='lat' dir='ltr'><strong>quae</strong></span> <span class='ocrx_word' id='word_1_192' title='bbox 1038 2880 1097 2940; x_wconf 90' lang='lat' dir='ltr'><strong>in</strong></span> <span class='ocrx_word' id='word_1_193' title='bbox 1144 2897 1237 2939; x_wconf 88' lang='lat' dir='ltr'><strong>am</strong></span> <span class='ocrx_word' id='word_1_194' title='bbox 1284 2881 1705 2962; x_wconf 83' lang='lat' dir='ltr'><strong>terminantur,</strong></span> <span class='ocrx_word' id='word_1_195' title='bbox 1751 2887 1820 2941; x_wconf 88' lang='lat' dir='ltr'><strong>ut</strong></span> <span class='ocrx_word' id='word_1_196' title='bbox 1865 2879 2013 2941; x_wconf 89' lang='lat' dir='ltr'><strong>clam</strong></span> <span class='ocrx_word' id='word_1_197' title='bbox 2059 2872 2312 2960; x_wconf 86' lang='grc' dir='ltr'><strong><em>λάθρα,</em></strong></span> <span class='ocrx_word' id='word_1_198' title='bbox 2361 2882 2717 2961; x_wconf 85' lang='lat' dir='ltr'><strong>nequiquam</strong></span> <span class='ocrx_word' id='word_1_199' title='bbox 2763 2874 3010 2962; x_wconf 87' lang='grc' dir='ltr'><strong><em>μάτην,</em></strong></span> <span class='ocrx_word' id='word_1_200' title='bbox 3065 2882 3255 2963; x_wconf 90' lang='lat' dir='ltr'><strong>palam</strong></span> 
     </span>
     <span class='ocr_line' id='line_1_25' title="bbox 654 2981 3252 3070; baseline 0.001 -22"><span class='ocrx_word' id='word_1_201' title='bbox 654 2983 991 3068; x_wconf 84' lang='grc' dir='ltr'><strong><em>φανερῶς,</em></strong></span> <span class='ocrx_word' id='word_1_202' title='bbox 1037 2985 1266 3047; x_wconf 89' lang='lat' dir='ltr'><strong>obviam</strong></span> <span class='ocrx_word' id='word_1_203' title='bbox 1312 2981 1380 3062; x_wconf 79' lang='grc' dir='ltr'><strong>ἐξ</strong></span> <span class='ocrx_word' id='word_1_204' title='bbox 1418 2982 1751 3064; x_wconf 80' lang='grc' dir='ltr'><strong><em>ἐναντίας,</em></strong></span> <span class='ocrx_word' id='word_1_205' title='bbox 1797 2985 2067 3048; x_wconf 80' lang='lat' dir='ltr'><strong>bifariam</strong></span> <span class='ocrx_word' id='word_1_206' title='bbox 2106 2984 2334 3068; x_wconf 88' lang='grc' dir='ltr'><strong><em>διχῶς,</em></strong></span> <span class='ocrx_word' id='word_1_207' title='bbox 2382 2988 2667 3049; x_wconf 76' lang='lat' dir='ltr'><strong>trifariam</strong></span> <span class='ocrx_word' id='word_1_208' title='bbox 2705 2986 2969 3070; x_wconf 83' lang='grc' dir='ltr'><strong><em>τριχῶς,</em></strong></span> <span class='ocrx_word' id='word_1_209' title='bbox 3019 2989 3252 3069; x_wconf 89' lang='lat' dir='ltr'><strong>quadri·</strong></span> 
     </span>
     <span class='ocr_line' id='line_1_26' title="bbox 656 3090 3254 3177; baseline 0.002 -23"><span class='ocrx_word' id='word_1_210' title='bbox 656 3095 858 3155; x_wconf 83' lang='lat' dir='ltr'><strong>fariam</strong></span> <span class='ocrx_word' id='word_1_211' title='bbox 929 3090 1283 3175; x_wconf 85' lang='grc' dir='ltr'><strong><em>τετραχῶς,</em></strong></span> <span class='ocrx_word' id='word_1_212' title='bbox 1356 3092 1729 3155; x_wconf 78' lang='lat' dir='ltr'><strong>multifariam</strong></span> <span class='ocrx_word' id='word_1_213' title='bbox 1803 3091 2177 3175; x_wconf 89' lang='grc' dir='ltr'><strong><em>πολλαχῶς,</em></strong></span> <span class='ocrx_word' id='word_1_214' title='bbox 2251 3113 2447 3156; x_wconf 91' lang='lat' dir='ltr'><strong>coram</strong></span> <span class='ocrx_word' id='word_1_215' title='bbox 2524 3092 2858 3175; x_wconf 87' lang='grc' dir='ltr'><strong><em>φανερῶς,</em></strong></span> <span class='ocrx_word' id='word_1_216' title='bbox 2939 3115 3254 3177; x_wconf 88' lang='lat' dir='ltr'><strong>perperam</strong></span> 
     </span>
     <span class='ocr_line' id='line_1_27' title="bbox 653 3192 3337 3287; baseline -0.001 -25"><span class='ocrx_word' id='word_1_217' title='bbox 653 3197 991 3281; x_wconf 88' lang='grc' dir='ltr'><strong><em>προπετῶς</em></strong></span> <span class='ocrx_word' id='word_1_218' title='bbox 1035 3192 1267 3274; x_wconf 77' lang='grc' dir='ltr'><strong><em>ἄλλως.</em></strong></span> <span class='ocrx_word' id='word_1_219' title='bbox 1358 3208 1499 3262; x_wconf 90' lang='lat' dir='ltr'><strong>sunt</strong></span> <span class='ocrx_word' id='word_1_220' title='bbox 1552 3218 1702 3279; x_wconf 89' lang='lat' dir='ltr'><strong>quae</strong></span> <span class='ocrx_word' id='word_1_221' title='bbox 1760 3201 1819 3260; x_wconf 91' lang='lat' dir='ltr'><strong>in</strong></span> <span class='ocrx_word' id='word_1_222' title='bbox 1869 3219 1906 3261; x_wconf 92' lang='lat' dir='ltr'><strong>u</strong></span> <span class='ocrx_word' id='word_1_223' title='bbox 1957 3203 2374 3284; x_wconf 83' lang='lat' dir='ltr'><strong>terminantur,</strong></span> <span class='ocrx_word' id='word_1_224' title='bbox 2432 3210 2497 3262; x_wconf 90' lang='lat' dir='ltr'><strong>ut</strong></span> <span class='ocrx_word' id='word_1_225' title='bbox 2551 3201 2713 3262; x_wconf 86' lang='lat' dir='ltr'><strong>dictu</strong></span> <span class='ocrx_word' id='word_1_226' title='bbox 2769 3198 2860 3287; x_wconf 79' lang='grc' dir='ltr'><strong><em>τῷ</em></strong></span> <span class='ocrx_word' id='word_1_227' title='bbox 2916 3195 3255 3283; x_wconf 76' lang='grc' dir='ltr'><strong><em>λέγεσθαι,</em></strong></span> <span class='ocrx_word' id='word_1_228' title='bbox 3284 3219 3337 3260; x_wconf 75' lang='lat'><strong>2⁵</strong></span> 
     </span>
     <span class='ocr_line' id='line_1_28' title="bbox 655 3301 3257 3393; baseline 0.002 -26"><span class='ocrx_word' id='word_1_229' title='bbox 655 3308 813 3369; x_wconf 77' lang='lat' dir='ltr'><strong>factu</strong></span> <span class='ocrx_word' id='word_1_230' title='bbox 858 3304 948 3393; x_wconf 79' lang='grc' dir='ltr'><strong><em>τῷ</em></strong></span> <span class='ocrx_word' id='word_1_231' title='bbox 994 3301 1313 3387; x_wconf 77' lang='grc' dir='ltr'><strong><em>γενέσθαι</em></strong></span> <span class='ocrx_word' id='word_1_232' title='bbox 1360 3350 1377 3369; x_wconf 93' lang='grc'><strong><em>.</em></strong></span> <span class='ocrx_word' id='word_1_233' title='bbox 1422 3309 1566 3367; x_wconf 89' lang='lat' dir='ltr'><strong>item</strong></span> <span class='ocrx_word' id='word_1_234' title='bbox 1612 3314 1754 3367; x_wconf 88' lang='lat' dir='ltr'><strong>sunt</strong></span> <span class='ocrx_word' id='word_1_235' title='bbox 1797 3324 1949 3386; x_wconf 89' lang='lat' dir='ltr'><strong>quae</strong></span> <span class='ocrx_word' id='word_1_236' title='bbox 1997 3308 2056 3367; x_wconf 88' lang='lat' dir='ltr'><strong>in</strong></span> <span class='ocrx_word' id='word_1_237' title='bbox 2104 3325 2136 3367; x_wconf 91' lang='lat' dir='ltr'><strong>a</strong></span> <span class='ocrx_word' id='word_1_238' title='bbox 2184 3309 2607 3388; x_wconf 87' lang='lat' dir='ltr'><strong>terminantur,</strong></span> <span class='ocrx_word' id='word_1_239' title='bbox 2654 3317 2720 3369; x_wconf 88' lang='lat' dir='ltr'><strong>ut</strong></span> <span class='ocrx_word' id='word_1_240' title='bbox 2757 3309 2980 3370; x_wconf 82' lang='lat' dir='ltr'><strong>frustra</strong></span> <span class='ocrx_word' id='word_1_241' title='bbox 3016 3303 3257 3391; x_wconf 86' lang='grc' dir='ltr'><strong><em>μάτην,</em></strong></span> 
     </span>
     <span class='ocr_line' id='line_1_29' title="bbox 653 3403 3257 3504; baseline 0.002 -30"><span class='ocrx_word' id='word_1_242' title='bbox 653 3414 850 3504; x_wconf 76' lang='lat' dir='ltr'><strong>dedita</strong></span> <span class='ocrx_word' id='word_1_243' title='bbox 894 3409 1221 3494; x_wconf 82' lang='grc' dir='ltr'><strong><em>ἐπίτηδες,</em></strong></span> <span class='ocrx_word' id='word_1_244' title='bbox 1265 3415 1482 3475; x_wconf 90' lang='lat' dir='ltr'><strong>iniuria</strong></span> <span class='ocrx_word' id='word_1_245' title='bbox 1528 3403 1789 3485; x_wconf 81' lang='grc' dir='ltr'><strong><em>ἀδίκως.</em></strong></span> <span class='ocrx_word' id='word_1_246' title='bbox 1862 3421 2000 3474; x_wconf 89' lang='lat' dir='ltr'><strong>sunt</strong></span> <span class='ocrx_word' id='word_1_247' title='bbox 2037 3412 2144 3474; x_wconf 89' lang='lat' dir='ltr'><strong>alia</strong></span> <span class='ocrx_word' id='word_1_248' title='bbox 2181 3416 2245 3474; x_wconf 90' lang='lat' dir='ltr'><strong>in</strong></span> <span class='ocrx_word' id='word_1_249' title='bbox 2275 3432 2308 3473; x_wconf 91' lang='lat' dir='ltr'><strong>e</strong></span> <span class='ocrx_word' id='word_1_250' title='bbox 2338 3418 2433 3474; x_wconf 82' lang='lat' dir='ltr'><strong>vel</strong></span> <span class='ocrx_word' id='word_1_251' title='bbox 2456 3408 2552 3475; x_wconf 77' lang='lat' dir='ltr'><strong>ter</strong></span> <span class='ocrx_word' id='word_1_252' title='bbox 2576 3418 2707 3476; x_wconf 82' lang='lat' dir='ltr'><strong>sine</strong></span> <span class='ocrx_word' id='word_1_253' title='bbox 2733 3424 3068 3497; x_wconf 82' lang='lat' dir='ltr'><strong>prototypo,</strong></span> <span class='ocrx_word' id='word_1_254' title='bbox 3096 3417 3257 3479; x_wconf 86' lang='lat' dir='ltr'><strong>velut</strong></span> 
     </span>
     <span class='ocr_line' id='line_1_30' title="bbox 654 3513 3255 3611; baseline 0.001 -28"><span class='ocrx_word' id='word_1_255' title='bbox 654 3530 878 3583; x_wconf 90' lang='lat' dir='ltr'><strong>temere</strong></span> <span class='ocrx_word' id='word_1_256' title='bbox 895 3517 1256 3601; x_wconf 84' lang='grc' dir='ltr'><strong><em>προπετῶς,</em></strong></span> <span class='ocrx_word' id='word_1_257' title='bbox 1276 3520 1509 3582; x_wconf 86' lang='lat' dir='ltr'><strong>abunde</strong></span> <span class='ocrx_word' id='word_1_258' title='bbox 1536 3516 1935 3599; x_wconf 90' lang='grc' dir='ltr'><strong><em>πολυτελῶς,</em></strong></span> <span class='ocrx_word' id='word_1_259' title='bbox 1961 3522 2092 3589; x_wconf 89' lang='lat' dir='ltr'><strong>iure</strong></span> <span class='ocrx_word' id='word_1_260' title='bbox 2124 3517 2417 3599; x_wconf 87' lang='grc' dir='ltr'><strong><em>δικαίως,</em></strong></span> <span class='ocrx_word' id='word_1_261' title='bbox 2445 3520 2639 3583; x_wconf 86' lang='lat' dir='ltr'><strong>obiter</strong></span> <span class='ocrx_word' id='word_1_262' title='bbox 2661 3517 2736 3584; x_wconf 81' lang='grc' dir='ltr'><strong>ἐν</strong></span> <span class='ocrx_word' id='word_1_263' title='bbox 2752 3520 2844 3609; x_wconf 74' lang='grc' dir='ltr'><strong><em>τῷ</em></strong></span> <span class='ocrx_word' id='word_1_264' title='bbox 2874 3513 3075 3611; x_wconf 72' lang='grc' dir='ltr'><strong><em>αὐτῷ.</em></strong></span> <span class='ocrx_word' id='word_1_265' title='bbox 3111 3527 3255 3586; x_wconf 89' lang='lat' dir='ltr'><strong>item</strong></span> 
     </span>
     <span class='ocr_line' id='line_1_31' title="bbox 655 3620 3256 3722; baseline 0.002 -34"><span class='ocrx_word' id='word_1_266' title='bbox 655 3628 799 3689; x_wconf 86' lang='lat' dir='ltr'><strong>haec</strong></span> <span class='ocrx_word' id='word_1_267' title='bbox 818 3628 1091 3690; x_wconf 88' lang='lat' dir='ltr'><strong>adverbia</strong></span> <span class='ocrx_word' id='word_1_268' title='bbox 1109 3620 1545 3710; x_wconf 85' lang='grc' dir='ltr'><strong><em>πρωτότυπον</em></strong></span> <span class='ocrx_word' id='word_1_269' title='bbox 1573 3644 1691 3687; x_wconf 89' lang='lat' dir='ltr'><strong>non</strong></span> <span class='ocrx_word' id='word_1_270' title='bbox 1718 3626 1957 3709; x_wconf 82' lang='lat' dir='ltr'><strong>habent,</strong></span> <span class='ocrx_word' id='word_1_271' title='bbox 1983 3627 2143 3722; x_wconf 83' lang='lat' dir='ltr'><strong>velut</strong></span> <span class='ocrx_word' id='word_1_272' title='bbox 2169 3636 2305 3708; x_wconf 87' lang='lat' dir='ltr'><strong>post</strong></span> <span class='ocrx_word' id='word_1_273' title='bbox 2331 3632 2632 3708; x_wconf 86' lang='lat' dir='ltr'><strong>posterius</strong></span> <span class='ocrx_word' id='word_1_274' title='bbox 2658 3638 3046 3714; x_wconf 82' lang='lat' dir='ltr'><strong>postremum,</strong></span> <span class='ocrx_word' id='word_1_275' title='bbox 3074 3649 3256 3712; x_wconf 89' lang='lat' dir='ltr'><strong>supra</strong></span> 
     </span>
    </p>
   </div>
   <div class='ocr_carea' id='block_1_3' title="bbox 661 3778 896 3786">
    <p class='ocr_par' dir='ltr' id='par_1_4' title="bbox 661 3778 896 3786">
     <span class='ocr_line' id='line_1_32' title="bbox 661 3778 896 3786; baseline 0 0"><span class='ocrx_word' id='word_1_276' title='bbox 661 3778 896 3786; x_wconf 95' lang='lat' dir='ltr'><strong> </strong></span> 
     </span>
    </p>
   </div>
   <div class='ocr_carea' id='block_1_4' title="bbox 652 3843 3266 4402">
    <p class='ocr_par' dir='ltr' id='par_1_5' title="bbox 725 3843 3255 3997">
     <span class='ocr_line' id='line_1_33' title="bbox 834 3843 3255 3920; baseline 0.001 -20"><span class='ocrx_word' id='word_1_277' title='bbox 834 3844 1015 3900; x_wconf 72' lang='lat' dir='ltr'><strong>Codex</strong></span> <span class='ocrx_word' id='word_1_278' title='bbox 1059 3843 1451 3915; x_wconf 70' lang='lat' dir='ltr'><strong>Sanqalleneis.</strong></span> <span class='ocrx_word' id='word_1_279' title='bbox 1526 3850 1559 3899; x_wconf 79' lang='lat'><strong>2</strong></span> <span class='ocrx_word' id='word_1_280' title='bbox 1597 3843 1855 3899; x_wconf 79' lang='lat' dir='ltr'><strong>similiter</strong></span> <span class='ocrx_word' id='word_1_281' title='bbox 1892 3847 2179 3914; x_wconf 71' lang='lat' dir='ltr'><strong>(super-scr.</strong></span> <span class='ocrx_word' id='word_1_282' title='bbox 2219 3845 2298 3915; x_wconf 89' lang='lat' dir='ltr'><strong>et)</strong></span> <span class='ocrx_word' id='word_1_283' title='bbox 2353 3844 2536 3901; x_wconf 73' lang='lat' dir='ltr'><strong>audax</strong></span> <span class='ocrx_word' id='word_1_284' title='bbox 2705 3852 2739 3899; x_wconf 81' lang='lat'>4</span> <span class='ocrx_word' id='word_1_285' title='bbox 2776 3863 2875 3916; x_wconf 86' lang='lat' dir='ltr'><strong>per</strong></span> <span class='ocrx_word' id='word_1_286' title='bbox 2910 3847 3021 3920; x_wconf 83' lang='lat' dir='ltr'><strong>ter]</strong></span> <span class='ocrx_word' id='word_1_287' title='bbox 3061 3864 3162 3919; x_wconf 85' lang='lat' dir='ltr'><strong>per</strong></span> <span class='ocrx_word' id='word_1_288' title='bbox 3196 3851 3255 3903; x_wconf 88' lang='lat' dir='ltr'><strong>te</strong></span> 
     </span>
     <span class='ocr_line' id='line_1_34' title="bbox 725 3924 3255 3997; baseline 0.001 -17"><span class='ocrx_word' id='word_1_289' title='bbox 725 3933 758 3980; x_wconf 84' lang='grc'><strong>6</strong></span> <span class='ocrx_word' id='word_1_290' title='bbox 798 3924 1050 3996; x_wconf 75' lang='lat' dir='ltr'><strong>stripitus</strong></span> <span class='ocrx_word' id='word_1_291' title='bbox 1194 3925 1466 3981; x_wconf 77' lang='lat' dir='ltr'><strong>morditua</strong></span> <span class='ocrx_word' id='word_1_292' title='bbox 1513 3925 1652 3995; x_wconf 76' lang='grc' dir='ltr'><strong><em>δραξ</em></strong></span> <span class='ocrx_word' id='word_1_293' title='bbox 1798 3932 1830 3979; x_wconf 85' lang='grc'><strong><em>7</em></strong></span> <span class='ocrx_word' id='word_1_294' title='bbox 1869 3928 1932 3979; x_wconf 90' lang='lat' dir='ltr'><strong>ut</strong></span> <span class='ocrx_word' id='word_1_295' title='bbox 1968 3925 2165 3980; x_wconf 75' lang='lat' dir='ltr'><strong>cessim</strong></span> <span class='ocrx_word' id='word_1_296' title='bbox 2309 3930 2342 3978; x_wconf 88' lang='grc'>8</span> <span class='ocrx_word' id='word_1_297' title='bbox 2378 3924 2611 3997; x_wconf 81' lang='lat' dir='ltr'><strong>raptim]</strong></span> <span class='ocrx_word' id='word_1_298' title='bbox 2651 3925 2854 3996; x_wconf 77' lang='lat' dir='ltr'><strong>partim</strong></span> <span class='ocrx_word' id='word_1_299' title='bbox 3006 3933 3073 3982; x_wconf 88' lang='grc'><strong>10</strong></span> <span class='ocrx_word' id='word_1_300' title='bbox 3109 3948 3255 3983; x_wconf 78' lang='grc' dir='ltr'><strong><em>κατα</em></strong></span> 
     </span>
    </p>

    <p class='ocr_par' dir='ltr' id='par_1_6' title="bbox 652 4007 3255 4160">
     <span class='ocr_line' id='line_1_35' title="bbox 652 4007 3255 4080; baseline 0.001 -19"><span class='ocrx_word' id='word_1_301' title='bbox 652 4024 1053 4078; x_wconf 78' lang='grc' dir='ltr'><strong><em>προςμεγρεσιν</em></strong></span> <span class='ocrx_word' id='word_1_302' title='bbox 1079 4026 1116 4077; x_wconf 91' lang='grc' dir='ltr'><strong><em>η</em></strong></span> <span class='ocrx_word' id='word_1_303' title='bbox 1146 4027 1263 4077; x_wconf 87' lang='grc' dir='ltr'><strong>αμα</strong></span> <span class='ocrx_word' id='word_1_304' title='bbox 1402 4014 1461 4062; x_wconf 90' lang='grc'><strong>11</strong></span> <span class='ocrx_word' id='word_1_305' title='bbox 1495 4007 1701 4063; x_wconf 82' lang='lat' dir='ltr'><strong>sensim</strong></span> <span class='ocrx_word' id='word_1_306' title='bbox 1729 4010 2053 4077; x_wconf 82' lang='grc' dir='ltr'><strong><em>ηεμαλατρα</em></strong></span> <span class='ocrx_word' id='word_1_307' title='bbox 2188 4010 2491 4077; x_wconf 80' lang='grc' dir='ltr'><strong><em>κλεψιμεος</em></strong></span> <span class='ocrx_word' id='word_1_308' title='bbox 2636 4013 2700 4061; x_wconf 89' lang='grc'><strong>12</strong></span> <span class='ocrx_word' id='word_1_309' title='bbox 2730 4007 2988 4080; x_wconf 88' lang='lat' dir='ltr'><strong>deditim]</strong></span> <span class='ocrx_word' id='word_1_310' title='bbox 3020 4008 3255 4064; x_wconf 88' lang='lat' dir='ltr'><strong>deuitim</strong></span> 
     </span>
     <span class='ocr_line' id='line_1_36' title="bbox 726 4085 3130 4160; baseline 0 -16"><span class='ocrx_word' id='word_1_311' title='bbox 726 4088 998 4159; x_wconf 76' lang='lat' dir='ltr'><strong>carpatim</strong></span> <span class='ocrx_word' id='word_1_312' title='bbox 1146 4093 1212 4143; x_wconf 79' lang='lat'><strong>15</strong></span> <span class='ocrx_word' id='word_1_313' title='bbox 1248 4087 1443 4144; x_wconf 86' lang='lat' dir='ltr'><strong>dubito</strong></span> <span class='ocrx_word' id='word_1_314' title='bbox 1590 4096 1656 4144; x_wconf 84' lang='lat'><strong>16</strong></span> <span class='ocrx_word' id='word_1_315' title='bbox 1694 4085 2017 4158; x_wconf 76' lang='lat' dir='ltr'><strong>superuituo</strong></span> <span class='ocrx_word' id='word_1_316' title='bbox 2161 4085 2388 4154; x_wconf 77' lang='grc' dir='ltr'><strong><em>διχιδως</em></strong></span> <span class='ocrx_word' id='word_1_317' title='bbox 2531 4092 2595 4142; x_wconf 86' lang='grc'><strong>19</strong></span> <span class='ocrx_word' id='word_1_318' title='bbox 2635 4087 2893 4160; x_wconf 78' lang='lat' dir='ltr'><strong>opinato]</strong></span> <span class='ocrx_word' id='word_1_319' title='bbox 2931 4091 3130 4145; x_wconf 74' lang='lat' dir='ltr'><strong>ornato</strong></span> 
     </span>
    </p>

    <p class='ocr_par' dir='ltr' id='par_1_7' title="bbox 655 4165 3266 4241">
     <span class='ocr_line' id='line_1_37' title="bbox 655 4165 3266 4241; baseline -0.001 -18"><span class='ocrx_word' id='word_1_320' title='bbox 655 4174 721 4223; x_wconf 88' lang='grc'><strong>21</strong></span> <span class='ocrx_word' id='word_1_321' title='bbox 752 4171 978 4241; x_wconf 81' lang='grc' dir='ltr'><strong><em>αμηλως</em></strong></span> <span class='ocrx_word' id='word_1_322' title='bbox 1110 4174 1403 4239; x_wconf 83' lang='grc' dir='ltr'><strong><em>παντηλως</em></strong></span> <span class='ocrx_word' id='word_1_323' title='bbox 1537 4170 1909 4237; x_wconf 79' lang='grc' dir='ltr'><strong><em>αυταυρεθως</em></strong></span> <span class='ocrx_word' id='word_1_324' title='bbox 2041 4170 2108 4219; x_wconf 84' lang='grc'><strong>22</strong></span> <span class='ocrx_word' id='word_1_325' title='bbox 2138 4165 2478 4236; x_wconf 74' lang='lat' dir='ltr'><strong>nequiquam</strong></span> <span class='ocrx_word' id='word_1_326' title='bbox 2507 4187 2687 4238; x_wconf 85' lang='grc' dir='ltr'><strong><em>ματην</em></strong></span> <span class='ocrx_word' id='word_1_327' title='bbox 2716 4167 2965 4224; x_wconf 77' lang='lat' dir='ltr'><strong>deiutam</strong></span> <span class='ocrx_word' id='word_1_328' title='bbox 2995 4173 3266 4239; x_wconf 80' lang='grc' dir='ltr'><strong><em>επιτηδες.</em></strong></span> 
     </span>
    </p>

    <p class='ocr_par' dir='ltr' id='par_1_8' title="bbox 655 4244 3255 4323">
     <span class='ocr_line' id='line_1_38' title="bbox 655 4244 3255 4323; baseline 0.001 -18"><span class='ocrx_word' id='word_1_329' title='bbox 655 4248 842 4320; x_wconf 74' lang='lat' dir='ltr'><strong>palam</strong></span> <span class='ocrx_word' id='word_1_330' title='bbox 1002 4253 1072 4305; x_wconf 79' lang='lat'><strong>27</strong></span> <span class='ocrx_word' id='word_1_331' title='bbox 1110 4248 1300 4305; x_wconf 78' lang='lat' dir='ltr'><strong>dedita</strong></span> <span class='ocrx_word' id='word_1_332' title='bbox 1354 4244 1615 4319; x_wconf 70' lang='grc' dir='ltr'><strong><em>ἐπίτηδες</em></strong></span> <span class='ocrx_word' id='word_1_333' title='bbox 1650 4265 1751 4305; x_wconf 69' lang='lat' dir='ltr'><strong>ont.</strong></span> <span class='ocrx_word' id='word_1_334' title='bbox 1898 4245 2013 4301; x_wconf 76' lang='lat' dir='ltr'><strong>alia</strong></span> <span class='ocrx_word' id='word_1_335' title='bbox 2047 4245 2105 4300; x_wconf 87' lang='lat' dir='ltr'><strong>in</strong></span> <span class='ocrx_word' id='word_1_336' title='bbox 2142 4263 2173 4301; x_wconf 86' lang='lat' dir='ltr'><strong>e</strong></span> <span class='ocrx_word' id='word_1_337' title='bbox 2209 4266 2577 4316; x_wconf 79' lang='grc' dir='ltr'><strong><em>πρωτοτυπου</em></strong></span> <span class='ocrx_word' id='word_1_338' title='bbox 2613 4254 2689 4303; x_wconf 78' lang='lat' dir='ltr'><strong>ui’l</strong></span> <span class='ocrx_word' id='word_1_339' title='bbox 2727 4252 2937 4306; x_wconf 79' lang='lat' dir='ltr'><strong>temere</strong></span> <span class='ocrx_word' id='word_1_340' title='bbox 2973 4270 3255 4323; x_wconf 79' lang='grc' dir='ltr'><strong><em>προποτος</em></strong></span> 
     </span>
    </p>

    <p class='ocr_par' dir='ltr' id='par_1_9' title="bbox 654 4329 1608 4402">
     <span class='ocr_line' id='line_1_39' title="bbox 654 4329 1608 4402; baseline 0 -20"><span class='ocrx_word' id='word_1_341' title='bbox 654 4329 1012 4399; x_wconf 58' lang='lat' dir='ltr'><strong>(corre-rme)</strong></span> <span class='ocrx_word' id='word_1_342' title='bbox 1153 4335 1223 4384; x_wconf 80' lang='lat'><strong>29</strong></span> <span class='ocrx_word' id='word_1_343' title='bbox 1259 4329 1438 4402; x_wconf 83' lang='lat' dir='ltr'><strong>velut]</strong></span> <span class='ocrx_word' id='word_1_344' title='bbox 1476 4347 1608 4383; x_wconf 89' lang='lat' dir='ltr'><strong>uum</strong></span> 
     </span>
    </p>
   </div>
   <div class='ocr_carea' id='block_1_5' title="bbox 657 4456 922 4465">
    <p class='ocr_par' dir='ltr' id='par_1_10' title="bbox 657 4456 922 4465">
     <span class='ocr_line' id='line_1_40' title="bbox 657 4456 922 4465; baseline 0 1063"><span class='ocrx_word' id='word_1_345' title='bbox 657 4456 922 4465; x_wconf 95' lang='lat' dir='ltr'><strong> </strong></span> 
     </span>
    </p>
   </div>
   <div class='ocr_carea' id='block_1_6' title="bbox 652 4523 3256 4991">
    <p class='ocr_par' dir='ltr' id='par_1_11' title="bbox 832 4523 3256 4618">
     <span class='ocr_line' id='line_1_41' title="bbox 832 4523 3256 4618; baseline 0.004 -41"><span class='ocrx_word' id='word_1_346' title='bbox 832 4530 866 4577; x_wconf 81' lang='lat'>4</span> <span class='ocrx_word' id='word_1_347' title='bbox 905 4523 1045 4579; x_wconf 83' lang='lat' dir='ltr'><strong>Sunt</strong></span> <span class='ocrx_word' id='word_1_348' title='bbox 1087 4525 1356 4582; x_wconf 76' lang='lat' dir='ltr'><strong>aduerbia.</strong></span> <span class='ocrx_word' id='word_1_349' title='bbox 1399 4523 1691 4618; x_wconf 75' lang='lat' dir='ltr'><strong>qualitatis</strong></span> <span class='ocrx_word' id='word_1_350' title='bbox 1727 4555 1794 4563; x_wconf 93' lang='lat'>—</span> <span class='ocrx_word' id='word_1_351' title='bbox 1833 4530 1902 4579; x_wconf 82' lang='lat'><strong>28</strong></span> <span class='ocrx_word' id='word_1_352' title='bbox 1940 4526 2172 4588; x_wconf 79' lang='grc' dir='ltr'><strong><em>δικαιως</em></strong></span> <span class='ocrx_word' id='word_1_353' title='bbox 2217 4526 2337 4585; x_wconf 88' lang='lat' dir='ltr'><strong>iure</strong></span> <span class='ocrx_word' id='word_1_354' title='bbox 2382 4529 2550 4583; x_wconf 75' lang='lat' dir='ltr'><strong>codex</strong></span> <span class='ocrx_word' id='word_1_355' title='bbox 2596 4528 2951 4586; x_wconf 69' lang='lat' dir='ltr'><strong>Monacensis</strong></span> <span class='ocrx_word' id='word_1_356' title='bbox 2987 4535 3093 4587; x_wconf 84' lang='lat'><strong>601</strong></span> <span class='ocrx_word' id='word_1_357' title='bbox 3133 4531 3256 4603; x_wconf 89' lang='lat' dir='ltr'><strong>(M)</strong></span> 
     </span>
    </p>

    <p class='ocr_par' dir='ltr' id='par_1_12' title="bbox 694 4600 3250 4677">
     <span class='ocr_line' id='line_1_42' title="bbox 694 4600 3250 4677; baseline 0.004 -21"><span class='ocrx_word' id='word_1_358' title='bbox 694 4607 723 4656; x_wconf 80' lang='grc'><strong><em>7</em></strong></span> <span class='ocrx_word' id='word_1_359' title='bbox 761 4600 821 4657; x_wconf 89' lang='lat' dir='ltr'><strong>in</strong></span> <span class='ocrx_word' id='word_1_360' title='bbox 855 4602 933 4657; x_wconf 89' lang='lat' dir='ltr'><strong>im</strong></span> <span class='ocrx_word' id='word_1_361' title='bbox 972 4607 1030 4659; x_wconf 89' lang='lat' dir='ltr'><strong>et</strong></span> <span class='ocrx_word' id='word_1_362' title='bbox 1065 4605 1167 4660; x_wconf 90' lang='lat' dir='ltr'><strong>tim</strong></span> <span class='ocrx_word' id='word_1_363' title='bbox 1204 4607 1280 4660; x_wconf 78' lang='lat' dir='ltr'><strong>fifi</strong></span> <span class='ocrx_word' id='word_1_364' title='bbox 1320 4607 1408 4673; x_wconf 85' lang='lat' dir='ltr'><strong>M,</strong></span> <span class='ocrx_word' id='word_1_365' title='bbox 1444 4606 1503 4660; x_wconf 86' lang='lat' dir='ltr'><strong>in</strong></span> <span class='ocrx_word' id='word_1_366' title='bbox 1539 4605 1644 4661; x_wconf 76' lang='lat' dir='ltr'><strong>aim</strong></span> <span class='ocrx_word' id='word_1_367' title='bbox 1681 4622 1747 4660; x_wconf 85' lang='lat' dir='ltr'><strong>ac</strong></span> <span class='ocrx_word' id='word_1_368' title='bbox 1784 4605 1891 4661; x_wconf 85' lang='lat' dir='ltr'><strong>tim</strong></span> <span class='ocrx_word' id='word_1_369' title='bbox 1927 4606 2300 4662; x_wconf 78' lang='lat' dir='ltr'><strong>terminantur</strong></span> <span class='ocrx_word' id='word_1_370' title='bbox 2339 4610 2627 4677; x_wconf 71' lang='lat' dir='ltr'><strong>Hayenus,</strong></span> <span class='ocrx_word' id='word_1_371' title='bbox 2663 4607 2800 4663; x_wconf 81' lang='lat' dir='ltr'><strong>item</strong></span> <span class='ocrx_word' id='word_1_372' title='bbox 2837 4608 2896 4664; x_wconf 88' lang='lat' dir='ltr'><strong>in</strong></span> <span class='ocrx_word' id='word_1_373' title='bbox 2932 4608 3010 4664; x_wconf 90' lang='lat' dir='ltr'><strong>im</strong></span> <span class='ocrx_word' id='word_1_374' title='bbox 3038 4609 3250 4670; x_wconf 73' lang='lat' dir='ltr'><strong>Charis.</strong></span> 
     </span>
    </p>

    <p class='ocr_par' dir='ltr' id='par_1_13' title="bbox 652 4682 3254 4764">
     <span class='ocr_line' id='line_1_43' title="bbox 652 4682 3254 4764; baseline 0.004 -28"><span class='ocrx_word' id='word_1_375' title='bbox 652 4699 707 4751; x_wconf 88' lang='grc' dir='ltr'><strong>Ρ.</strong></span> <span class='ocrx_word' id='word_1_376' title='bbox 728 4687 947 4750; x_wconf 82' lang='lat'><strong>187,16,</strong></span> <span class='ocrx_word' id='word_1_377' title='bbox 973 4682 1131 4738; x_wconf 73' lang='lat' dir='ltr'><strong>alia&#39;</strong></span> <span class='ocrx_word' id='word_1_378' title='bbox 1113 4703 1172 4739; x_wconf 88' lang='lat' dir='ltr'><strong>m</strong></span> <span class='ocrx_word' id='word_1_379' title='bbox 1199 4685 1277 4739; x_wconf 90' lang='lat' dir='ltr'><strong>im</strong></span> <span class='ocrx_word' id='word_1_380' title='bbox 1305 4686 1593 4741; x_wconf 77' lang='lat' dir='ltr'><strong>Diomedes</strong></span> <span class='ocrx_word' id='word_1_381' title='bbox 1618 4702 1680 4756; x_wconf 93' lang='grc' dir='ltr'><strong>Ρ.</strong></span> <span class='ocrx_word' id='word_1_382' title='bbox 1701 4689 1829 4751; x_wconf 80' lang='grc'><strong><em>407,</em></strong></span> <span class='ocrx_word' id='word_1_383' title='bbox 1832 4690 1866 4739; x_wconf 91' lang='lat'><strong><em>3</em></strong></span> <span class='ocrx_word' id='word_1_384' title='bbox 1978 4691 2043 4740; x_wconf 88' lang='grc'><strong>10</strong></span> <span class='ocrx_word' id='word_1_385' title='bbox 2080 4686 2480 4757; x_wconf 80' lang='lat' dir='ltr'><strong>pedetemptim</strong></span> <span class='ocrx_word' id='word_1_386' title='bbox 2517 4684 2663 4743; x_wconf 77' lang='grc' dir='ltr'><strong><em>κατὰ</em></strong></span> <span class='ocrx_word' id='word_1_387' title='bbox 2696 4685 3050 4759; x_wconf 74' lang='grc' dir='ltr'><strong><em>προχῶρησιν</em></strong></span> <span class='ocrx_word' id='word_1_388' title='bbox 3068 4685 3254 4764; x_wconf 76' lang='grc' dir='ltr'><strong><em>ἠρέμα</em></strong></span> 
     </span>
    </p>

    <p class='ocr_par' dir='ltr' id='par_1_14' title="bbox 655 4759 3254 4840">
     <span class='ocr_line' id='line_1_44' title="bbox 655 4759 3254 4840; baseline 0.006 -28"><span class='ocrx_word' id='word_1_389' title='bbox 655 4759 923 4829; x_wconf 71' lang='grc' dir='ltr'><strong><em>Ηαρεπιιε</em></strong></span> <span class='ocrx_word' id='word_1_390' title='bbox 1081 4770 1149 4818; x_wconf 78' lang='lat'><strong>20</strong></span> <span class='ocrx_word' id='word_1_391' title='bbox 1183 4763 1330 4821; x_wconf 72' lang='lat' dir='ltr'><strong>iusto</strong></span> <span class='ocrx_word' id='word_1_392' title='bbox 1368 4766 1602 4829; x_wconf 73' lang='grc' dir='ltr'><strong><em>δικαιως</em></strong></span> <span class='ocrx_word' id='word_1_393' title='bbox 1633 4768 1643 4835; x_wconf 85' lang='grc' dir='ltr'>Ι</span> <span class='ocrx_word' id='word_1_394' title='bbox 1672 4764 1875 4820; x_wconf 74' lang='lat' dir='ltr'><strong>merito</strong></span> <span class='ocrx_word' id='word_1_395' title='bbox 1911 4766 2083 4832; x_wconf 80' lang='grc' dir='ltr'><strong><em>αξιως</em></strong></span> <span class='ocrx_word' id='word_1_396' title='bbox 2120 4768 2197 4823; x_wconf 87' lang='grc' dir='ltr'><strong>Μ</strong></span> <span class='ocrx_word' id='word_1_397' title='bbox 2353 4773 2420 4822; x_wconf 79' lang='grc'><strong>27</strong></span> <span class='ocrx_word' id='word_1_398' title='bbox 2460 4766 2652 4824; x_wconf 75' lang='lat' dir='ltr'><strong>dedita</strong></span> <span class='ocrx_word' id='word_1_399' title='bbox 2686 4763 2974 4840; x_wconf 76' lang='grc' dir='ltr'><strong><em>ἐπίτηδες,</em></strong></span> <span class='ocrx_word' id='word_1_400' title='bbox 3008 4772 3155 4840; x_wconf 73' lang='lat' dir='ltr'><strong>quod</strong></span> <span class='ocrx_word' id='word_1_401' title='bbox 3188 4772 3254 4827; x_wconf 72' lang='lat' dir='ltr'><strong>in</strong></span> 
     </span>
    </p>

    <p class='ocr_par' dir='ltr' id='par_1_15' title="bbox 653 4844 3254 4991">
     <span class='ocr_line' id='line_1_45' title="bbox 653 4844 3254 4925; baseline 0.005 -31"><span class='ocrx_word' id='word_1_402' title='bbox 653 4845 881 4910; x_wconf 66' lang='lat' dir='ltr'><strong>utroque</strong></span> <span class='ocrx_word' id='word_1_403' title='bbox 916 4844 1097 4898; x_wconf 76' lang='lat' dir='ltr'><strong>codice</strong></span> <span class='ocrx_word' id='word_1_404' title='bbox 1131 4850 1450 4913; x_wconf 71' lang='lat' dir='ltr'><strong>corruptum</strong></span> <span class='ocrx_word' id='word_1_405' title='bbox 1484 4849 1536 4901; x_wconf 86' lang='lat' dir='ltr'><strong>et</strong></span> <span class='ocrx_word' id='word_1_406' title='bbox 1569 4846 1633 4899; x_wconf 76' lang='lat' dir='ltr'><strong>in</strong></span> <span class='ocrx_word' id='word_1_407' title='bbox 1669 4844 1944 4900; x_wconf 78' lang='lat' dir='ltr'><strong>adverbiis</strong></span> <span class='ocrx_word' id='word_1_408' title='bbox 1980 4862 2071 4901; x_wconf 75' lang='lat' dir='ltr'><strong>am</strong></span> <span class='ocrx_word' id='word_1_409' title='bbox 2106 4847 2285 4914; x_wconf 68' lang='lat' dir='ltr'><strong>finitio</strong></span> <span class='ocrx_word' id='word_1_410' title='bbox 2316 4848 2597 4925; x_wconf 54' lang='lat' dir='ltr'><strong>scriptum</strong></span> <span class='ocrx_word' id='word_1_411' title='bbox 2626 4853 2725 4917; x_wconf 83' lang='grc' dir='ltr'><strong><em>εει,</em></strong></span> <span class='ocrx_word' id='word_1_412' title='bbox 2769 4848 2876 4903; x_wconf 77' lang='lat' dir='ltr'><strong>hue</strong></span> <span class='ocrx_word' id='word_1_413' title='bbox 2911 4853 3254 4920; x_wconf 67' lang='lat' dir='ltr'><strong>transposuit</strong></span> 
     </span>
     <span class='ocr_line' id='line_1_46' title="bbox 656 4921 921 4991; baseline 0 -15"><span class='ocrx_word' id='word_1_414' title='bbox 656 4921 921 4991; x_wconf 72' lang='lat' dir='ltr'><strong>Haqemca</strong></span> 
     </span>
    </p>
   </div>
  </div>
 </body>
</html>
