3613 5528
1440 410 2016 467 ORTHOGRAPHIA
2951 406 3037 471 99

413 531 472 572 p.
501 518 618 557 2242.
645 517 699 556 43
726 516 777 555 P.

605 601 795 681 Terga
852 600 1111 660 hominis
1164 606 1420 679 tantum,
1478 598 1857 677 singulariter
1914 605 2147 676 tergum
2195 596 2349 656 facit.
2434 592 2883 674 quadrupedum
2936 593 3051 651 erit

436 719 652 789 tergus,
696 706 1008 789 pluraliter
1055 715 1310 789 tergora,
1357 705 1416 766 id
1462 713 1555 765 est
1601 707 1777 765 coria.
1857 712 2028 783 tegus
2076 720 2313 783 quoque
2358 703 2594 762 invenio
2642 700 2760 761 dici
2807 708 2866 761 et
2913 716 3044 760 esse

433 820 562 878 eius
607 815 835 897 plurale
883 823 1104 894 teg-ora.

608 922 797 984 Noctu
857 924 1144 1002 temporis
1202 928 1293 981 est
1350 918 1722 999 adverbium;
1788 925 1962 978 nocte
2024 934 2239 977 nomen
2301 923 2409 977 est.
2496 908 2742 974 ‘noctu'
2799 913 3050 975 dicimus

379 1052 407 1091 5
436 1025 722 1091 ‘cenavi':
770 1023 912 1089 ‘hac
961 1022 1172 1089 nocte'
1220 1026 1472 1086 dicimus
1520 1020 1701 1085 ‘nihil
1746 1018 2039 1085 brevius’.
2755 1010 2759 1015 ’

610 1136 928 1198 Commoda
957 1132 1232 1215 χρῆσον,
1280 1134 1339 1194 id
1378 1141 1469 1193 est
1506 1139 1769 1213 praesta3
1817 1130 2195 1192 accommoda
2233 1138 2366 1210 apta
2403 1120 2532 1190 ἀπὸ
2563 1127 2685 1191 τοῦ
2714 1119 3050 1209 ἁρμόζειν,

440 1244 498 1304 id
547 1252 640 1304 est
686 1252 979 1324 coaptare.

614 1349 753 1411 Olea
802 1349 979 1410 arbor
1027 1358 1137 1430 est,
1183 1346 1332 1408 oliva
1380 1348 1557 1429 fetuS‚
1603 1346 1801 1407 oleum
1853 1344 2065 1426 quuor.
2117 1338 2125 1428 Ι

616 1458 878 1519 Flemina
924 1464 1084 1539 sunt,
1130 1456 1235 1517 ubi
1273 1455 1576 1516 abundant
1612 1472 1788 1514 crura
1829 1454 2142 1533 sanguine3
2188 1453 2461 1536 plemina,
2508 1473 2645 1515 cum
2681 1457 2743 1515 in
2781 1453 3053 1515 manibus

359 1586 411 1625 ιο
440 1565 530 1625 vel
576 1565 828 1644 pedibus
874 1564 1076 1625 callosi
1124 1563 1274 1625 sulci
1322 1570 1478 1623 sunt.

618 1671 832 1734 Vortex
880 1672 1140 1733 fluminis
1187 1677 1297 1750 est,
1342 1677 1548 1730 vertex
1594 1671 1825 1749 capitis.

614 1779 794 1872 Licet·
826 1772 1000 1859 ἐξόν,
1045 1778 1235 1858 liquet
1281 1774 1490 1858 δῆλον
1534 1770 1879 1859 προφανές
1927 1773 2225 1855 [apertum
2274 1775 2364 1836 vel
2408 1775 2833 1853 manifestum}

757 1894 1084 1975 Pauperies
1131 1894 1412 1954 damnum
1459 1901 1580 1975 est,
1626 1901 1946 1972 paupertas
1994 1892 2264 1953 condicio
2312 1895 2454 1972 ipsa.

620 2009 852 2072 Foedus
900 2013 1164 2072 sancitur
1212 2010 1517 2090 religione,
1564 2016 1624 2070 at
1672 2010 1914 2088 sponsio
1961 2025 2149 2088 poena
2199 2016 2307 2069 est.

361 2136 412 2175 ιε»
620 2118 899 2209 Mammas
947 2136 1079 2178 esse
1126 2117 1383 2185 hominis
1431 2118 1600 2197 scito,
1647 2123 1708 2176 at
1752 2114 2002 2196 pecudis
2048 2114 2248 2175 ubera.

301 2209 317 2215 ’
618 2225 838 2286 Bucina
905 2226 1018 2284 erit
1084 2223 1252 2306 tuba,
1316 2240 1433 2303 qua
1508 2225 1744 2302 signum
1809 2221 1911 2282 dat
1975 2219 2315 2301 bucinator3
2378 2220 2637 2284 bucinus
2691 2226 2819 2303 ipse
2878 2243 3060 2285 canor

441 2332 638 2393 editus
685 2351 756 2392 ex
802 2331 929 2392 hac.

761 2439 805 2498 A
855 2440 1043 2519 patria
1089 2440 1348 2518 patrium
1396 2437 1558 2498 dices
1573 2485 1591 2519 ‚
1637 2456 1670 2497 a
1714 2444 1885 2516 patre
1931 2445 2268 2517 paternum.

620 2546 841 2607 Precor
887 2563 1199 2626 prospera,
1245 2548 1525 2624 inprecor
1573 2552 1776 2605 taetra.

356 2669 413 2709 20
625 2653 774 2714 Dum
822 2659 1044 2733 manat,
1092 2653 1332 2731 sanguis
1380 2660 1499 2731 est3
1547 2652 1771 2712 effusus
1821 2670 1960 2712 vero
2010 2671 2191 2713 cruor
2238 2655 2370 2714 crit.

624 2761 925 2823 Sumimus
952 2761 1084 2841 ipsi,
1123 2760 1448 2838 accipimus
1485 2756 1557 2819 ab
1596 2757 1725 2819 alio.
1790 2762 1879 2820 sic
1918 2778 2053 2820 cnm
2092 2758 2379 2840 dabimuS,
2417 2759 2735 2822 dicendum
2774 2756 3024 2842 ‘accipe'
3042 2785 3059 2844 3

442 2886 581 2929 cum
628 2870 1027 2947 permittimus
1074 2869 1186 2946 ipsi
1237 2867 1463 2946 tollere,
1511 2865 1828 2926 dicendum
1876 2876 1970 2927 est
2018 2861 2271 2927 ‘sume'.

624 2974 784 3035 Pone
832 2973 947 3034 loci
994 2972 1336 3035 adverbium
1385 2981 1508 3054 est,
1553 2981 1689 3052 post
1735 2976 2056 3056 temporis,
2099 2979 2413 3053 postsecus
2461 2976 2701 3034 omnino
2750 2974 2894 3035 nihil
2955 2983 3061 3035 est.

624 3080 874 3140 Barbam
921 3080 1267 3161 hominum,
1311 3078 1523 3140 barbas
1569 3079 1870 3160 pecudum
1918 3080 2188 3140 dicimus,

594 3332 621 3381 1
659 3323 902 3380 hominis
937 3324 1160 3378 tantum
1199 3322 1560 3396 singulariter
1594 3324 1821 3378 tantum
1857 3324 2080 3393 tergum
2118 3323 2196 3377 M
2299 3324 2545 3397 tantum]
2585 3326 2747 3380 tanta.
2774 3341 2910 3382 cor-r.
2940 3327 3062 3380 tau-

441 3409 569 3462 tum
596 3405 652 3459 B
752 3412 785 3459 2
815 3407 976 3472 tegus
1005 3420 1230 3474 quoque
1262 3404 1337 3457 M
1360 3406 1552 3472 tergus
1582 3418 1804 3472 quoque
1832 3401 1952 3455 ΒΟ
2043 3409 2075 3456 3
2105 3405 2302 3480 tegora.
2333 3405 2407 3458 M
2431 3407 2656 3474 tergora.
2681 3408 2737 3460 Β
2764 3409 2992 3479 tergura
3021 3406 3068 3461 0

555 3492 587 3540 6
626 3483 931 3539 Commoda
956 3481 1016 3536 id
1044 3485 1131 3537 est
1160 3484 1496 3539 ΚΟΟΝΙΚΟΝ
1525 3481 1586 3536 id
1615 3486 1701 3537 est
1735 3485 1929 3553 presta.
1956 3485 2315 3539 accommoda.
2353 3489 2489 3556 apta
2516 3484 3060 3547 ὸΠΟΤΟὰΡΜΟΖΙΝ

440 3567 503 3621 id
543 3567 631 3621 est
669 3565 934 3633 coaptare
989 3564 1064 3618 M
1106 3564 1413 3619 Commoda
1450 3564 1784 3618 ΧΡΟΝΙΚΟΝ
1838 3564 2111 3619 acomoda
2151 3567 2287 3635 apt-a.
2327 3567 2475 3622 ΛΠΟ
2516 3569 2657 3622 ΤΟΥ
2699 3569 3064 3623 ΛΘΛΛΟΖΕΝ
3134 3565 3142 3570 ’

1929 3665 1955 3694 0

440 3709 501 3764 Β
549 3707 843 3763 commoda.
895 3705 955 3760 id
1001 3707 1085 3761 est
1140 3706 1346 3776 χρῆσον
1395 3707 1758 3763 accommoda
1802 3708 2172 3777 (acquomoda
2222 3707 2293 3776 Ο)
2352 3713 2488 3779 apta
2537 3727 2660 3765 eum
2712 3711 2969 3766 Putschio
3021 3710 3069 3765 0

556 3795 590 3844 8
638 3788 777 3843 Olea
821 3787 987 3841 arbor
1023 3787 1110 3840 est
1155 3785 1308 3841 oliua.
1354 3786 1537 3842 foetus
1583 3789 1681 3842 Bc
1734 3788 1861 3842 olea
1897 3785 2065 3841 arbor
2101 3789 2188 3842 est
2234 3790 2361 3845 olea.
2406 3791 2589 3847 foetus
2630 3791 2679 3845 0
2711 3793 2863 3847 oliua
2901 3791 3065 3846 arbor

443 3871 535 3924 est
574 3868 698 3923 olea.
732 3867 878 3922 fetus
918 3866 993 3920 M
1114 3872 1147 3920 9
1186 3868 1316 3920 sunt
1345 3873 1473 3935 post
1509 3867 1734 3923 flemina
1770 3885 1872 3925 om.
1913 3867 1958 3921 0
2086 3874 2150 3922 12
2191 3868 2354 3923 Licet
2380 3871 2561 3926 ΕΖΟΝ
2599 3871 2783 3941 liquet
2810 3873 3059 3930 ΔΗΛωΝ

440 3949 741 4004 ΤΥΡΥΜΗ
778 3948 1036 4015 apertum
1063 3945 1157 3999 uel
1185 3945 1548 4002 manifestum
1579 3949 1654 4002 M
1686 3948 1822 4002 licet
1850 3965 2004 4003 e.zou
2033 3949 2171 4015 (una
2207 3948 2393 4005 littera
2419 3955 2549 4019 post
2585 3967 2615 4005 e
2652 3953 2847 4020 deleta)
2883 3951 3065 4021 liquet

442 4028 688 4083 ΛΝΔΟΝ
724 4023 1084 4084 ΠΡΟΡὸΝΕ(
1125 4025 1171 4079 0
1202 4025 1341 4080 licet
1379 4023 1516 4081 ἔστω
1554 4027 1739 4096 liquet
1774 4026 1948 4095 δῆλον
1985 4027 2280 4099 προφανές
2307 4047 2380 4098 p,
2417 4047 2517 4085 om.
2555 4031 2658 4089 Βς
2836 4038 2899 4086 13
2940 4048 3068 4086 con-

444 4111 598 4166 dicio
634 4108 781 4180 ipsa]
819 4108 946 4178 ipsa.
982 4106 1230 4161 conditio
1271 4105 1406 4160 ΜΒ
1426 4105 1473 4160 0
1614 4113 1683 4161 14
1717 4107 1939 4163 Foedus
1970 4140 2035 4149 —
2063 4126 2247 4179 poena
2273 4113 2361 4166 est
2395 4127 2497 4166 om.
2533 4112 2589 4165 B
2735 4117 2801 4166 15
2837 4113 3070 4179 fortasse

441 4207 720 4246 mammas
768 4204 888 4244 esse
935 4186 1205 4254 hominis,
1251 4185 1481 4255 pecudis
1534 4187 1676 4242 seito
1724 4188 1899 4244 ubera
1944 4191 2166 4244 tantum
2353 4191 2584 4260 pecudis
2632 4191 2707 4244 M
2747 4191 2964 4260 pecoris
3009 4191 3065 4243 B

440 4268 698 4342 peccoris
740 4267 788 4322 Ο
911 4273 976 4321 17
1019 4265 1204 4320 editus
1233 4281 1302 4320 ex
1329 4266 1437 4321 hac
1467 4266 1543 4320 M
1577 4283 1645 4321 ex
1683 4267 1791 4323 hac
1829 4269 2012 4346 editus
2048 4268 2168 4323 BC'
2290 4275 2354 4325 18
2393 4269 2637 4339 patrium
2667 4268 2805 4325 dieis
2833 4287 2869 4324 a
2903 4273 3065 4339 patre

440 4352 747 4421 paternum
784 4365 819 4403 a.
856 4345 1045 4417 patria.
1084 4344 1132 4399 0
1302 4351 1366 4400 19
1408 4346 1611 4402 Precor
1651 4378 1716 4387 —
1754 4350 1941 4404 taetra
1979 4367 2080 4404 om.
2118 4350 2174 4402 B
2345 4355 2417 4403 20
2469 4349 2602 4403 dum
2638 4351 2833 4404 manat
2868 4365 2898 4403 c
2934 4348 3068 4402 dum

440 4432 643 4485 manet
671 4427 719 4482 0
740 4434 790 4482 et
817 4429 1021 4483 codices
1048 4427 1235 4481 Bedae
1254 4443 1312 4496 p.
1343 4431 1514 4494 2801,
1544 4426 1675 4482 dum
1695 4433 1923 4485 emanat
1954 4430 2029 4484 M
2055 4429 2229 4485 Cruor
2255 4430 2389 4484 dum
2417 4429 2676 4498 maneth
2779 4445 2938 4485 eruor
2965 4429 3072 4485 erit

445 4510 707 4565 Memor
724 4507 918 4564 fitBG
1022 4514 1088 4563 21
1124 4507 1327 4577 Accipe
1355 4523 1484 4561 eum
1510 4507 1801 4578 tradimus,
1823 4527 1949 4564 cum
1977 4508 2353 4579 permittimus
2381 4524 2537 4563 sume
2569 4514 2822 4578 excerpta
2853 4510 3069 4565 Monte-

433 4590 747 4662 pessulum
899 4605 1027 4644 cum
1065 4588 1261 4643 damus
1299 4586 1356 4640 Β
1393 4590 1442 4640 et
1477 4586 1637 4641 Beda
1663 4605 1726 4657 p.
1763 4594 1923 4647 2802
2083 4588 2383 4643 dicendum
2419 4589 2507 4643 est
2543 4588 2734 4659 accipe
2773 4620 2839 4630 —
2879 4590 3067 4646 dicen-

442 4730 584 4785 dum
622 4745 776 4784 sume
813 4729 931 4784 BG
1105 4736 1172 4785 23
1209 4732 1502 4801 postsecus
1537 4729 1762 4784 omnino
1800 4729 1944 4784 nihil
1981 4732 2066 4784 est
2105 4730 2180 4783 M
2231 4746 2494 4800 possecus
2532 4689 2864 4785 omnimiiihil
2902 4734 2989 4787 est
3028 4731 3076 4787 Ο

440 4826 711 4881 possecns
754 4809 898 4864 nihil
933 4812 1023 4865 est
1058 4810 1284 4867 omnino
1321 4810 1395 4864 Β.
1445 4811 1733 4878 postsecus
1772 4805 2016 4865 ὄπισθεν
2063 4813 2271 4881 glossae
2309 4813 2605 4868 Philoxeni
2818 4818 2888 4866 24
2935 4813 3071 4867 dici-

442 4888 598 4960 mus]
636 4888 790 4945 dieas
830 4888 878 4944 0

2574 4981 2647 5038 7*
