3613 5528
1376 433 1472 488 DE
1512 431 2091 489 ORTHOGRAPHIA
2902 429 3029 495 179

421 547 466 584 p.
494 535 592 576 2801
628 534 676 574 P.

420 619 936 698 praetermissione
977 618 1372 699 tractavimus
1448 624 1655 678 notum
1693 620 1852 679 enim
1890 614 2167 677 omnibus
2207 634 2339 676 esse
2370 616 2548 676 credo
2589 614 2748 696 quod
2786 633 3030 677 necesse

423 734 540 807 est,
585 725 622 785 b
665 725 922 786 litteram
970 733 1176 785 nostro
1222 723 1411 785 labori
1455 726 1820 805 propositam
1868 726 1918 783 si
1966 740 2300 783 consonans
2347 723 2528 784 fuerit
2573 731 2922 804 consecuta,
2969 724 3029 785 in

421 847 792 911 quacumque
847 830 1106 892 dictione
1164 848 1290 890 eam
1349 832 1475 891 sine
1533 830 1713 891 dubio
1768 829 1979 911 scribi,
2037 838 2106 891 ut
2165 828 2446 912 blanduS,
2502 827 2715 909 gibbus
2774 820 3032 910 κυρτός,

421 937 745 1019 bratteum,
780 936 1067 1021 latebrae,
1119 936 1400 999 tenebrae
1447 947 1623 1018 atque
1663 939 1859 999 omnia
1912 935 2063 997 talia.
2145 955 2303 997 nttnc
2342 936 2768 998 rationabiliter
2808 936 3032 997 mediae

371 1059 396 1099 5
424 1043 673 1124 syllabae
719 1054 991 1106 nostrum
1039 1046 1367 1106 sortientur
1411 1042 1690 1105 laborem.

597 1150 678 1212 Va
735 1151 951 1231 syllaba
1010 1154 1071 1213 in
1129 1152 1323 1213 medio
1371 1154 1627 1212 nominis
1682 1154 1873 1232 posita
1930 1170 2039 1231 per
2085 1171 2120 1211 v
2167 1151 2492 1233 scribetur,
2548 1158 2617 1212 ut
2663 1170 2872 1213 avarus
2919 1151 3034 1213 cal-

424 1277 585 1341 vare,
611 1266 850 1339 praeter
887 1258 1232 1342 carbasum,
1267 1257 1426 1338 quod
1466 1276 1680 1319 nomen
1719 1259 2223 1337 graecummagis
2261 1276 2437 1336 quam
2477 1257 2723 1318 latinum
2761 1258 3033 1321 arbitror.

426 1364 697 1446 ambages
753 1368 911 1427 enim
967 1384 1076 1445 per
1122 1365 1160 1425 b
1218 1374 1439 1427 mutam
1495 1372 1760 1443 notatur,
1819 1373 1921 1426 aut
1977 1363 2135 1444 quod
2193 1366 2528 1444 praeposita
2577 1373 2669 1425 est
2721 1383 2777 1425 m
2825 1364 3038 1447 littera,

426 1481 527 1533 aut
570 1472 729 1550 quod
778 1492 849 1533 ex
896 1471 1130 1534 duobus
1175 1474 1476 1553 corruptis
1519 1490 1734 1533 nomen
1784 1472 2143 1533 arbitramur
2181 1474 2601 1554 compositum,
2651 1474 2819 1551 quasi
2866 1471 3038 1533 ambo

350 1594 401 1632 ιο
429 1588 616 1640 actae:
655 1564 812 1639 finde
847 1579 1069 1641 dicitur
1097 1588 1159 1640 et
1196 1579 1439 1640 ambire.
1505 1597 1648 1658 ergo
1687 1582 2012 1661 composita
2050 1580 2141 1640 vel
2180 1579 2525 1660 appellativa
2562 1579 2654 1639 vel
2690 1578 3040 1641 traducticia

328 1764 333 1765 ἶ
430 1688 548 1746 sive
603 1686 861 1768 facticia,
919 1684 979 1746 id
1036 1695 1128 1747 est
1183 1705 1334 1766 quae
1391 1705 1461 1747 ex
1518 1687 1646 1754 aliis
1702 1688 1854 1748 facta
1902 1698 2067 1771 sunt,
2124 1696 2331 1750 notare
2378 1685 2666 1747 debemus
2718 1694 3038 1765 sequentes

430 1800 766 1874 prototypa,
831 1792 886 1853 id
945 1800 1038 1854 est
1091 1796 1313 1874 primas
1368 1794 1720 1875 positioneS,
1778 1803 1848 1856 ut
1916 1813 2105 1856 novus
2160 1794 2408 1877 novaliS,
2474 1795 2638 1854 rivus
2694 1793 2920 1875 rivalis,
2981 1801 3081 1868 et*

608 2006 635 2053 1
687 2000 821 2069 quia
869 2017 1093 2057 necesse
1137 2000 1320 2056 ABG
1440 2006 1472 2055 2
1524 2001 1712 2055 nostro
1757 1999 1938 2056 labori
1988 2000 2333 2071 propositam
2374 1999 2587 2070 Carrio,
2627 2007 2664 2055 ῑι
2700 2001 2881 2057 labori
2915 2019 3041 2073 pro-

432 2079 614 2150 posita
653 2079 700 2133 0
730 2098 843 2136 non
878 2080 1061 2136 labari
1098 2080 1479 2151 praepositam
1507 2079 1563 2133 A
1599 2080 1778 2136 labori
1815 2081 2164 2152 propositam
2191 2081 2247 2134 Β
2356 2087 2388 2135 3
2426 2080 2611 2151 gilbus
2642 2082 2876 2136 ΚΙΡΤΟ(
2912 2083 3042 2137 bra·-

431 2163 583 2214 teum
620 2161 673 2214 A
689 2159 737 2213 0
882 2167 917 2215 4
964 2160 1277 2231 bratteum]
1325 2160 1554 2215 bractea
1587 2160 1669 2214 vel
1704 2159 2026 2216 bracchium
2065 2161 2293 2216 coniecit
2329 2158 2597 2214 Semlerus
2738 2166 2771 2215 5
2809 2160 3042 2216 sortien-

433 2241 525 2292 tur
558 2238 612 2292 B
650 2238 959 2295 sortiuntur
997 2240 1045 2295 Ο
1076 2241 1391 2296 soi-ciuntur
1424 2240 1479 2293 A
1625 2245 1657 2294 8
1674 2244 1925 2298 -notatur
1959 2243 2015 2296 Β
2050 2241 2319 2296 notantur
2353 2238 2408 2292 A
2423 2238 2471 2293 Ο
2607 2258 2663 2293 m
2701 2240 2951 2310 litteram
2987 2240 3044 2294 B

506 2325 572 2373 10
617 2320 954 2376 traducticia
998 2322 1054 2375 Β
1101 2320 1340 2376 ductitia.
1383 2319 1502 2374 AG
1641 2328 1703 2376 11
1754 2322 1873 2378 siue
1918 2321 2141 2378 factitia.
2175 2320 2236 2374 id
2271 2320 2359 2374 est
2403 2318 2615 2387 primas
2655 2320 2942 2390 possiones
2979 2324 3047 2377 ut

438 2416 611 2455 nouus
649 2399 697 2454 0
737 2400 857 2455 siue
902 2400 1132 2456 facticia.
1175 2399 1465 2472 primitius.
1511 2418 1613 2456 sua.
1647 2404 1958 2472 sequuntur
1992 2403 2059 2456 ut
2104 2417 2283 2456 nouus
2319 2400 2374 2453 A
2554 2403 2820 2469 sequente
2856 2403 3044 2472 proto·

435 2480 557 2550 tipa
591 2480 645 2534 B
684 2484 749 2535 ut
784 2475 1092 2549 setiuantur
1126 2483 1434 2552 prototypa
1472 2481 1669 2537 Carrio
1815 2488 1881 2537 12
1918 2481 2139 2538 nonalis
2176 2484 2235 2536 et
2268 2481 2422 2535 riuus
2455 2480 2512 2534 Β

1341 2768 1707 2824 MARTYRII
1745 2769 1843 2823 DE
1880 2769 1924 2823 Β
1963 2768 2058 2823 ΕΤ
2094 2769 2147 2824 V

441 2935 717 2995 missione
766 2935 1165 2995 tractavimus».
1240 2942 1447 2995 notum
1495 2939 1651 2996 enim
1690 2935 1967 2997 omnibus
2006 2933 2185 2995 credo
2223 2930 2552 2997 consistere
2595 2936 2751 3016 quod
2802 2954 3047 2996 necesse

441 3048 558 3120 est,
608 3040 864 3102 litteram
910 3048 1117 3101 nostro
1175 3039 1362 3102 labori
1414 3046 1782 3122 propositam
1845 3044 1896 3102 si
1951 3060 2284 3103 consonans
2341 3043 2523 3104 fuerit
2580 3053 2930 3123 consecuta,
2975 3044 3044 3101 in

440 3165 805 3227 quacumque
844 3146 1103 3208 dictione
1141 3146 1180 3206 b
1220 3157 1441 3210 mutam
1479 3151 1605 3210 sine
1643 3148 1823 3210 dubio
1863 3146 2071 3229 scribi,
2108 3156 2176 3209 ut
2216 3148 2492 3230 blanduS,
2537 3148 2752 3228 gibbus
2787 3142 3047 3229 κυρτός,

440 3252 751 3336 bratteum,
780 3253 1062 3335 latebrae,
1108 3254 1389 3316 tenebrae
1435 3263 1613 3335 atque
1650 3258 1846 3317 omnia
1895 3254 2047 3316 talia.
2124 3273 2282 3315 nunc
2330 3254 2760 3315 rationabiliter
2809 3236 3032 3314 mediae

385 3371 412 3412 5
441 3359 693 3440 syllabae
739 3368 1010 3422 nostrum
1057 3363 1386 3421 sortientur
1430 3360 1710 3422 laborem.
2490 3439 2495 3444 θ
2581 3443 2587 3447 ⁴

616 3466 696 3528 Va
751 3465 973 3547 syllaba
1024 3468 1085 3526 in
1142 3465 1337 3527 medio
1397 3467 1654 3526 nominis
1710 3469 1901 3547 posita
1957 3486 2066 3548 per
2124 3486 2156 3525 v
2211 3465 2544 3546 digammon
2603 3467 2928 3550 scribetur,
2985 3476 3051 3529 ut

437 3592 649 3635 avarus
694 3573 971 3655 calvaria,
1015 3580 1255 3652 praeter
1302 3570 1641 3653 carbasum,
1687 3573 1846 3652 quod
1897 3592 2435 3653 nomen-graecum
2473 3576 2657 3654 magis
2701 3593 2877 3654 quam
2923 3574 3050 3635 lati·

438 3698 583 3741 num
642 3678 915 3740 arbitror.
999 3677 1272 3758 ambages
1330 3680 1488 3738 enim
1542 3696 1651 3757 per
1698 3677 1735 3737 b
1783 3687 2006 3740 mutam
2053 3688 2320 3762 notatur,
2376 3690 2478 3742 aut
2523 3683 2659 3760 quia
2715 3682 3049 3760 praeposita

439 3791 531 3845 est
578 3802 635 3845 m
680 3783 907 3866 littera,
961 3793 1064 3845 aut
1120 3783 1277 3865 quod
1333 3803 1403 3845 ex
1464 3784 1698 3846 duobus
1745 3788 2045 3866 corruptis
2090 3805 2306 3847 nomen
2355 3786 2713 3848 arbitramur
2760 3789 3050 3866 composi·

364 3906 415 3944 1⁰
443 3900 595 3974 tum,
636 3893 805 3970 quasi
842 3890 1015 3951 ambo
1053 3900 1243 3953 actae:
1281 3891 1439 3952 unde
1478 3890 1697 3953 dicitur
1734 3899 1795 3953 et
1832 3892 2072 3953 ambire.
2131 3912 2272 3973 ergo
2310 3896 2632 3973 composita
2671 3892 2762 3954 vel
2800 3892 3050 3973 appella-

442 3999 636 4059 tiones
682 3997 773 4058 vel
818 3998 1166 4060 traducticia
1212 3999 1334 4059 sive
1385 3998 1642 4081 facticia,
1688 3999 1747 4060 id
1796 4008 1889 4061 est
1935 4018 2085 4080 quae
2133 4019 2206 4060 ex
2253 4000 2380 4063 aliis
2428 4002 2579 4062 facta
2625 4009 2797 4082 sunt,
2844 4007 3050 4060 notare

441 4102 727 4165 debemus
775 4113 1093 4184 sequentes
1140 4083 1564 4187 πρωῖτότυπα,
1620 4114 1687 4167 ιιι
1739 4124 1929 4166 novus
1977 4104 2224 4187 novaliS,
2279 4114 2340 4167 et
2395 4106 2740 4186 derivativa,
2796 4112 2863 4166 ut
2911 4103 3053 4164 Alba

443 4210 732 4293 Albanus,
777 4210 921 4271 silva
968 4210 1268 4292 Silvanus,
1313 4213 1481 4291 privo
1528 4213 1849 4293 privatum,
1898 4211 2015 4271 libo
2062 4211 2306 4273 libatum
2357 4212 2444 4273 vel
2505 4212 2830 4274 inlibatum.
2910 4229 3051 4289 quo-

618 4420 652 4469 2
690 4418 882 4471 nostro
918 4415 1300 4487 praepositam
1336 4416 1492 4487 operi
1530 4416 1587 4469 P
1724 4416 1783 4470 in
1822 4433 2172 4488 quacumque
2219 4424 2379 4488 parte
2417 4418 2809 4488 cuiuscumque
2857 4414 3055 4471 dictio-

443 4497 528 4551 nis
569 4496 626 4549 P
748 4502 781 4550 3
818 4497 856 4551 b
895 4498 1055 4551 muta
1089 4495 1159 4550 N
1276 4502 1309 4549 4
1346 4497 1631 4551 bratteum
1669 4495 1728 4549 P
1762 4496 2042 4550 bratteam
2079 4496 2147 4551 N
2264 4497 2528 4552 tenebrae
2556 4498 2808 4553 imbrifer
2833 4498 3056 4551 umbra-

445 4577 628 4633 culum
675 4576 949 4646 libripens
994 4574 1256 4631 librarius
1292 4577 1520 4632 nubtiae
1557 4575 1827 4631 scribtum
1874 4575 2092 4630 labrum
2137 4575 2371 4630 flabrum
2418 4576 2623 4632 librum
2660 4561 2858 4646 atque‘
2870 4575 3058 4632 omnia

442 4658 586 4714 tulis
620 4658 679 4712 P
818 4655 1014 4726 atque]
1053 4670 1233 4723 aeque
1267 4655 1337 4709 N
1489 4662 1521 4711 5
1561 4653 1867 4710 sortientur
1908 4655 1964 4709 P
1995 4657 2263 4710 sortietur
2296 4657 2364 4710 N
2518 4662 2548 4710 ⁷
2589 4655 2815 4716 caluam
2850 4656 2917 4708 N
2947 4657 3056 4710 cal-

446 4753 577 4791 uare
615 4737 672 4790 P
821 4743 854 4791 8
891 4735 992 4789 aut
1026 4739 1255 4802 utroque
1289 4734 1403 4789 loco
1442 4735 1499 4788 P
1532 4753 1606 4791 an
1639 4735 1707 4788 N
1859 4743 1891 4791 9
1927 4753 2131 4791 nomen
2166 4736 2274 4791 hoc
2309 4736 2645 4791 arbitramur
2685 4736 2741 4788 P
2840 4777 2862 4810 .-
2896 4743 2964 4790 10
3002 4738 3062 4792 et

446 4833 547 4871 om.
583 4816 642 4870 P
764 4823 827 4869 11
848 4814 959 4868 ·vel
995 4811 1333 4870 traducticia
1370 4813 1426 4866 P
1459 4832 1532 4868 an
1565 4814 1904 4870 traducticia
1939 4816 2008 4871 N
2127 4822 2194 4871 12
2232 4818 2298 4871 ut
2331 4815 2484 4870 rivus
2520 4814 2713 4870 rivalis
2752 4818 2810 4870 et
2845 4815 3059 4870 deriva-

448 4898 568 4949 tum
602 4894 735 4950 alva
769 4894 1004 4949 alvanus
1040 4893 1183 4950 silva.
1218 4889 1466 4948 silvanus
1503 4910 1680 4951 novus
1716 4896 1919 4950 novale
1953 4895 2114 4966 privo
2154 4896 2211 4949 P
2349 4894 2664 4951 derivativii
2701 4896 2848 4950 Alba.
2883 4896 2952 4950 N

2417 4986 2527 5039 12*
