3613 5528
1341 447 1439 502 DE
1477 447 2059 518 ORTHoeRAPHIA
2678 429 2689 440 “
2879 447 3006 511 193

395 563 438 599 p.
465 550 586 589 sao-1.
613 549 639 588 s
665 548 715 586 P.

572 631 686 692 Va'x
746 640 808 692 et
867 649 975 691 vex
1031 637 1093 690 et
1145 631 1268 691 vix:
1323 650 1509 692 unum
1567 632 1975 693 tantummodo
2030 649 2246 692 nomen
2314 649 2423 711 per
2480 649 2657 692 unam
2715 649 3010 710 quamque

402 737 673 818 syllabam
719 739 961 817 repperi
1008 740 1416 820 terminatum,
1461 749 1530 801 ut
1566 742 1730 801 vivax
1769 740 1939 800 vibex
1979 739 2197 800 verbex
2242 741 2469 819 cervix,
2517 756 2771 817 quorum
2818 736 3010 797 media

399 864 507 925 per
552 844 589 904 b
635 853 880 925 mutam,
941 861 1091 922 quae
1149 863 1288 906 vero
1336 849 1638 927 utrimque
1683 847 1775 907 vel
1833 849 2203 934 extrinsecus
2252 854 2392 906 sunt
2447 864 2555 925 per
2601 865 2635 903 v
2693 845 3012 924 significari

397 954 794 1030 cognovimus,
871 950 1129 1029 reliquas
1179 950 1251 1011 ab
1297 952 1392 1013 his
1438 951 1904 1014 consonantibus
1949 955 2205 1013 insertas
2243 952 2473 1012 vocales
2520 951 2766 1012 latinum
2816 954 3012 1012 minus

347 1077 372 1116 5
400 1057 639 1119 adscivit
694 1058 1012 1138 eloquium.
1096 1078 1165 1121 ea
1221 1078 1362 1121 vero
1420 1078 1677 1141 quorum
1736 1060 1953 1121 solutio
2001 1062 2279 1139 superius
2327 1060 2748 1139 compromissa
2805 1065 2897 1118 est
2951 1060 3010 1117 in

402 1173 646 1227 tractatu
696 1168 971 1246 sequenti
1018 1165 1055 1225 b
1103 1166 1333 1228 litterae
1384 1168 1670 1228 trifariam
1716 1170 1777 1228 in
1828 1168 2066 1228 nomine
2111 1169 2469 1228 constitutae
2515 1184 2776 1245 congrua
2823 1165 3012 1225 decla-

401 1274 621 1333 ratione
668 1274 966 1352 patefient.

525 1426 688 1491 vm
743 1426 1136 1495 mvsDEM
1183 1429 1694 1495 ADAMANTH
1739 1407 2181 1495 MARTYRH
2225 1429 2345 1494 DE
2394 1428 2449 1492 Β
2496 1427 2880 1494 LITTERA

1012 1536 1506 1601 TRIFARIAM
1551 1537 1648 1602 IN
1693 1536 2043 1602 NOMINE
2090 1535 2399 1601 PoslTA

324 1683 372 1721 ιο
575 1663 656 1724 De
717 1664 756 1723 b
813 1665 1007 1727 littera
1069 1666 1354 1726 trifariam
1410 1668 1472 1726 in
1529 1669 1766 1726 nomine
1823 1669 2045 1747 posita,
2098 1673 2385 1746 quantum
2429 1665 2839 1746 possibilitatis
2884 1667 3015 1744 fuit,

400 1769 782 1852 sufficienter,
823 1765 833 1853 1
875 1781 942 1833 ut
986 1780 1131 1852 puto
1142 1819 1161 1853 ,
1206 1774 1605 1833 tractavimus,
1682 1772 1754 1832 ab
1794 1753 2078 1852 expositis
2117 1774 2276 1833 enim
2313 1781 2477 1833 recte
2515 1774 2631 1832 iam
2667 1761 3016 1851 mtellegere

399 1893 744 1958 possumne,
800 1878 996 1958 siquid
1052 1882 1286 1939 eveniet
1340 1879 1635 1939 dictorum
1695 1881 2078 1940 contrarium.
2164 1877 2248 1939 ibi
2315 1896 2569 1957 namque
2635 1878 3016 1940 considerare

401 1980 772 2064 debebimuS,
827 2003 902 2045 ne
949 1985 1170 2063 aliquid
1225 1983 1511 2045 dissimile
1569 1985 1750 2045 fuerit
1794 1985 1887 2045 vel
1944 2003 2164 2065 genere
2211 1985 2300 2046 vel
2348 2004 2598 2047 numero
2645 1984 3018 2066 syllabarum,

581 2160 613 2208 2
651 2155 819 2211 uiuax
858 2156 1023 2212 uibex
1061 2157 1269 2211 uerbex
1302 2156 1358 2209 Β
1395 2155 1564 2210 uiuax
1601 2157 1769 2214 uiuet
1796 2158 2005 2212 uerbex
2043 2157 2091 2211 Ο
2123 2158 2290 2213 uiuax
2322 2157 2489 2212 uiuex
2515 2174 2723 2211 ueruex
2757 2157 2812 2211 A
2851 2156 3019 2212 uiuax

405 2234 567 2290 uibex
602 2253 810 2291 ueruex
851 2236 1047 2292 Carrio
1191 2235 1436 2291 mediam
1472 2235 1656 2290 ABG
1686 2237 1935 2292 medium
1975 2236 2172 2293 Oarn'o
2324 2243 2356 2291 3
2393 2237 2677 2307 utrimque
2714 2237 2768 2290 A
2807 2238 3018 2290 utrum-

407 2331 515 2382 que
550 2313 665 2368 Bo
838 2323 870 2370 ὅ
918 2316 1182 2387 adscivit]
1223 2315 1492 2371 adscribit
1526 2316 1582 2369 Β
1627 2315 1872 2372 abscidit
1907 2317 2024 2372 AO
2194 2318 2255 2373 in
2299 2319 2547 2372 tractatu
2584 2317 2838 2386 sequenti
2874 2317 2944 2371 de
2981 2318 3019 2371 b

405 2393 594 2448 littera
627 2394 902 2450 trifariam
939 2396 999 2450 in
1035 2397 1260 2451 nomine
1295 2396 1484 2465 posita
1520 2411 1767 2465 congrua
1802 2396 2177 2452 declinatione
2225 2396 2496 2467 patefient
2533 2412 2566 2454 ς
2710 2379 3019 2465 ss'sequen·

405 2472 479 2527 tis
514 2473 692 2528 ABG
828 2476 1213 2532 declaratione
1249 2477 1303 2529 B
1341 2476 1718 2531 declinatione
1754 2475 1872 2529 AC
2009 2483 2041 2531 8
2091 2475 2515 2531 ADAMANTII
2549 2475 2928 2530 MARTYRIS
2966 2478 3020 2530 A

409 2553 774 2609 ADAMATII
810 2556 1152 2612 MARTIRII
1193 2556 1240 2610 C'
1363 2563 1395 2611 9
1432 2557 1674 2628 positam
1711 2563 1941 2627 utroque
1978 2559 2093 2612 loco
2127 2557 2310 2611 ABG
2433 2563 2500 2613 10
2538 2561 2811 2626 quantum
2848 2556 3022 2625 possi-

410 2676 644 2733 bilitatis
681 2640 852 2735 fuerit
885 2681 942 2734 B
980 2682 1253 2751 quantum
1290 2680 1634 2750 possibilitas
1671 2681 1844 2737 fuerit
1879 2681 1995 2736 AC
2070 2717 2101 2728 α
2119 2688 2183 2736 13
2221 2682 2488 2736 debemus
2527 2680 2575 2734 0
2679 2680 3020 2749 syllabarum

411 2762 446 2813 ii
480 2760 728 2830 tempore
767 2762 820 2816 A
858 2760 1200 2831 syllabarum
1229 2761 1322 2818 uel
1356 2766 1672 2832 temporum
1710 2779 1744 2820 ς

679 2926 876 2933 --η--ῃ

1095 2928 1704 2935 *ψῴ-ῂ,
1735 2929 2051 2935 ———-—--——-—

1309 3047 1674 3102 MARTYRII
1709 3046 1806 3101 DE
1844 3046 1889 3100 B
1926 3046 2020 3110 ΕΤ
2058 3046 2109 3100 V

587 3210 703 3272 Vax
749 3230 859 3272 vex
905 3216 1026 3274 vix:
1073 3231 1259 3274 unum
1305 3213 1713 3275 tantummodo
1761 3230 1979 3273 nomen
2026 3230 2133 3292 per
2172 3229 2348 3272 unam
2398 3230 2693 3292 quamque
2740 3210 3019 3291 syllabam

414 3319 645 3396 repperi
702 3321 1105 3399 terminatum,
1173 3327 1240 3379 ut
1301 3321 1493 3401 vivax,
1551 3319 1722 3380 vibex
1785 3309 1820 3380 ὁ
1883 3310 2184 3397 lanistam-2
2241 3316 2457 3377 verbex
2516 3311 2593 3378 τὸ
2655 3309 3019 3405 πρόβατον,

337 3434 346 3438 ·
413 3425 634 3504 cervix,
679 3443 933 3504 quorum
982 3426 1172 3487 media
1216 3444 1325 3505 per
1373 3424 1409 3486 b
1457 3434 1710 3507 mutam,
1773 3443 1922 3504 quae
1971 3425 2271 3503 utrimque
2320 3423 2409 3483 vel
2462 3425 2834 3484 extrinsecus
2881 3433 3021 3484 sunt

412 3547 519 3607 per
554 3549 587 3588 v
623 3529 955 3610 digammon
994 3534 1214 3611 signari
1253 3534 1652 3611 cognovimus,
1727 3532 1987 3611 reliquas
2028 3528 2156 3608 [ab]
2198 3530 2289 3590 his
2327 3529 2795 3591 consonantibus
2832 3532 3019 3590 inser-

361 3648 388 3687 5
417 3643 501 3694 tas
548 3636 774 3697 vocales
820 3637 1066 3699 latinum
1114 3640 1312 3699 minus
1360 3639 1606 3699 adscivit
1653 3637 1973 3715 eloquium.

414 3790 914 3858 ADAMANTII
953 3791 1151 3858 SIVE
1190 3792 1628 3858 MARTYRII
1675 3793 1794 3859 DE
1835 3791 2172 3857 VLTIMA
2209 3792 2579 3859 NOMINIS
2619 3789 3020 3857 SYLLABA

1256 3899 1662 3966 EXPLICIT
1707 3898 2175 3964 FELICITER

588 4026 670 4088 De
716 4026 755 4086 b
801 4027 997 4089 littera
1043 4029 1331 4089 trifariam
1377 4030 1438 4088 in
1486 4030 1724 4089 nomine
1772 4030 1990 4109 posita,
2038 4035 2323 4107 quantum
2367 4035 2574 4087 natura
2622 4025 2804 4086 valuit
2850 4027 3019 4085 mini·

415 4138 625 4212 strare,
673 4133 1060 4216 sufficienter,
1107 4140 1175 4195 ut
1218 4142 1394 4215 puto,
1441 4136 1840 4195 tractavimus
1916 4132 1988 4194 ab
2034 4137 2318 4214 expositis
2356 4136 2514 4194 enim
2560 4141 2724 4194 recte
2771 4137 2887 4195 iam
2933 4134 3020 4192 in·

339 4251 388 4289 ιο
416 4236 688 4317 tellegere
736 4258 1055 4319 possumus
1066 4289 1084 4322 ,
1130 4239 1327 4319 siquid
1375 4242 1607 4301 eveniet
1652 4240 1947 4302 dictorum
1987 4243 2369 4301 contrarium.
2454 4239 2534 4300 ibi
2583 4258 2834 4319 namque
2884 4256 3021 4298 con·

367 4326 384 4342 “
413 4343 671 4405 siderare
738 4344 1088 4408 debebimus
1155 4366 1229 4408 ne
1295 4347 1512 4427 aliquid
1579 4348 1863 4408 dissimile
1928 4349 2110 4409 fuerit
2174 4346 2263 4407 vel
2327 4364 2546 4426 genere
2612 4344 2700 4404 vel
2776 4362 3024 4405 numero

415 4449 786 4531 syllabarum,
821 4460 1110 4534 tempore,
1152 4455 1599 4534 significatione,
1627 4452 1718 4513 vel
1756 4456 1806 4513 si
1846 4472 1918 4513 ex
1955 4454 2064 4514 alia
2100 4461 2269 4533 parte
2307 4453 2592 4513 orationis
2629 4449 3025 4511 descenderit.

416 4574 564 4635 quae
626 4557 1009 4621 observantes
1063 4562 1286 4641 minus,
1342 4568 1410 4621 ut
1463 4578 1625 4641 reor,
1685 4559 2032 4622 errabimus
2116 4566 2303 4621 restat
2356 4556 2528 4619 nobis
2583 4556 2656 4616 de
2712 4556 2750 4616 b
2812 4556 3025 4635 littera,

594 4752 626 4800 2
663 4749 729 4800 ut
763 4746 930 4804 vivax
967 4747 1131 4804 vivex
1167 4764 1370 4803 vervex
1407 4746 1594 4802 cervix
1632 4747 1687 4800 P
1832 4748 1996 4804 vivex
2032 4751 2261 4818 ομωλοψ
2299 4761 2500 4801 vervex
2538 4743 2603 4798 N
2749 4750 2784 4798 4
2819 4744 3025 4814 signifi-

417 4823 534 4878 cari
577 4824 703 4879 NP
838 4833 869 4880 6
918 4826 1251 4881 Adamantis
1298 4826 1415 4882 sive
1452 4825 1713 4894 Mai-tyrii
1746 4826 1816 4880 N
1954 4834 1984 4884 7
2030 4824 2417 4882 FELICITER
2452 4841 2554 4878 om.
2591 4823 2669 4891 N,
2706 4824 2834 4878 add.
2874 4822 2929 4876 P

420 4909 483 4957 11
526 4903 788 4959 debemus
829 4905 886 4959 P
992 4912 1058 4959 13
1095 4905 1280 4960 minus
1317 4905 1538 4976 longius
1578 4910 1643 4961 ut
1677 4922 1803 4962 reor
1839 4923 2086 4963 erramus
2125 4909 2275 4963 recte
2311 4922 2414 4961 nos
2450 4905 2520 4959 de
2556 4903 2595 4958 b
2632 4903 2823 4957 littera
2859 4901 2916 4956 P

527 5012 834 5044 omnum-xcx
863 5013 1036 5044 tanum
1063 5013 1154 5044 vn.
1623 5042 1628 5047 ,
2536 4998 2601 5047 13
