3613 5528
1367 426 1463 480 DE
1503 427 2088 482 ORTHOGRAPHIA
2900 427 3032 491 263

419 540 461 576 ρ.
490 528 607 567 we.
636 528 685 567 re
717 528 765 565 P.
2496 528 2515 548 ·

423 619 652 691 neutro,
700 620 1021 690 utrumque
1061 629 1310 672 numero
1351 610 1654 690 singulari.
1729 611 2133 673 aurichalcum
2172 619 2235 672 et
2273 610 2637 673 orichalcum
2685 614 2938 675 dicimus
2956 621 3037 674 ‘et

420 717 531 779 hoc
577 719 956 798 singulariter
1005 726 1251 780 tantum.
1325 720 1413 779 sic
1460 728 1521 780 et
1565 726 1768 780 cetera
1811 717 2121 780 metallica.

600 824 686 885 Ab
724 834 785 887 et
822 843 894 885 ex
932 828 1433 908 praepositiones,
1479 827 1530 886 si
1571 844 1831 905 sequens
1868 824 2114 887 verbum
2155 844 2188 886 a
2224 825 2409 887 vocali
2454 829 2723 908 incipiat,
2769 830 3038 907 integrae

421 934 766 1014 efferuntur,
797 940 862 994 ut
890 951 960 993 ex
994 931 1229 1014 oppido,
1257 932 1329 993 ab
1367 931 1498 1014 11103
1537 934 1588 994 si
1616 940 2013 994 consonantes
2041 940 2386 1013 sequantur,
2416 941 2739 995 extremam
2778 934 3034 996 litteram

367 1055 392 1093 ⁵
419 1038 701 1120 perdunt,
748 1047 815 1100 ut
870 1056 902 1100 e
959 1038 1121 1118 soro,
1169 1056 1203 1099 a
1250 1038 1591 1101 Sacerdote.
1666 1037 1775 1101 hae
1835 1047 2033 1101 autem
2079 1040 2553 1120 praepositiones
2598 1043 2681 1102 ita
2728 1041 3038 1102 differunt:

419 1163 552 1207 ctum
610 1145 753 1207 dicit
800 1147 935 1225 quis
982 1163 1015 1205 a
1064 1144 1297 1206 theatro
1343 1164 1408 1207 se
1454 1149 1686 1227 venire,
1747 1164 1866 1208 non
1914 1165 1984 1207 ex
2033 1148 2163 1226 ipso
2212 1145 2476 1227 theatro,
2524 1147 2627 1208 sed
2677 1167 2710 1209 e
2756 1147 2886 1210 loco
2934 1150 3037 1228 qui

421 1262 509 1314 est
555 1254 861 1332 proximus
910 1252 1140 1314 theatro
1181 1249 1191 1334 Ι
1233 1271 1297 1313 se
1345 1254 1549 1313 venire
1595 1253 1923 1334 significat3
1985 1255 2088 1334 qui
2132 1272 2274 1314 vero
2321 1273 2395 1315 ex
2441 1252 2673 1315 theatro
2720 1273 2785 1315 se
2834 1257 3033 1316 venire

419 1359 588 1441 dicit,
635 1379 707 1420 ex
754 1361 884 1440 ipso
931 1359 1164 1421 theatro
1214 1361 1522 1438 significat.
1596 1360 1668 1421 ad
1715 1369 1776 1421 et
1822 1362 1885 1421 in
1931 1360 2213 1440 praefatis
2258 1359 2800 1441 praepositionibus
2845 1380 3040 1443 pareS‚

419 1467 522 1527 sed
560 1468 858 1528 contraria
897 1474 1193 1546 potestate
1232 1474 1402 1548 sunt,
1450 1468 1587 1545 quia
1625 1468 1688 1526 in
1726 1466 1924 1528 iorum
1961 1469 2049 1527 ire
2088 1474 2181 1528 est
2214 1468 2277 1528 in
2317 1468 2513 1546 ipsum
2553 1468 2748 1528 forum
2794 1470 3038 1550 intrare,

345 1589 393 1627 ιο
420 1574 491 1634 ad
538 1573 733 1634 iorum
773 1581 974 1636 autem
1009 1576 1098 1635 ire
1137 1573 1210 1634 ad
1257 1571 1454 1635 locum
1502 1575 1632 1633 soro
1677 1575 2044 1653 proximum:
2092 1582 2159 1634 ut
2202 1575 2264 1632 in
2313 1572 2574 1634 tribunal
2619 1582 2682 1635 et
2727 1575 2799 1636 ad
2845 1574 3033 1637 tribu·

421 1680 514 1740 nal
560 1684 761 1743 venire
801 1700 920 1742 non
960 1699 1148 1743 unum
1185 1688 1303 1761 est,
1350 1682 1490 1760 quia
1526 1679 1596 1740 ad
1648 1679 1905 1742 tribunal
1955 1681 2115 1740 venit
2159 1678 2440 1763 litigator,
2484 1681 2547 1740 iu
2587 1679 2847 1743 tribunal
2896 1700 3035 1743 vero

421 1797 660 1867 praetor
704 1798 807 1850 aut
853 1788 1049 1850 iudex.

594 1895 854 1956 Ancillor
900 1894 1171 1956 blandior
1217 1904 1279 1956 et
1324 1895 1533 1957 adulor
1580 1913 1766 1956 unum
1813 1895 2173 1974 significant,
2235 1892 2394 1972 quod
2441 1902 2534 1955 est
2579 1913 2792 1973 graece
2837 1896 3034 1956 κολα-

420 1995 619 2084 κεύω,
666 2010 726 2063 et
768 2001 1027 2063 dativum
1068 2020 1271 2064 casum
1312 2002 1571 2063 trahunt.
1646 2002 1855 2062 aufero
1892 2001 2085 2061 eximo
2125 2000 2317 2061 adimo
2356 2001 2529 2062 demo
2568 2000 2854 2063 subtraho
2893 2002 3030 2064 sub·

349 2121 395 2158 ¹⁵
422 2107 573 2169 duco
619 2128 690 2170 ex
738 2128 859 2171 uno
906 2127 1121 2189 graeco
1167 2109 1632 2190 transferuntur,
1677 2108 1736 2169 id
1782 2117 1877 2168 est
1921 2097 2358 2190 ἀφαιροῦμαι.

591 2214 813 2277 Abdico
852 2215 1100 2277 verbum
1149 2224 1349 2297 potest
1384 2216 1785 2278 accusativum
1825 2215 2082 2274 nominis
2119 2216 2241 2275 sive
2288 2232 2618 2294 pronomen
2656 2213 2793 2277 cum
2834 2217 3029 2278 dativo

421 2321 677 2384 trahere:
722 2322 1070 2385 Ambrosius
1116 2318 1271 2403 ‘qui
1316 2341 1390 2384 se
1438 2321 1778 2383 abdicant
1825 2319 2329 2384 saecularibus
2377 2318 2823 2384 inlecebris'.

591 2429 756 2490 Alius
792 2449 1009 2492 nomen
1058 2431 1319 2492 dativum
1368 2429 1688 2509 dupliciter
1725 2429 1928 2510 effert,
1976 2436 2035 2489 et
2082 2426 2178 2488 alii
2225 2436 2287 2489 ct
2331 2427 2475 2490 alio:
2535 2427 2718 2490 habes
2764 2431 2827 2490 in
2863 2449 3030 2490 sacra

417 2525 708 2614 scriptura
757 2530 1004 2618 (illaleh.
1051 2539 1111 2613 8,
1159 2538 1218 2614 9,
1267 2539 1414 2600 Luc.
1470 2538 1528 2612 7,
1574 2530 1646 2619 8)
1704 2531 1898 2597 ‘dico
1954 2535 2126 2597 huic
2172 2534 2344 2596 vade
2392 2541 2463 2596 et
2508 2535 2729 2617 vadit,
2776 2545 2848 2599 et
2893 2537 3037 2598 alio

340 2644 578 2702 noveni
637 2649 708 2702 et
775 2638 1023 2719 venit',
1081 2654 1141 2706 et
1196 2663 1437 2707 rursum
1494 2637 1744 2727 (Malth.
1783 2644 1898 2725 25,
1944 2637 2056 2726 15)
2116 2638 2220 2702 ‘et
2274 2644 2395 2703 uni
2453 2641 2654 2706 dedit
2718 2647 3036 2724 quinque

419 2747 713 2833 talenta,
759 2747 885 2813 alii
932 2759 1165 2813 autem
1213 2751 1378 2835 duo,
1424 2750 1555 2812 alii
1606 2770 1768 2812 vero
1820 2744 2084 2813 unum’.

373 2840 378 2844 ’
592 2859 922 2938 Aegyptum
968 2877 1106 2920 cum
1154 2861 1215 2920 in
1263 2862 1560 2939 scriptura
1607 2857 1871 2919 dividere
1918 2859 2034 2939 viS,
2088 2876 2128 2937 p
2175 2860 2451 2937 sequenti
2506 2857 2761 2940 syllabae
2807 2861 3034 2941 iungis;

417 2946 719 3043 aspectum
782 2985 816 3026 c
887 2968 1161 3045 sequenti
1226 2965 1482 3048 syllaba,
1547 2966 1826 3027 affectum
1893 2960 2166 3026 similiter
2230 2971 2291 3024 et
2364 2964 2651 3026 afflicttun
2716 2973 3032 3046 ceteraque

335 3151 346 3155 -
419 3071 668 3134 huiusce
715 3073 895 3134 modi.
1844 3052 1855 3074 ⁹

343 3188 392 3235 ιδ
591 3181 850 3242 Assuere
891 3188 952 3242 et
988 3189 1395 3242 assumentum
1439 3182 1621 3260 panni
1666 3197 1774 3260 per
1813 3197 1870 3252 s,
1918 3196 2036 3239 non
2075 3196 2183 3258 per
2220 3178 2258 3238 d
2297 3177 2698 3243 scribendum.
2754 3179 3028 3243 similiter

419 3303 717 3348 assumere
763 3305 872 3366 per
919 3305 974 3362 S,
1030 3289 1384 3387 appropriat⁹
1430 3305 1539 3367 per
1584 3305 1623 3366 p
1670 3285 2083 3365 scribendum,
2141 3288 2384 3366 apponit
2432 3285 2721 3368 similiter,
2768 3289 3032 3350 accurrit

419 3410 522 3471 per
569 3411 628 3469 c,
674 3394 1070 3454 amministrat
1114 3411 1223 3472 per
1270 3412 1355 3476 m,
1409 3392 1667 3474 applicat
1711 3410 1821 3472 per
1866 3410 1935 3473 p,
1991 3390 2188 3471 alligat
2242 3411 2351 3472 per
2397 3391 2442 3474 Ι,
2497 3410 2784 3473 assequor
2828 3412 2938 3473 per
2985 3415 3033 3476 S,
3152 3406 3163 3415 ·

418 3497 621 3560 allevat
666 3519 775 3580 per
823 3499 868 3581 1,
912 3499 1149 3561 assidue
1195 3517 1304 3578 per
1351 3518 1407 3579 S,
1454 3499 1768 3578 aggredior
1815 3516 1924 3578 per
1969 3517 2023 3578 g.

593 3608 866 3671 Assarius
903 3605 976 3667 ab
1014 3607 1271 3686 antiquis
1318 3604 1642 3682 dicebatur,
1692 3623 1852 3667 nunc
1890 3624 1954 3666 as
2000 3605 2239 3687 dicitur,
2287 3625 2407 3669 non
2448 3608 2616 3670 assis.
2692 3626 2833 3670 sane
2879 3610 3030 3671 assis

342 3722 394 3761 ³0
418 3714 724 3789 genetivus
772 3721 880 3773 est,
2580 3718 2589 3727 ’

527 3884 537 3893 ,
589 3792 806 3880 Alium‘
822 3828 884 3880 et
920 3818 1143 3880 dolium
1179 3837 1289 3898 per
1326 3821 1347 3879 i
1383 3817 1796 3900 scribendum,
1845 3837 1965 3880 non
2014 3838 2120 3899 per
2160 3840 2220 3903 e,
2269 3822 2426 3885 sicut
2462 3820 2689 3883 oleum:
2735 3820 3029 3902 Vergilims

416 3918 578 4005 (buc.
623 3927 683 4002 2,
729 3920 836 4009 11)
885 3920 1051 3986 ‘alia
1099 3920 1680 4006 serpyllumque’
1727 3944 1836 4005 per
1883 3928 1904 3986 i
1948 3925 2113 3989 dixit.

553 4102 585 4151 2
613 4098 904 4173 metallica
933 4098 988 4150 P
1011 4102 1062 4151 et
1092 4096 1378 4154 Charisius
1395 4114 1455 4167 p.
1478 4102 1568 4164 34,
1593 4103 1684 4167 19,
1712 4096 1949 4151 metalla
1977 4098 2109 4151 ML
2217 4106 2249 4153 3
2288 4096 2589 4168 incipiatur
2627 4100 2703 4154 M
2806 4100 3024 4171 integre

419 4178 490 4231 M
500 4178 614 4232 PL
720 4184 753 4233 5
783 4195 813 4233 e
841 4177 962 4232 foro
991 4177 1049 4231 P
1068 4179 1219 4233 efero
1241 4178 1373 4232 ML
1401 4177 1571 4233 effero
1592 4191 1628 4236 ς
1733 4184 1766 4232 8
1795 4193 1959 4246 pares
1978 4180 2110 4232 sunt
2128 4178 2411 4233 contraria
2435 4179 2716 4248 potestate
2748 4182 2879 4234 sunt
2898 4181 3033 4233 MP

415 4272 574 4324 pares
599 4259 729 4313 sunt
755 4254 1038 4315 contraria
1063 4259 1346 4327 potestate
1374 4257 1442 4313 L.
1480 4257 1568 4315 his
1593 4255 2102 4328 praepositionibus
2127 4276 2291 4329 pares
2320 4260 2505 4328 (pares
2534 4276 2634 4315 om.
2658 4260 2865 4330 Diem.)
2896 4277 3024 4315 con·

415 4336 582 4390 traria
607 4339 891 4407 potestate
919 4342 1052 4395 sunt
1078 4340 1152 4394 ad
1171 4340 1230 4393 et
1256 4338 1316 4393 in
1336 4337 1624 4393 Diomedes
1641 4355 1703 4406 p.
1724 4342 1850 4403 415,
1871 4342 1905 4392 7
1924 4337 2219 4393 Dositheus
2237 4355 2300 4406 p.
2319 4343 2411 4403 46,
2432 4342 2467 4391 4
2580 4346 2644 4393 14
2664 4339 2828 4394 demo
2851 4356 2951 4394 om.
2973 4340 3024 4393 L

485 4424 549 4473 15
585 4418 738 4474 idem
765 4411 1178 4479 ὸΦὰΙΡΟΥΜὸΙ
1208 4418 1266 4477 Ρ
1291 4418 1352 4473 id
1380 4412 1906 4477 enssmaimuoeat
1946 4417 2021 4470 M
2048 4416 2111 4471 id
2138 4418 2224 4472 est
2255 4412 2557 4479 ὸΦὸΙΡωΝ
2587 4418 2639 4471 L
2751 4424 2815 4473 16
2842 4418 3023 4472 nomi·

417 4496 524 4569 nis]
562 4515 764 4555 nomen
805 4498 878 4552 M
886 4497 1002 4551 PL
1155 4516 1281 4553 cum
1319 4498 1513 4554 dativo
1549 4515 1650 4554 om.
1690 4498 1741 4552 L
1898 4503 1959 4552 17
2001 4496 2228 4553 abdicat
2266 4497 2322 4551 P
2468 4503 2535 4552 18
2574 4497 2771 4553 efferat
2809 4496 2885 4550 M

421 4581 483 4632 19
520 4576 797 4648 scriptura
831 4576 908 4632 Et
942 4575 1068 4632 dico
1108 4578 1184 4632 M
1286 4584 1354 4633 22
1394 4578 1580 4649 iungis
1617 4578 1716 4629 ἢ.
1746 4587 1845 4628 xc,
1875 4588 1979 4629 xx,
2017 4580 2309 4646 aspectum
2347 4578 2403 4631 P
2513 4584 2581 4631 24
2620 4577 2937 4633 huiusmodi
2974 4579 3032 4633 P

517 4662 586 4710 25
627 4657 889 4728 Assnere]
926 4661 1224 4713 Assumere
1261 4657 1319 4711 P
1489 4665 1557 4713 26
1607 4657 1955 4727 Appropriat
2001 4674 2101 4728 per
2136 4657 2174 4710 d
2209 4656 2560 4713 scribendum
2602 4657 2677 4711 M
2721 4658 3025 4728 appropiat

414 4751 512 4804 per
546 4755 583 4806 p
618 4736 782 4792 scrib.
825 4737 884 4797 P
915 4736 1217 4807 appropiat
1251 4756 1352 4808 per
1387 4757 1424 4809 p
1461 4739 1514 4792 L
1666 4737 1908 4793 accurrit
1942 4737 1999 4791 P
2028 4736 2313 4793 accucurri
2354 4737 2489 4791 ML
2642 4743 2707 4792 27
2746 4736 3023 4807 applicat]

416 4815 684 4884 amplicat
717 4815 796 4870 M
931 4823 1000 4873 28
1037 4816 1258 4872 assidue
1296 4848 1361 4857 —-
1400 4835 1500 4888 per
1535 4836 1576 4888 g
1611 4834 1711 4872 om.
1741 4818 1795 4873 L
1936 4823 2002 4872 31
2044 4816 2335 4873 scribenda
2374 4818 2448 4872 M
2589 4823 2655 4872 32
2694 4816 3023 4889 serpellum-

417 4912 524 4965 que
559 4896 615 4957 Ρ
644 4892 1046 4968 serpillumque
1082 4896 1234 4968 quod
1273 4898 1347 4951 M
1379 4896 1669 4967 serpillum
1705 4897 1760 4951 L
