3613 5528
561 1725 704 1786 Velii
750 1724 935 1806 Longi
996 1724 1146 1786 liber
1203 1725 1275 1786 de
1332 1723 1750 1805 orthographia
1806 1743 1924 1785 una
1979 1744 2118 1786 cum
2162 1724 2292 1786 aliis
2337 1724 2653 1786 latinorum
2700 1743 2985 1805 gramma·

383 1835 636 1894 ticorum
697 1831 865 1893 libris
934 1852 984 1893 a.
1046 1829 1217 1894 1493
1273 1830 1441 1893 Bobii
1496 1834 1775 1894 inventus
1831 1840 1947 1913 εει,
2013 1834 2170 1893 sicut
2228 1831 2347 1892 dixi
2402 1810 2645 1911 gramm.
2700 1832 2797 1895 lat.
2852 1851 2903 1894 v.
2960 1833 2985 1893 1

382 1959 436 2020 p.
477 1939 602 2000 VIII
648 1950 708 2001 et
754 1959 802 2000 v.
842 1938 915 1999 VI
959 1959 1017 2019 p.
1055 1936 1204 2015 245.
1279 1958 1351 1999 ex
1397 1937 1676 1999 Bobiensi
1723 1946 1921 1999 autem
1970 1938 2174 1999 codice
2213 1937 2303 1998 vel
2352 1957 2421 1998 ex
2470 1938 2805 2018 apographo
2853 1942 2982 2001 eius

381 2049 583 2125 paucis
638 2048 807 2107 annis
861 2054 998 2126 post
1051 2048 1356 2107 inventum
1414 2043 1632 2105 librum
1688 2044 2025 2124 descriptus
2087 2053 2178 2105 est
2242 2044 2428 2104 codex
2494 2048 2596 2123 qui
2661 2045 2799 2106 olim
2860 2046 2985 2106 Iani

380 2152 674 2214 Parrhasii
710 2154 848 2234 fuit,
886 2169 1044 2213 nunc
1083 2151 1597 2231 Neapolitanus
1644 2159 1736 2211 est
1771 2149 2161 2212 bibliothecae
2199 2153 2396 2231 regiae
2432 2150 2507 2210 IV
2543 2153 2588 2211 A
2634 2150 2731 2234 11,
2769 2155 2829 2212 in
2868 2172 2985 2232 quo

384 2278 515 2321 cum
580 2259 1160 2339 aliis-grammaticis
1214 2257 1383 2318 Bobii
1436 2259 1692 2318 inventis
1746 2255 1934 2337 Longi
1989 2256 2146 2357 llberx
2197 2259 2456 2337 scriptus
2513 2267 2605 2319 εει
2662 2258 2698 2319 i.
2751 2256 2997 2339 1—13,

397 2368 543 2428 Velie·
586 2369 784 2442 Lonye'
827 2368 903 2427 de
948 2367 1391 2442 ortlaeoqraphe‘a
1440 2366 1865 2425 Necessarium
1896 2398 1972 2407 —
2009 2364 2196 2440 foedi.
2270 2365 2396 2425 I'ele'
2431 2365 2629 2441 [θηρὶ
2672 2369 2747 2426 de
2783 2368 2984 2427 orcho-

378 2477 643 2553 9raphe‘a
690 2473 873 2535 Liber
920 2474 1075 2551 expl.
1118 2472 1439 2548 foeliciter.
1516 2469 1815 2533 Parrhasii
1852 2471 1990 2533 olim
2030 2473 2213 2533 fuisse
2253 2472 2518 2532 codicem
2559 2480 2810 2533 testatur
2848 2471 2983 2534 sub·

382 2582 622 2661 scriptio
659 2583 720 2641 in
759 2581 874 2640 fine
914 2580 1134 2640 codicis
1170 2581 1382 2660 posita,
1429 2575 1692 2639 ‘Antonii
1732 2579 2044 2658 Seripandi
2083 2598 2153 2639 ex
2193 2578 2313 2639 Iani
2353 2578 2650 2639 Parrhasii
2689 2574 2977 2640 munere’.

260 2702 277 2709 ”
382 2687 566 2767 Longi
621 2685 839 2747 librum
895 2689 956 2746 in
1014 2704 1212 2747 meum
1272 2703 1445 2746 usum
1502 2703 1637 2747 cum
1694 2684 1963 2746 Putschii
2019 2685 2276 2746 editione
2334 2685 2586 2763 contulit
2632 2686 2976 2748 StenderuS.

383 2798 440 2855 in
494 2793 606 2855 hoc
664 2769 845 2855 multa
900 2812 1049 2872 quae
1105 2813 1138 2853 a
1193 2792 1433 2853 librario
1491 2811 1610 2853 non
1667 2801 1831 2853 recte
1888 2795 2108 2872 scripta
2154 2792 2246 2853 vel
2293 2795 2509 2854 omissa
2556 2804 2726 2854 erant
2771 2801 2976 2873 postea

383 2901 488 2961 alia
542 2919 718 2962 manu
744 2899 1035 2983 *adhibito
1090 2898 1409 2979 archetypo
1466 2908 1735 2960 correcta
1791 2907 1947 2960 sunt.
2030 2908 2337 2979 praeterea
2397 2901 2460 2959 in
2521 2900 2710 2979 prima
2770 2901 2981 2979 pagina

382 3008 662 3087 quaedam
727 3010 789 3068 in
855 3007 1113 3086 margine
1180 3006 1502 3084 adscripta,
1561 3023 1746 3084 pauca
1814 3007 1990 3065 etiam
2046 3006 2107 3064 in
2163 3007 2308 3083 ipsis
2368 3003 2562 3065 verbis
2617 3008 2984 3085 grammatici

381 3125 647 3177 correcta
713 3123 877 3196 suut,
933 3131 1082 3193 quae
1138 3112 1368 3172 diversa
1424 3110 1495 3172 ab
1542 3110 1643 3171 illo
1689 3119 2030 3172 correctore
2094 3129 2270 3171 manu
2334 3113 2555 3191 scripta
2619 3130 2749 3172 esse
2803 3112 2974 3173 Sten-

383 3222 562 3284 derus
618 3221 759 3282 mihi
812 3220 1106 3280 indicavit.
1190 3238 1257 3278 ex
1314 3219 1427 3278 hoc
1483 3218 1714 3299 codice,
1783 3226 2099 3298 postquam
2155 3237 2188 3278 a
2243 3225 2583 3279 correctore
2640 3217 2986 3278 emendatus

383 3338 524 3412 erat,
569 3337 697 3391 tum
742 3347 877 3389 cum
925 3345 993 3387 ea
1041 3345 1190 3411 quae
1236 3333 1440 3405 postea
1479 3327 1538 3386 in
1577 3327 1766 3404 prima
1806 3328 2015 3405 pagina
2053 3333 2323 3386 correcta
2362 3344 2492 3386 esse
2531 3326 2652 3386 dixi
2689 3324 2986 3404 adscripta

385 3436 643 3498 nondum
698 3442 894 3516 erant,
940 3433 1329 3495 Vaticanus
1375 3429 1605 3513 3402,
1651 3435 1753 3512 qui
1811 3433 1952 3493 olim
2000 3431 2189 3495 Fulvii
2227 3431 2423 3493 Vrsini
2471 3434 2601 3514 suit,
2649 3432 2985 3511 descriptus

384 3552 499 3624 est,
545 3543 582 3602 f.
618 3540 647 3603 1
683 3560 811 3621 sqq.
873 3519 1023 3602 Velie·
1067 3539 1264 3614 Lonqi
1310 3541 1386 3600 de
1442 3540 1899 3616 Orthoqraplze'a
1944 3542 2368 3601 Necessarium
2401 3572 2479 3581 -
2524 3539 2708 3615 foedi.
2776 3538 2878 3599 sed
2927 3540 2988 3598 in

384 3649 493 3710 hoc
541 3667 713 3728 saepe
753 3648 1126 3709 Parrhasiani
1164 3644 1386 3706 codicis
1429 3647 1723 3725 scriptura
1761 3655 2042 3725 corrupta
2083 3655 2190 3727 est,
2221 3664 2339 3706 non
2380 3646 2537 3707 nulla
2574 3648 2751 3708 etiam
2789 3645 2984 3725 negle-

381 3759 575 3836 gentia
622 3753 922 3816 scribendi
968 3755 1183 3814 omissa
1230 3759 1387 3812 sunt.
1458 3752 1765 3813 meliorem
1812 3752 2127 3814 lectionem
2167 3754 2260 3812 vix
2300 3772 2417 3812 uno
2466 3752 2557 3814 vel
2605 3753 2789 3814 altero
2836 3752 2986 3834 loco,

384 3862 483 3924 ubi
530 3863 879 3923 manifestus
936 3877 1106 3920 error
1152 3861 1309 3919 inter
1365 3858 1746 3920 scribendum
1793 3859 1962 3920 facile
2011 3862 2229 3939 corrigi
2275 3867 2534 3942 poterat,
2588 3858 2850 3940 praebet.
2923 3861 2986 3920 in

386 3967 746 4049 marginibus
801 3966 911 4027 alia
965 3984 1141 4027 manu
1199 3983 1318 4027 non
1374 3965 1567 4026 nullae
1626 3949 2067 4026 emendationes
2124 3964 2454 4045 adscriptae
2512 3974 2668 4027 sunt.
2760 3965 2863 4026 sed
2924 3967 2986 4026 in

383 4077 473 4137 his
531 4093 768 4155 quoque
829 4072 975 4134 nihil
1039 4092 1109 4133 ex
1171 4071 1416 4132 meliore
1478 4071 1681 4133 codice
1741 4074 1993 4152 petitum
2059 4080 2176 4153 est,
2233 4072 2335 4133 sed
2394 4074 2736 4133 coniectura
2791 4075 2988 4133 omnia

386 4185 615 4266 inrenta
653 4188 809 4243 sunt.
886 4198 959 4240 ex
994 4178 1191 4241 Vrsini
1239 4178 1443 4239 codice
1490 4178 1828 4258 descriptus
1875 4188 1968 4240 est
2012 4178 2161 4240 alius
2207 4178 2603 4240 Vaticanus
2649 4176 2879 4261 5216,
2926 4182 2986 4240 in

389 4309 501 4368 quo
537 4292 666 4369 ipso
705 4305 943 4367 quoque
981 4285 1163 4346 multa
1200 4304 1308 4366 per
1349 4293 1538 4347 totum
1576 4284 1793 4346 librum
1834 4284 1942 4346 alia
1983 4304 2158 4347 manu
2196 4294 2467 4348 correcta
2503 4294 2658 4347 sunt.
2719 4284 2984 4365 Neapoli·

390 4405 584 4457 tanum
646 4394 911 4455 codicem
971 4392 1289 4472 descripsit
1347 4392 1666 4455 Iannellius
1727 4392 1968 4472 catalog.
2030 4390 2298 4453 biblioth.
2355 4393 2450 4453 lat.
2508 4396 2568 4453 in
2629 4411 2751 4472 reg.
2808 4391 2987 4470 Neap.

392 4521 534 4564 mus,
587 4500 842 4562 Borbon.
899 4518 955 4579 p.
1016 4495 1124 4581 103
1184 4499 1439 4560 duorum
1494 4497 1909 4559 vaticanorum
1974 4498 2229 4560 indicem
2290 4497 2531 4559 exhibui
2589 4515 2832 4577 gramm.
2891 4497 2988 4559 lat.

395 4627 440 4668 v.
485 4607 555 4668 vl
598 4627 653 4687 p.
701 4603 848 4668 247.

563 4713 718 4775 Haec
766 4730 917 4792 quae
963 4712 1036 4773 de
1083 4713 1276 4775 tribus
1323 4711 1628 4773 codicibus
1685 4711 1834 4794 dixi,
1892 4731 1962 4773 ex
2008 4712 2398 4789 Parrhasiano
2444 4710 2810 4797 descriptum
2856 4730 2989 4772 esse

400 4817 788 4900 Vrsiniauum‚
848 4838 919 4881 ex
975 4819 1087 4881 hoc
1144 4820 1396 4881 alterum
1441 4809 1814 4893 Vatic‘anum,
1873 4827 1996 4880 tum
2044 4836 2181 4882 cum
2223 4820 2484 4898 primum
2540 4825 2703 4879 certa
2750 4825 2810 4877 et
2857 4836 2989 4897 pet·-
