3613 5528
628 416 758 481 288
1803 418 2045 474 BEDAE

629 527 673 565 p.
704 518 824 557 2798.
853 519 906 557 99
932 517 983 557 P.

789 600 1155 664 Remedium
1202 599 1514 662 submovet
1550 604 1917 664 imminentia
1965 603 2255 686 pericula,
2302 603 2794 667 medicamentum
2835 614 3003 667 sanat
3050 606 3244 669 inlata.

628 709 956 770 remedium
995 710 1223 790 itaque,
1262 728 1334 770 ne
1372 707 1799 791 periclitemur,
1828 709 2324 772 medicamentum
2353 708 2425 770 ad
2456 710 2649 773 subita
2686 712 2950 792 pericula
2993 722 3244 794 aptatur.

810 814 1071 876 Roseum
1116 834 1227 895 per
1273 835 1365 898 se,
1409 834 1719 877 rosaceum
1766 819 2035 878 mixtum.

813 920 1001 983 Rudis
1048 924 1512 1003 comparativum
1559 931 1620 985 et
1665 923 2090 1004 superlativum
2138 942 2258 985 non
2304 923 2509 1007 habet,
2563 926 2666 987 sed
2725 945 2836 1007 pro
2883 927 2977 988 his
3025 930 3250 989 utimur

640 1028 918 1090 adverbio
965 1031 1151 1109 magis
1198 1038 1259 1091 et
1307 1032 1587 1113 maxime,
1633 1033 1819 1110 magis
1867 1030 2034 1093 rudis
2081 1038 2143 1092 et
2186 1033 2438 1091 maxime
2485 1031 2668 1093 rudis.
3275 1050 3304 1088 s

819 1132 1085 1198 ‘Recens
1131 1131 1280 1198 feci'
1326 1136 1607 1220 dicimuS,
1653 1157 1772 1200 non
1812 1147 2107 1214 recenter,
2154 1146 2391 1199 utentes
2438 1142 2676 1200 nomine
2722 1158 2833 1220 pro
2880 1140 3197 1203 adverbio:

811 1242 1145 1324 Rhythmus
1190 1263 1436 1327 graece,
1480 1244 1657 1306 latine
1704 1245 2043 1307 modulatio,
2117 1243 2446 1324 rhythmizo
2495 1246 2781 1310 modulor.

817 1349 1013 1431 Super
1058 1353 1421 1431 praepositio
1470 1352 1645 1413 modo
1691 1354 1937 1432 ponitur
1981 1370 2091 1431 pro
2137 1352 2237 1432 de,
2285 1359 2352 1412 ut
2396 1345 2616 1434 (Vero.
2664 1355 2811 1415 Aen.
2860 1356 2902 1415 I
2947 1348 3110 1438 750)

953 1457 1167 1519 multa
1215 1478 1435 1539 super
1479 1460 1759 1522 Priamo
1808 1461 2162 1539 rogitans,
2211 1477 2429 1539 super
2476 1458 2781 1522 Hectore
2828 1460 3072 1543 multa3

632 1562 808 1623 modo
868 1572 930 1624 et
989 1583 1099 1644 pro
1158 1568 1597 1645 praepositione
1656 1586 1793 1648 pro,
1854 1575 1922 1628 ut
1981 1559 2200 1649 (Vero.
2249 1568 2395 1626 Aen.
2453 1566 2522 1625 Χ
2577 1560 2694 1649 42)
2756 1562 2968 1646 ‘nihil
3030 1586 3252 1647 super
3282 1582 3334 1620 ιο

632 1672 935 1750 imperio
983 1667 1330 1754 moveor'3
1377 1680 1438 1733 et
1483 1692 1592 1753 pro
1639 1675 1886 1753 insuper
1931 1681 1993 1734 et
2036 1671 2314 1753 amplius»,
2361 1679 2429 1732 ut
2476 1665 2696 1755 (Vera.
2734 1676 2881 1735 Aen.
2931 1676 3009 1734 II
3051 1668 3161 1758 71)

952 1779 1064 1838 cui
1142 1790 1370 1858 neque
1445 1778 1624 1859 apud
1693 1778 1975 1840 Danaos
2040 1794 2336 1857 usquam
2412 1776 2616 1841 locus
2689 1787 2760 1840 et
2831 1799 3048 1862 super
3110 1783 3251 1861 ipsi

2224 1882 2288 1943 D.
2336 1885 2372 1943 i.
2418 1903 2475 1963 p.
2523 1903 2574 1946 c.
2621 1905 2668 1947 s,
2716 1881 2826 1968 p.';

633 1999 695 2051 et
737 2010 848 2071 pro
895 1992 1172 2075 desuper,
1227 2002 1292 2055 ut
1338 1987 1558 2076 (Verq.
1605 1995 1753 2055 Aen.
1817 1993 2013 2053 VIIII
2051 1983 2210 2073 168)
2259 1985 2464 2051 ‘haec
2511 2009 2729 2072 super
2776 2012 2809 2055 e
2857 1993 3039 2055 vallo
3086 2013 3252 2055 con·

630 2107 972 2178 spectant
1016 2095 1300 2182 Troes'3
1348 2107 1408 2160 et
1453 2119 1561 2180 pro
1611 2106 1913 2181 superest,
1958 2105 2027 2159 ut
2073 2092 2291 2181 (Vero.
2341 2098 2488 2157 Aen.
2552 2099 2713 2159 VIII
2749 2094 2905 2184 251)
3282 2112 3336 2152 1⁶

953 2205 1075 2267 ille
1122 2215 1386 2289 autem,
1432 2224 1661 2285 neque
1709 2208 1896 2271 enim
1942 2207 2106 2284 fuga
2152 2206 2287 2264 iam
2335 2221 2553 2283 super
2599 2204 2742 2266 ulla
2786 2207 3078 2288 pericii3

633 2311 934 2373 interdum
981 2322 1040 2374 et
1096 2312 1250 2375 ultra
1306 2314 1623 2396 significat,
1679 2321 1745 2374 ut
1800 2306 2019 2395 (Verq.
2070 2314 2216 2373 Aen.
2270 2311 2359 2370 VI
2402 2304 2563 2395 795)
2610 2307 2859 2392 ‘super
2928 2323 2998 2376 et
3042 2313 3253 2375 Gara·

638 2428 919 2480 mantas
964 2428 1036 2481 et
1082 2419 1293 2482 Indos
1336 2421 1666 2501 proferet
1710 2413 2138 2500 imperium'.
2181 2414 2190 2498 Ι

813 2524 937 2587 Sub
976 2529 1337 2607 praepositio
1375 2529 1667 2608 significat
1704 2526 1880 2588 modo
1921 2544 2126 2607 supra,
2164 2533 2230 2587 ut
2267 2518 2487 2607 (Vero.
2517 2526 2663 2586 Aen
2678 2517 2840 2586 XII
2866 2520 3033 2611 287)
3072 2522 3253 2588 ‘cor-

636 2651 810 2712 pora
838 2633 1028 2696 saltu
1057 2634 1475 2696 subiciunt
1458 2654 1528 2696 ιιι
1559 2628 1833 2716 equos',
1864 2633 1919 2694 id
1951 2641 2043 2694 est
2072 2651 2253 2713 supra
2280 2634 2528 2713 iaciunt3
2558 2631 2731 2693 modo
2752 2635 3255 2713 praepositionem
3283 2645 3340 2685 ²⁰

638 2741 727 2823 in,
774 2749 841 2803 ut
888 2733 1106 2825 (Vero.
1155 2745 1301 2804 Aen.
1352 2744 1394 2803 I
1432 2736 1594 2826 453)

954 2867 1253 2929 namque
1301 2849 1430 2910 sub
1477 2852 1759 2929 ingenti
1806 2848 2074 2910 lustrat
2119 2847 2610 2927 dum·singula
2658 2847 2955 2931 templo,

635 2954 694 3013 id
742 2962 834 3037 est
878 2957 938 3017 in
987 2956 1224 3036 templo.
1298 2957 1591 3036 significat
1647 2965 1707 3017 et
1762 2973 1974 3036 prope,
2030 2947 2366 3037 ut·(1'erq.
2412 2956 2562 3016 Aen.
2612 2956 2726 3016 III
2763 2950 2836 3038 5)
2883 2951 3254 3017 ‘classem-

635 3077 768 3139 que
818 3052 948 3121 sub
997 3063 1151 3142 ipsa
1200 3054 1620 3123 Antandro'.
1694 3062 1940 3140 ponitur
1987 3078 2104 3121 non
2154 3078 2475 3140 numquam
2524 3070 2585 3122 et
2629 3080 2738 3141 pro
2787 3061 2968 3144 clam,
3013 3070 3081 3123 ut
3117 3061 3254 3122 sub-

634 3167 846 3248 ripuit,
892 3166 951 3228 id
999 3176 1092 3228 est
1136 3168 1286 3228 clam
1334 3169 1547 3247 rapuit.
3282 3180 3337 3220 2⁵
3386 3196 3397 3203 ·

771 3306 792 3323 -
818 3272 1040 3335 Similis
1086 3293 1219 3336 sum
1266 3276 1353 3335 tui
1403 3271 1697 3354 moribus,
1745 3272 1954 3334 similis
2002 3272 2110 3334 tibi
2158 3275 2322 3334 facie.

817 3378 1025 3457 Studio
1082 3381 1173 3441 tui
1227 3381 1369 3461 feci,
1429 3380 1490 3441 id
1544 3388 1638 3441 est
1692 3378 1834 3465 dflum
1883 3357 2094 3441 studeo
2152 3378 2287 3461 tibi3
2345 3380 2542 3442 studio
2580 3374 2694 3443 'tuo
2741 3382 2888 3465 feci,
2947 3382 3007 3444 id
3058 3391 3151 3444 est
3196 3392 3256 3444 te

641 3485 936 3547 studente.
2772 3500 2799 3511 ‘

818 3591 1045 3654 Sartrix
1093 3593 1184 3653 vel
1241 3595 1460 3655 sertrix
1506 3602 1618 3656 est'
1657 3613 1808 3675 quae
1855 3596 2059 3676 sarcit,
2108 3596 2458 3655 sarcinatrix
2516 3614 2669 3674 quae
2723 3595 2988 3656 sarcinas
3045 3603 3258 3657 servat.

818 3697 1040 3778 Subigo
1087 3699 1321 3762 hostem
1367 3703 1665 3781 perfectae
1716 3702 1939 3763 formae
1987 3709 2103 3781 est,
2150 3699 2410 3781 subigito
2459 3702 2944 3782 frequentativae.
3286 3714 3341 3755 ³⁰

817 3804 1065 3867 Salubre
1113 3809 1186 3869 ad
1240 3808 1436 3871 locum
1483 3809 1746 3871 refertur
1793 3818 1856 3869 et
1910 3807 1980 3869 ad
2038 3806 2263 3889 cibum,
2328 3807 2585 3870 salutare
2634 3807 2947 3869 consilium
2994 3816 3103 3869 est.
3176 3810 3258 3869 ita

639 3911 874 3973 salubre
922 3931 1041 3975 non
1088 3925 1289 3996 nocet,
1335 3915 1590 3977 salutare
1636 3914 1898 3996 prodest.

820 4092 846 4139 1
886 4086 1069 4142 inlata.
1101 4087 1156 4142 L
1190 4087 1389 4143 innata.
1427 4088 1502 4141 M
1534 4087 1594 4141 in
1631 4089 1835 4141 natura
1871 4086 1927 4141 P
2063 4093 2095 4140 2
2133 4086 2323 4156 itaque
2361 4103 2462 4144 om.
2504 4087 2653 4154 MP,
2690 4087 2816 4142 add.
2849 4086 2946 4145 §L
3087 4104 3157 4143 ne
3194 4104 3255 4142 re

638 4166 988 4239 periclitetur
1024 4167 1081 4221 P
1175 4169 1442 4239 aptatur
1478 4167 1534 4220 P
1563 4168 1793 4258 optatur
1834 4166 1967 4220 ML
2108 4173 2144 4221 4
2179 4168 2391 4223 utimur
2425 4167 2694 4223 aduerbio
2732 4166 2912 4236 magis
2949 4166 3046 4224 s'L
3081 4166 3261 4221 utitur

640 4246 813 4303 uerbo
849 4245 1032 4318 magis
1071 4247 1145 4301 M
1178 4246 1351 4302 uerbo
1389 4246 1476 4301 his
1513 4246 1695 4316 magis
1732 4246 1784 4299 P
1929 4251 1995 4301 10
2032 4247 2198 4303 modo
2234 4265 2337 4317 pro
2375 4248 2519 4303 nihil
2555 4252 2622 4303 ιιι
2656 4246 2800 4302 nihil
2837 4262 3005 4317 super
3032 4276 3099 4286 —
3138 4261 3257 4300 am-

640 4326 790 4396 plius
829 4326 993 4382 modo
1041 4341 1147 4397 pro
1192 4325 1471 4395 positione
1518 4342 1622 4395 pro
1660 4342 1843 4395 neque
1882 4326 2031 4397 apud
2068 4357 2135 4367 —
2174 4326 2283 4404 ipsi
2320 4330 2384 4382 ut
2422 4326 2511 4383 cui
2551 4327 2606 4383 d.
2644 4326 2680 4380 i.
2718 4344 2772 4396 p.
2811 4342 2855 4380 c.
2894 4344 2934 4379 s.
2974 4344 3028 4396 p.
3067 4325 3124 4378 P
3212 4320 3217 4327 “

648 4411 712 4459 12
749 4423 930 4477 neque
960 4424 1088 4462 cum
1115 4404 1314 4462 danais
1351 4406 1403 4460 L
1509 4403 1617 4473 ipsi
1652 4405 1882 4474 ponitur
1910 4410 1969 4462 et
2003 4423 2106 4477 pro
2136 4407 2375 4478 desuper
2404 4412 2471 4464 ut
2504 4409 2649 4464 haec
2688 4406 2763 4459 M
2795 4405 2901 4475 ipsi
2938 4406 3006 4459 ιιι
3040 4405 3180 4459 haec
3206 4404 3259 4457 L

751 4492 818 4540 14
855 4490 1184 4556 conspectat
1218 4487 1277 4541 P
1395 4490 1460 4540 15
1501 4486 1560 4540 et
1594 4501 1696 4555 pro
1733 4504 1902 4556 super
1936 4490 2002 4542 ut
2038 4491 2126 4544 est
2160 4487 2304 4543 illud
2341 4489 2408 4542 ut
2442 4486 2544 4542 ille
2585 4486 2660 4541 M
2692 4487 2753 4540 et
2785 4500 2887 4553 pro
2926 4483 3164 4555 desuper
3201 4488 3263 4538 et

640 4567 894 4636 superest
927 4569 995 4622 ut
1028 4566 1129 4622 ille
1162 4566 1217 4621 L
1363 4573 1428 4621 16
1466 4565 1615 4621 enim
1651 4581 1751 4619 om.
1792 4566 1846 4619 L
1993 4574 2058 4623 18
2094 4567 2370 4638 proferret
2408 4565 2484 4620 Μ
2623 4570 2693 4619 20
2731 4563 2882 4619 saltu
2918 4579 3019 4620 om.
3063 4564 3138 4617 M

640 4647 700 4701 id
737 4649 824 4701 est
858 4645 1072 4701 iaciunt
1109 4646 1166 4700 P
1264 4647 1431 4701 modo
1469 4662 1570 4716 pro
1606 4648 2067 4716 praepositione
2050 4665 2108 4702 ιιι
2118 4646 2235 4704 §L
2344 4650 2414 4700 24
2451 4644 2786 4700 mantandro
2819 4644 2894 4697 M
2926 4643 2985 4697 in
3020 4644 3182 4697 antro
3210 4643 3269 4696 P

643 4730 909 4782 antenore
946 4726 999 4780 L
1106 4728 1166 4781 et
1200 4742 1303 4782 om.
1343 4725 1477 4780 ML
1603 4731 1669 4781 27
1709 4726 1896 4782 studio
1932 4726 2042 4799 tui]
2082 4724 2267 4780 studio
2306 4724 2410 4780 tibi
2448 4725 2589 4779 PM
2597 4726 2694 4782 Ls
2823 4722 3012 4778 studio
3047 4725 3146 4778 tuo
3189 4723 3265 4778 M

642 4805 841 4860 studeo
876 4808 975 4860 tuo
1008 4804 1064 4858 P
1093 4804 1279 4861 studio
1315 4805 1402 4860 tui
1430 4798 1463 4863 ἐ
1482 4804 1534 4857 L
1643 4810 1712 4860 29
1751 4806 1973 4877 sertrix]
2014 4803 2220 4860 sectrix
2248 4804 2304 4857 P
2404 4803 2737 4859 sarcinatrix
2766 4833 2832 4844 —
2862 4805 3051 4858 servat
3075 4818 3177 4857 om.
3209 4803 3263 4856 L

751 4891 816 4939 81
855 4884 930 4939 ad
965 4884 1152 4940 locum
1189 4916 1256 4926 —
1295 4884 1482 4940 cibum
1520 4900 1621 4940 om.
1658 4884 1713 4938 L
