3613 5528
1369 393 1468 449 DE
1507 392 2087 451 ORTHOGRAPHIA
2943 396 3025 459 15

420 508 464 544 p.
494 497 602 537 2253
628 496 676 534 P.

417 581 479 641 id
536 579 781 642 verbum
839 577 1219 641 scribendum
1276 588 1429 661 erat,
1493 582 1555 641 in
1614 599 1731 660 quo
1787 582 2050 642 retinere
2110 579 2220 640 hae
2285 579 2517 641 litterae
2573 598 2789 641 nomen
2855 597 3031 641 suum

418 696 689 766 possent,
735 686 999 766 singulae
1036 704 1147 766 pro
1184 684 1404 766 syllaba
1440 686 1886 770 scribebantur,
1931 696 2231 766 tamquam
2267 689 2412 748 satis
2447 668 2579 749 e'am
2622 689 2753 767 ipso
2789 688 3028 748 nomine

417 793 757 874 explerent,
799 802 869 856 ut
910 802 1055 874 puta
1101 794 1394 877 decimus,
1439 794 1477 855 d
1524 814 1632 875 per
1668 813 1733 856 se
1784 795 1998 856 deiude
2038 797 2255 875 cimus,
2301 798 2442 856 item
2490 813 2653 877 cera,
2701 813 2733 854 c
2780 793 3029 873 simplex

415 908 479 962 et
538 919 631 983 ra,
687 908 748 962 et
798 900 980 983 bene,
1034 900 1074 961 b
1132 909 1193 962 et
1246 920 1339 962 ne.
1439 904 1519 963 ita
1575 910 1637 964 et
1700 904 1976 982 quotiens
2042 901 2231 962 kanus
2287 910 2348 963 et
2408 902 2590 964 karus
2647 899 3027 961 scribendum

361 1024 388 1064 ⁵
417 1016 578 1091 erat,
625 1011 758 1088 quia
802 1009 1052 1088 singulis
1099 1007 1313 1071 litteris
1359 1012 1585 1090 primae
1636 1007 1889 1090 syllabae
1936 1008 2313 1090 notabantur,
2358 1009 2396 1069 k
2442 1012 2632 1089 prima
2678 1006 3029 1088 ponebatur,

418 1133 570 1195 quae
610 1135 717 1178 suo
756 1119 993 1177 nomine
1034 1135 1067 1176 a
1105 1115 1465 1198 continebat,
1512 1118 1676 1199 quia,
1723 1119 1775 1177 si
1822 1136 1855 1177 c
1901 1117 2261 1197 posuissent,
2308 1133 2493 1176 cenus
2539 1124 2600 1176 et
2645 1133 2822 1176 cerus
2870 1116 3026 1176 l'utu-

416 1240 553 1283 rum
593 1229 735 1304 erat,
780 1242 900 1284 non
939 1241 1124 1285 canus
1164 1232 1224 1286 et
1261 1242 1452 1286 carus,
1527 1244 1637 1304 ego
1676 1233 1875 1286 autem
1913 1223 2555 1302 contenderim··1nagis
2601 1239 3026 1301 supervacuam

417 1348 551 1391 esse
601 1349 634 1391 c
681 1349 853 1410 quam
899 1330 956 1405 k,
1004 1334 1283 1410 quonism
1329 1330 1396 1413 k,
1453 1340 1519 1392 ut
1574 1331 1729 1411 apud
1778 1330 2065 1411 GraecoS,
2123 1330 2265 1390 satis
2321 1331 2438 1389 vim
2494 1330 2670 1390 etiam
2717 1345 2749 1387 c
2798 1327 3028 1388 litterae

417 1438 733 1518 exprimat,
795 1438 899 1498 sed
947 1436 1233 1517 quosdam
1289 1438 1477 1517 figura
1523 1438 1834 1519 deceptoS‚
1884 1456 1998 1517 qua
2047 1455 2167 1497 non
2215 1436 2407 1498 solum
2454 1435 2609 1515 apud
2657 1453 2766 1495 nos
2823 1452 3029 1495 verum

336 1560 387 1599 ιο
414 1546 597 1606 etiam
655 1545 809 1625 apud
870 1547 1146 1625 antiquos
1205 1544 1567 1606 Graecorum
1624 1564 1662 1625 g
1719 1544 1916 1606 littera
1977 1543 2319 1623 notabatur,
2381 1552 2446 1605 ut.
2504 1549 2759 1603 testatur
2819 1541 3028 1601 foedus

418 1649 698 1711 Graeciae
744 1645 791 1730 †
837 1650 1060 1711 camelo
1114 1669 1291 1712 aereo
1338 1653 1399 1712 in
1446 1651 1636 1712 hortis
1680 1650 1949 1712 Caesaris
1998 1652 2057 1711 in
2106 1649 2249 1711 aede
2295 1649 2491 1711 Fortis
2538 1648 2835 1710 Fortunae
2883 1650 3027 1708 inci-

417 1775 569 1838 sum,
607 1756 708 1818 ubi
745 1775 855 1837 pro
884 1756 949 1817 Γ
976 1756 1123 1818 haec
1166 1760 1351 1819 l'orma
1389 1761 1578 1839 posita
1619 1767 1727 1841 est,
1763 1761 1906 1819 item
1937 1757 2046 1817 Xll
2083 1756 2336 1838 tabulae,
2373 1755 2477 1817 ubi
2515 1765 2607 1818 est
2643 1771 2719 1818 NI
2749 1769 3029 1817 PACVN'r

413 1881 524 1942 per
569 1862 720 1924 banc
765 1864 1035 1946 formam,
1089 1864 1249 1943 quod
1296 1864 1443 1925 male
1492 1864 1730 1944 quidam
1778 1884 1887 1944 per
1934 1883 1967 1923 c
2014 1865 2328 1925 enuntiant
2372 1857 2495 1945 (est
2537 1866 2695 1924 enim
2741 1864 3026 1943 praeteri-

416 1978 541 2030 tum
582 1972 709 2030 eius
754 1973 953 2050 pepigi
992 1989 1025 2030 a
1061 1990 1274 2053 pango,
1319 1981 1388 2033 ut
1425 1990 1465 2032 a
1512 1979 1689 2051 tango
1735 1972 1922 2053 tetigi,
1970 1989 2087 2031 non
2134 1972 2287 2050 paxi,
2333 1979 2400 2033 ut
2436 1989 2468 2031 a
2506 1972 2638 2032 dico
2686 1966 2852 2052 dixi),
2900 1989 3026 2031 cre-

338 2093 388 2133 15
416 2075 637 2138 didisse
691 2076 865 2137 nobis
912 2077 949 2137 k
1011 2078 1219 2139 deesse
1275 2088 1336 2141 et
1389 2079 1541 2140 hanc
1591 2079 1830 2158 quidem
1877 2078 1915 2138 k
1973 2079 2217 2158 dixisse,
2276 2085 2542 2139 ceterum
2598 2096 2707 2158 pro
2765 2096 2834 2137 ea
2888 2085 3025 2139 nota

417 2183 642 2244 adiecta
680 2203 712 2245 a
752 2183 970 2264 Spurio
1011 2183 1262 2247 Carvilio
1311 2204 1520 2247 novam
1567 2186 1816 2247 formam
1856 2198 1902 2247 G
1950 2185 2181 2247 litterae
2227 2187 2497 2265 positam.
2573 2203 2707 2245 nam
2744 2203 2863 2245 non
2903 2186 3043 2251 sue-.

416 2300 558 2352 runt
605 2299 722 2352 tam
770 2293 1014 2371 inperiti
1059 2295 1314 2374 antiqui,
1359 2301 1427 2354 ut
1473 2292 1511 2352 k
1560 2300 1885 2373 servarent,
1933 2295 1983 2353 si
2021 2291 2191 2353 aliam
2230 2292 2486 2353 litteram
2523 2292 2681 2353 idem
2720 2299 3027 2353 sonantem

414 2396 776 2460 habuissent.
844 2401 979 2477 quis
1026 2402 1183 2461 enim
1222 2399 1313 2461 vel
1351 2398 1583 2461 hebetis
1621 2381 2121 2460 animi'sonorum
2160 2398 2606 2460 similitudinem
2645 2401 2868 2460 sentire
2908 2418 3026 2460 non

414 2500 647 2584 possit?
738 2519 781 2577 Q
842 2503 1039 2566 littera
1094 2525 1280 2587 seque
1338 2513 1569 2568 retenta
1628 2513 1722 2566 est
1773 2513 2021 2585 propter
2087 2513 2282 2588 notas,
2338 2505 2495 2585 quod
2551 2524 2660 2585 per
2716 2525 2781 2566 se
2835 2509 3027 2586 posita

596 2717 659 2766 19
700 2711 745 2778 Q
782 2711 977 2769 littera
1010 2731 1069 2783 p.
1110 2720 1198 2783 18,
1236 2721 1286 2771 4.
1326 2721 1421 2784 27,
1458 2721 1535 2771 18

557 2915 587 2962 3
626 2908 861 2965 dicimus
899 2910 937 2964 d
971 2927 1074 2981 per
1101 2928 1159 2966 se
1186 2912 1335 2966 deim
1374 2910 1611 2965 dicimus
1647 2911 1701 2963 P
1734 2909 1972 2964 dicimus
2011 2910 2047 2963 d
2083 2927 2186 2979 per
2213 2928 2272 2967 se
2308 2912 2388 2966 im
2424 2911 2662 2967 dicimus
2700 2912 2755 2965 B
2794 2911 3028 2967 dicimus

416 3005 514 3058 per
547 2989 585 3044 d
621 2990 830 3045 sedcim
868 2990 1084 3048 dcimus
1123 2987 1166 3044 ὼ
1205 2991 1467 3046 Decimus
1503 2990 1541 3044 d
1576 3009 1677 3061 per
1714 3008 1775 3046 se
1810 2992 1890 3046 im
1928 2988 2162 3044 dicimus
2203 2991 2525 3058 Putschius,
2573 2992 2821 3048 decimus
2859 2993 2897 3047 d
2930 3010 3031 3064 per

416 3086 474 3123 se
510 3068 637 3124 inde
676 3069 852 3124 cimus
888 3069 1185 3140 Scioppius
1221 3088 1446 3141 yramm.
1478 3072 1676 3139 philos.
1708 3089 1769 3141 p.
1811 3077 1919 3125 163
1958 3075 2009 3123 et
2047 3068 2270 3125 Vossius
2306 3070 2613 3126 Aristarch.
2665 3074 2708 3125 I
2740 3077 2812 3127 17
2840 3090 2903 3141 p.
2935 3078 3027 3140 78,

417 3148 661 3205 decimus
696 3168 797 3221 per
834 3150 871 3204 d
908 3152 971 3205 et
1006 3150 1182 3207 cimus
1220 3152 1582 3209 Schneider-us
1617 3169 1843 3222 gramm.
1883 3152 1978 3205 lat.
2016 3166 2065 3203 v.
2107 3150 2149 3201 I
2173 3167 2236 3218 p.
2275 3155 2390 3205 293
2535 3152 2686 3222 cera]
2727 3169 2822 3206 cra
2860 3172 2902 3205 ω

415 3234 449 3283 4
485 3230 544 3284 et
576 3230 718 3286 bene
753 3230 793 3285 b
832 3232 890 3285 et
925 3247 996 3285 ne
1029 3231 1085 3284 P
1118 3233 1178 3286 et
1213 3231 1355 3287 bene
1393 3236 1451 3288 et
1485 3234 1555 3289 be
1593 3237 1651 3288 et
1686 3250 1756 3288 ne
1792 3233 1849 3286 Β
1886 3232 1946 3287 et
1981 3228 2088 3283 bne
2123 3229 2162 3283 b
2200 3232 2259 3284 et
2291 3249 2330 3283 n
2367 3251 2410 3284 ω
2545 3231 2725 3286 kanus
2754 3233 2811 3285 et
2836 3232 3026 3303 karus]

1916 3324 1944 3351 Ο

414 3361 554 3418 lmus
592 3365 651 3418 et
685 3363 820 3418 krus
857 3385 900 3418 ω
1091 3369 1122 3418 5
1162 3364 1295 3434 quia,
1333 3386 1375 3419 ω
1413 3383 1526 3433 qua
1561 3366 1616 3419 B
1633 3366 1689 3419 P
1879 3362 2221 3418 nutabantur
2256 3363 2312 3416 B
2490 3364 2804 3433 ponabatur
2844 3365 2900 3418 P

415 3448 445 3495 9
480 3444 711 3509 fortasse
747 3445 928 3514 figura
964 3444 1005 3497 C
1044 3443 1308 3514 deceptos
1455 3451 1520 3498 10
1558 3463 1596 3515 g
1633 3445 1824 3499 littera.
1861 3443 2224 3499 Schneiderus
2258 3461 2484 3514 yramm.
2524 3445 2619 3499 lat.
2656 3461 2705 3498 v.
2738 3446 2780 3497 I
2804 3462 2866 3513 p.
2896 3449 3028 3509 294,

413 3521 550 3578 haec
585 3523 777 3578 littera
812 3524 911 3576 Pm
953 3524 1091 3578 haec
1128 3523 1182 3577 .1.
1220 3524 1276 3577 Β
1430 3525 1626 3580 foedus
1663 3523 1877 3594 gretiae
1912 3523 1967 3576 Β
2004 3522 2164 3577 fedus
2201 3523 2458 3593 graeciae
2499 3523 2555 3576 P
2681 3530 2774 3578 ⁴11
2815 3527 3028 3582 camelo

413 3603 600 3675 aereo]
637 3604 868 3670 fortasse
905 3603 1198 3659 columnae
1236 3621 1442 3660 aeneae
1585 3605 1643 3659 in
1674 3603 1837 3674 aede]
1875 3602 1991 3657 id'a.
2015 3603 2070 3656 Β
2107 3602 2166 3657 id
2205 3609 2290 3659 est
2325 3621 2360 3659 a
2392 3604 2449 3656 P
2472 3603 2601 3658 aedi
2628 3623 2671 3657 ω
2819 3611 2883 3658 12
2922 3623 3025 3674 pro

416 3684 468 3734 Γ
497 3682 658 3754 baec]
699 3699 799 3752 pro
838 3700 887 3739 0.
926 3701 979 3752 p.
1018 3683 1157 3738 haec
1194 3685 1331 3752 BP,
1368 3687 1462 3740 secl
1496 3689 1773 3755 expuncta
1808 3684 1873 3736 in
1906 3683 1962 3736 Β
2000 3700 2032 3737 o
2071 3684 2280 3749 littera,
2320 3699 2423 3753 pro
2461 3686 2625 3752 porta
2659 3684 2800 3739 haec
2837 3705 2880 3738 ω

412 3760 600 3830 posita
645 3762 719 3816 sit
762 3763 941 3817 ΒΡω
1140 3764 1245 3818 XII
1290 3765 1545 3836 tabulae]
1592 3767 1688 3834 leq.
1732 3763 1880 3816 XII
1923 3762 2032 3816 tab.
2079 3764 2172 3817 rel.
2213 3763 2291 3819 ed.
2333 3762 2541 3817 Schoelz
2578 3780 2639 3832 p.
2677 3769 2787 3818 118
2964 3763 3024 3818 ni

413 3845 630 3912 pagunt
672 3843 728 3896 Β
746 3843 871 3899 Ρω.
928 3845 987 3898 ni
1032 3848 1244 3915 pacunt
1285 3847 1630 3901 scribendum
1675 3860 1784 3899 esse
1827 3843 1970 3896 vidit
2015 3844 2089 3897 E.
2129 3845 2182 3897 Ι.
2221 3845 2293 3899 Α.
2333 3843 2613 3913 Seyfertus
2657 3862 2882 3913 yramm.
2930 3846 3028 3900 lat.

410 3939 458 3976 v.
499 3924 542 3976 I
567 3940 627 3991 p.
665 3928 737 3977 54
937 3931 1004 3978 13
1042 3926 1191 3981 male
1228 3927 1457 3995 qnidam
1501 3926 1608 3979 Ρω
1646 3923 1861 3978 multae
1900 3924 2126 3991 quidem
2164 3924 2220 3977 Β
2397 3939 2500 3991 per
2537 3938 2567 3976 c
2605 3924 2901 3978 enuntiant
2937 3927 3024 3979 est

412 4003 558 4057 enim
608 4004 991 4073 praepositum
1043 4005 1162 4060 eius
1213 4026 1257 4059 ω
1306 4022 1409 4076 per
1458 4023 1488 4061 c
1537 4005 1867 4060 nunciantes
1918 4003 2294 4072 (nunctiantes
2349 4002 2424 4071 P)
2478 4001 2626 4056 enim
2676 4002 3024 4072 prepositum

2019 4098 2048 4125 8

414 4136 529 4190 eius
572 4137 698 4190 BP
875 4143 942 4191 14
989 4155 1026 4192 a
1070 4143 1196 4193 ante
1242 4142 1417 4209 tango
1453 4155 1555 4196 om.
1592 4140 1767 4194 BPm
1949 4142 2015 4193 ut
2050 4138 2174 4193 dico
2212 4137 2268 4190 Β
2448 4134 2749 4190 credidisse
2787 4133 2949 4188 nobis
2989 4152 3024 4203 p

416 4216 610 4272 deesse
647 4220 705 4272 et
740 4218 884 4272 hanc
921 4218 1149 4286 quidem
1188 4236 1224 4289 p
1263 4219 1468 4275 dixisse
1505 4221 1630 4274 BP
1664 4220 1876 4276 credidi
1914 4235 2082 4287 saepe
2118 4217 2277 4272 nobis
2313 4234 2351 4285 p
2399 4215 2590 4270 deesse
2627 4217 2686 4269 et
2721 4216 2865 4269 hanc
2901 4216 3024 4283 qui—

417 4295 539 4351 dem
578 4315 615 4366 p
652 4296 899 4366 (quidem
937 4297 973 4351 b
1016 4297 1333 4368 Putschius)
1371 4299 1577 4355 dixisse
1624 4320 1667 4353 ω
1706 4306 1757 4354 et
1794 4301 2094 4355 Putschius
2273 4304 2376 4351 —16
2424 4295 2702 4350 adiectam
2747 4312 2783 4350 a
2820 4295 3024 4364 Spurio

415 4376 664 4432 Can-utic
699 4394 844 4433 nove
880 4377 1117 4431 formam
1154 4377 1203 4432 G
1245 4378 1471 4434 litterae
1519 4380 1901 4451 praepositam
1941 4381 2219 4452 Seyfertus
2274 4382 2308 4434 l.
2347 4395 2391 4432 c.
2598 4375 2864 4445 Carvilio]
2905 4391 3025 4428 cor-

416 4456 557 4511 rutio
602 4474 737 4513 corr.
785 4457 1031 4511 cai-tutio
1075 4457 1131 4510 Β
1179 4459 1419 4513 caruttio
1470 4458 1526 4511 P
1568 4459 1795 4515 Garutio
1843 4480 1911 4513 m:
1960 4463 2195 4517 correxit
2241 4457 2600 4513 Schneider-us
2647 4471 2871 4524 qramm.
2926 4456 3020 4508 lat.

416 4551 462 4589 v.
483 4538 525 4589 I
551 4543 742 4604 p.270
779 4537 897 4591 coll.
931 4537 1217 4592 Plutarch.
1258 4543 1463 4607 quaest.
1490 4539 1649 4596 Rom.
1680 4544 1752 4594 54
1878 4557 2082 4596 nouam
2122 4540 2358 4594 formam
2386 4535 2435 4590 G
2470 4534 2696 4589 litterae
2734 4535 2781 4602 (s
2816 4534 3018 4590 literae

420 4618 482 4684 ω)
516 4618 890 4688 praepositam
922 4617 1031 4670 Ρω
1059 4634 1202 4673 noue
1238 4619 1475 4673 formam
1506 4635 1546 4687 g
1579 4618 1803 4674 litt-erae
1830 4619 2211 4690 praeposit-am
2247 4616 2303 4670 B
2330 4620 2381 4670 et
2411 4615 2710 4668 Putschius
2856 4620 2920 4667 17
2959 4618 3024 4669 ut

416 4710 513 4750 om.
548 4696 695 4763 BP,
731 4699 859 4754 add.
899 4717 943 4751 ω
1127 4703 1191 4751 18
1228 4699 1319 4754 vel
1356 4715 1457 4754 om.
1494 4698 1568 4765 B,
1604 4700 1732 4755 add.
1776 4700 1886 4754 Ρω
2085 4697 2258 4752 animi
2295 4712 2556 4750 sonorum
2590 4694 2646 4747 Β
2684 4693 2888 4749 animis
2927 4713 3020 4749 an-

420 4782 706 4841 missornm
745 4788 801 4841 P
833 4786 1008 4841 animi
1044 4802 1233 4842 eorum
1271 4808 1315 4841 ω
1463 4793 1529 4842 19
1566 4805 1747 4858 aeque
1771 4791 1994 4844 retenta
2020 4790 2108 4843 est
2139 4787 2245 4841 Pm
2284 4801 2460 4854 aeque
2497 4784 2817 4852 quaerenda
2853 4785 2940 4838 est
2965 4784 3021 4838 B

522 4866 724 4939 posita]
762 4869 941 4938 possit
975 4888 1011 4925 a
1049 4870 1105 4923 P
