3613 5528
1317 418 1417 473 DE
1455 416 2039 474 ORTHOGRAPHIA
2067 430 2074 437 ⁴
2549 414 2564 423 '
2893 418 2982 483 59

378 532 423 569 p.
449 520 558 561 sm
584 519 633 559 P.

380 604 476 666 cul
518 603 699 665 dubio
746 603 892 666 haec
939 604 1158 686 syllaba
1203 603 1376 684 longa
1422 611 1608 686 esset,
1663 604 1945 682 quoniam
1989 620 2312 681 numquam
2369 603 2519 665 duae
2568 603 2802 666 vocales
2847 621 2984 664 con-

379 714 649 793 veniunt,
706 714 822 774 nisi
866 719 933 774 ut
978 712 1213 793 longam
1260 711 1539 793 syllabam
1595 711 1828 772 faciant.
1919 709 2078 770 unde
2125 717 2186 771 et
2230 712 2292 770 in
2340 728 2494 790 equo
2539 730 2575 770 v
2620 728 2730 790 pro
2777 728 2986 771 conso-

378 827 551 878 nante
603 820 795 898 posita
852 821 991 899 erit3
1058 826 1117 879 et
1172 817 1417 879 auribus
1484 818 1724 897 quidem
1794 816 2127 878 sufficiebat
2181 825 2250 878 ut
2303 835 2494 897 equus
2548 835 2656 897 per
2713 834 2896 877 unum
2951 835 2986 875 v

378 925 761 1007 scriberetur,
807 928 959 988 ratio
1007 934 1203 987 tamen
1252 924 1370 986 duo
1409 927 1606 1005 exigit.
1689 942 1826 986 nam
1873 942 2010 985 cum
2057 926 2136 984 sit
2179 924 2451 1003 genetivo
2498 941 2640 985 casu
2687 924 2843 1004 equi,
2888 921 2985 982 da·

266 1086 275 1091 .
324 1054 350 1095 5
378 1034 493 1092 tivo
541 1051 723 1115 equo,
782 1041 957 1112 atque
1007 1034 1326 1093 novissima
1368 1032 1587 1093 vocalis
1633 1030 2045 1092 declinationis
2101 1029 2495 1090 differentiam
2547 1030 2721 1090 saciat
2763 1027 2985 1089 nullam

377 1140 763 1201 mutationem
808 1137 1238 1218 recipientibus
1285 1136 1767 1219 consonantibuS,
1814 1137 2222 1197 necessarium
2268 1142 2361 1196 est
2405 1142 2474 1196 ut
2511 1153 2702 1214 equus
2747 1153 2985 1214 quoque

376 1243 591 1305 salvam
637 1244 850 1307 habeat
896 1252 1323 1306 consonantem
1369 1262 1520 1323 quae
1568 1250 1660 1305 est
1705 1245 1767 1304 in
1815 1260 1970 1321 equo
2019 1249 2080 1303 et
2113 1249 2319 1321 postea
2366 1240 2524 1303 aliud
2564 1260 2596 1300 v
2644 1239 2874 1322 habeat,
2919 1247 2988 1301 ut

376 1349 684 1432 adsumpta
719 1354 741 1412 i
778 1352 953 1414 saciat
990 1352 1418 1413 nominativum
1454 1350 1758 1431 pluralem.
1834 1347 2356 1410 animadvertimus
2391 1356 2588 1409 tamen
2633 1345 2986 1427 quibusdam

374 1457 643 1537 partibus
689 1460 976 1521 orationis
1021 1477 1055 1516 v
1102 1456 1360 1518 litteram
1409 1458 1617 1519 vitiose
1663 1458 1975 1535 insertam,
2034 1462 2102 1515 ut
2145 1456 2208 1515 in
2256 1473 2328 1515 eo
2374 1454 2533 1534 quod
2580 1461 2672 1516 est
2726 1470 2986 1533 urguere

299 1588 349 1628 ιο
375 1572 435 1626 et
478 1583 771 1642 unauere.
863 1567 1062 1644 itaque
1120 1566 1292 1626 testis
1337 1566 1399 1624 in
1456 1570 1712 1640 utroque
1759 1560 2078 1691 Vergilius,
2134 1563 2237 1640 qui
2289 1563 2370 1622 ait
2427 1558 2808 1641 ‘quibusve
2863 1579 2978 1622 ur-

376 1679 646 1750 gentur
692 1666 976 1751 poenis'
1024 1672 1152 1732 sine
1192 1689 1245 1752 v,
1290 1671 1433 1730 item

696 1796 967 1857 ungere
1014 1776 1157 1839 tela
1204 1794 1411 1837 manu
1458 1776 1880 1854 ferrumque
1927 1792 2204 1835 armare
2250 1793 2542 1836 veneno.

375 1902 510 1945 nam
558 1902 676 1963 quo
736 1886 934 1946 minus
989 1903 1191 1964 unguo
1248 1882 1460 1944 debeat
1504 1882 1623 1943 dici
1678 1891 1925 1963 apparet
1969 1900 2041 1943 ex
2088 1901 2188 1965 eo,
2243 1882 2402 1962 quod
2458 1881 2686 1944 nullum
2743 1881 2993 1943 verbum

379 2000 468 2053 est
522 2009 594 2052 vo
649 1994 1034 2054 terminatum
1088 1994 1210 2052 sive
1269 1993 1522 2052 iunctim
1577 1993 1704 2051 sive
1759 1988 1951 2051 solute
2007 1997 2074 2063 ut
2129 2008 2248 2051 non
2305 1988 2551 2050 eandem
2597 2008 2633 2047 v
2680 1997 2876 2051 servet
2930 1991 2991 2049 in

302 2121 349 2161 ιε»
378 2101 717 2179 praeterito,
761 2107 830 2161 ut
876 2099 1041 2160 volvo
1090 2097 1268 2180 volvi,
1306 2115 1452 2158 eruo
1502 2099 1649 2157 erui.
1724 2104 1784 2157 at
1829 2114 1989 2174 ungo
2035 2099 2179 2157 unxi
2225 2096 2383 2177 facit,
2429 2114 2547 2176 quo
2595 2096 2769 2157 modo
2807 2097 2985 2175 pingo

378 2206 568 2285 pinxi,
626 2205 782 2284 fingo
838 2207 995 2267 finxi.
1089 2214 1151 2267 et
1196 2213 1391 2266 tamen
1446 2205 1509 2264 in
1557 2203 1794 2263 nomine
1853 2202 2010 2281 quod
2065 2202 2204 2264 hinc
2260 2203 2503 2282 fingitur
2558 2203 2644 2263 sic
2698 2204 2991 2263 insertum

381 2329 591 2372 rursus
635 2331 676 2374 ιι
724 2314 1091 2394 agnoscitur,
1136 2320 1204 2373 ut
1250 2310 1420 2372 evelli
1467 2327 1588 2370 non
1632 2309 1847 2388 possit,
1893 2316 1963 2369 ut
2007 2306 2160 2387 apud
2219 2309 2477 2370 eundem
2519 2288 2845 2388 Vergilium
2891 2303 2994 2368 ‘et

380 2419 669 2498 pinguis
707 2420 1027 2498 unguine
1066 2413 1323 2499 ceras';
1369 2424 1432 2478 et
1469 2419 1530 2477 in
1570 2413 2001 2475 consuetudine
2041 2422 2366 2494 usurpatur
2400 2422 2787 2495 unguentum.
2836 2413 2992 2475 idem

386 2524 599 2585 accidit
642 2532 704 2585 et
748 2510 812 2585 in
857 2525 1075 2609 hircis,
1130 2543 1280 2605 quos
1328 2523 1557 2601 antiqui
1601 2520 1850 2601 hirquos
1896 2520 2187 2583 dicebant.
2278 2539 2415 2583 nam
2462 2523 2728 2601 quamvis
2774 2539 2885 2583 nos
2930 2523 2992 2582 in

562 2685 742 2741 Codex
779 2686 1075 2743 Parrhasii
1169 2692 1201 2741 2
1240 2687 1299 2741 in
1337 2701 1518 2754 aequo
1556 2701 1592 2738 ιι
1629 2701 1732 2754 pro
1770 2684 2099 2739 consonanti
2276 2691 2312 2739 4
2348 2684 2566 2757 dativo]
2605 2684 2732 2739 dem
2771 2683 2820 2739 Ο
2851 2700 2987 2739 corr.

384 2818 571 2874 dativo
610 2836 640 2874 c
783 2824 816 2874 5
853 2836 999 2888 equo
1031 2771 1180 2890 ¹gque
1217 2818 1520 2876 nouissimo
1551 2818 1601 2873 C'
1611 2836 1623 2872 :
1662 2820 1725 2872 at
1759 2833 2028 2887 superscr.
2066 2835 2095 2873 c
2238 2817 2554 2873 differentia
2699 2823 2729 2872 7
2767 2815 2991 2888 postea]

382 2941 559 3022 primo
686 2957 718 3005 8
758 2952 1122 3026 quibusdam]
1160 2953 1364 3024 quibus
1491 2960 1524 3007 9
1563 2953 1716 3023 quod
1754 2947 1840 3006 est
1874 2910 2107 3022 {rguere
2141 2952 2335 3022 itaque
2374 2952 2441 3008 0:
2479 2970 2519 3007 u
2552 2965 2818 3021 merser.
2856 2965 2886 3004 c

386 3091 450 3139 10
487 3084 757 3153 quibusue
788 3044 1095 3157 {rguentur
1133 3087 1199 3142 C':
1236 3105 1275 3140 ιι
1311 3101 1577 3156 super-ser.
1617 3102 1646 3139 c
1800 3091 1865 3139 13
1913 3101 2044 3140 nam
2082 3084 2390 3142 comminus
2426 3099 2614 3155 unguo
2772 3081 2992 3137 nullum

382 3165 611 3221 uerbum
659 3183 730 3221 uo
778 3164 1143 3221 terminatum
1192 3166 1312 3221 siue
1357 3165 1604 3221 solutum
1649 3179 1761 3219 non
1806 3164 2042 3219 eandem
2086 3183 2125 3218 u
2171 3180 2394 3219 seruare
2436 3163 2500 3218 in
2544 3162 2849 3235 praeterito

385 3254 449 3302 15
486 3250 547 3302 at
582 3245 758 3318 ungo]
796 3247 857 3301 et
890 3244 1061 3315 ungo'
1151 3252 1216 3301 17
1253 3264 1440 3302 rursus
1467 3246 1559 3302 uel
1588 3243 1878 3316 agnositur
1989 3249 2053 3298 18
2092 3246 2151 3299 et
2180 3243 2578 3300 consuetudine
2690 3249 2754 3298 19
2794 3257 2991 3311 quam-

382 3379 467 3435 uis
502 3397 604 3435 nos
638 3339 763 3435 1ιῖἓὲ
801 3378 1032 3449 hirquos
1070 3378 1265 3435 littera
1301 3398 1440 3436 non:
1470 3381 1660 3451 prima
1696 3397 1869 3436 manu
1903 3393 2169 3448 superse-r.
2208 3393 2318 3431 uno

558 3527 591 3575 5
629 3524 799 3591 atque
833 3520 1138 3577 nouissimo
1175 3522 1389 3579 vocalis
1427 3522 1817 3578 declinationis
1853 3519 2168 3590 differentia
2210 3521 2385 3577 faeiat
2428 3521 2485 3575 R
2667 3526 2697 3575 7
2753 3534 2898 3588 quae
2933 3516 2993 3572 in

381 3618 559 3671 aequo
588 3602 647 3656 et
670 3599 855 3671 primo
882 3600 1026 3656 illud
1051 3622 1090 3657 u
1116 3604 1325 3660 habeat
1349 3604 1406 3658 R
1558 3607 1591 3657 8
1629 3600 2125 3657 animadvertimus
2153 3631 2219 3641 —-
2243 3607 2309 3656 18
2345 3602 2694 3672 unguentum
2711 3616 2773 3668 p.
2804 3604 2898 3666 67,
2914 3604 2987 3655 15

382 3682 727 3752 Papia-ianus
761 3683 915 3750 apud
952 3682 1361 3740 Cassiodorium
1389 3701 1451 3754 p.
1480 3687 1638 3740 2295
1782 3679 2118 3750 quibusdam
2154 3680 2433 3752 partibus]
2471 3698 2509 3734 v
2544 3679 2740 3735 littera
2775 3679 2835 3734 in
2871 3679 2993 3748 qui·

383 3762 614 3817 busdam
651 3760 908 3831 partibus
944 3761 1212 3817 orationis
1250 3761 1453 3818 vitiose
1488 3759 1752 3816 inseritur
1792 3760 2144 3830 Papirianae
2322 3765 2354 3813 9
2400 3762 2467 3815 ut
2508 3759 2569 3813 in
2607 3775 2673 3815 eo
2709 3758 2859 3828 quod
2909 3762 2996 3815 est

383 3858 647 3913 urguere:
684 3842 877 3912 itaque
913 3841 1075 3895 testis
1110 3840 1171 3895 in
1199 3844 1436 3912 utroque
1464 3838 1762 3910 Virgilius,
1801 3839 1901 3908 qui
1935 3840 2019 3894 ait
2055 3839 2327 3910 quibusve
2355 3839 2663 3909 urguentur
2698 3837 2894 3908 poenis
2919 3838 2990 3893 R.

381 3938 628 3993 unguere
666 3921 977 3977 addendum
1011 3936 1118 3975 esse
1148 3926 1274 3989 post
1308 3936 1544 3991 urguere
1580 3922 1838 3976 viderunt
1866 3921 2076 3974 lamias
2111 3925 2161 3974 et
2185 3919 2592 3975 Brambachius
2627 3921 2860 3989 orthoyr.
2893 3921 2992 3975 lat.

379 4018 433 4070 p.
471 4006 589 4057 128
752 4006 819 4055 10
856 3999 1156 4072 quibusve]
1206 4001 1362 4072 Verq.
1399 4000 1537 4056 Aen.
1588 4001 1682 4055 VI
1715 4006 1828 4056 560
2009 4006 2075 4054 12
2113 3999 2345 4069 ungere]
2396 3998 2551 4069 Very.
2589 3999 2728 4054 Aen.
2779 3999 2998 4054 VIIII

384 4085 493 4136 770
639 4087 704 4135 13
742 4097 872 4135 nam
910 4097 1009 4134 cur
1043 4081 1229 4137 minus
1266 4097 1454 4152 unguo
1492 4080 1698 4135 debeat
1734 4079 1875 4149 diei,
1925 4081 2161 4149 apparet
2198 4094 2264 4133 ex
2302 4094 2395 4147 eo,
2433 4079 2584 4148 quod
2619 4077 2836 4133 nullum
2873 4096 2994 4134 ver-

380 4159 517 4214 bum
554 4178 623 4214 .u.
662 4175 712 4215 o.
748 4158 1138 4230 terminatum,
1185 4161 1303 4217 siue
1348 4161 1622 4227 solutum,
1668 4176 1780 4215 non
1829 4159 2064 4215 eandem
2109 4176 2147 4211 u
2183 4174 2408 4214 seruare
2457 4157 2520 4212 in
2561 4158 2894 4230 praeterito,
2930 4160 2996 4212 ut

380 4239 514 4296 uolo
550 4240 730 4307 uolui,
769 4257 903 4296 eruo
924 4237 1085 4312 erui,
1123 4243 1183 4298 et
1217 4260 1367 4314 ungo
1403 4240 1538 4296 unxi
1574 4240 1716 4297 facit
1749 4241 1832 4309 R,
1877 4255 2009 4294 nam
2057 4236 2352 4306 quominus
2397 4237 2586 4307 u'nguo
2632 4236 2839 4292 debeat
2881 4236 2994 4292 diei

383 4319 672 4374 evidenter
696 4323 932 4389 apparet
968 4322 1102 4392 quia
1128 4322 1345 4376 nullum
1373 4322 1606 4376 verbum
1633 4323 1722 4376 est
1748 4337 1820 4377 vo
1849 4319 2209 4378 terminatum
2239 4316 2357 4373 sive
2383 4317 2618 4373 iunctim
2646 4316 2763 4372 sive
2793 4317 2993 4384 solute,

384 4404 446 4455 ut
480 4416 591 4456 non
631 4401 866 4455 eandem
904 4420 940 4457 v
977 4404 1162 4459 servet
1199 4403 1259 4457 in
1294 4400 1629 4472 praeterito,
1665 4402 1730 4455 nt
1766 4400 1934 4456 volvo
1971 4398 2152 4469 volvi,
2190 4413 2324 4453 eruo
2351 4397 2486 4453 erui.
2540 4413 2691 4466 ungo
2719 4411 2852 4452 vero
2878 4412 2993 4450 non

381 4479 583 4550 ungui,
621 4480 720 4534 sed
756 4483 891 4537 unxi
926 4482 1067 4539 facit
1102 4483 1449 4552 Papirianae
1627 4479 1845 4535 nullum
1880 4479 2113 4534 verbum
2149 4492 2219 4532 vo
2255 4477 2617 4532 terminatum
2653 4475 2729 4530 sit
2762 4474 2993 4531 solitum

382 4577 494 4616 non
529 4559 768 4616 eandem
803 4579 842 4616 u
876 4577 1097 4617 seruare
1132 4562 1192 4617 in
1227 4559 1537 4633 praeterito
1577 4561 1876 4615 Putschius
2057 4565 2120 4614 15
2167 4560 2230 4614 at
2273 4575 2422 4628 ungo
2462 4555 2848 4622 Comminus,
2893 4557 2993 4610 sed

383 4655 535 4709 ungo
567 4640 975 4697 Brambachius
1146 4648 1213 4696 17
1261 4657 1451 4695 rursus
1498 4639 1591 4693 uel
1638 4638 1964 4710 agnoscitur
1998 4640 2079 4707 R,
2133 4654 2322 4693 rursus
2359 4655 2397 4690 u
2434 4634 2757 4705 agnoscitur
2790 4637 2994 4693 Bram-

383 4718 611 4774 bachius
780 4721 839 4774 et
870 4720 1120 4792 pinguis]
1170 4721 1327 4791 Ver-9.
1362 4736 1540 4789 yeory.
1580 4720 1706 4773 III
1738 4723 1851 4775 450
2032 4726 2099 4774 18
2137 4717 2248 4773 Sed
2285 4714 2686 4771 consuetudine
2721 4714 2804 4786 R,
2842 4718 2902 4772 et
2934 4717 2995 4772 in

385 4798 787 4855 consuetudine
827 4800 1177 4868 Papio-ianus
1332 4806 1396 4855 19
1434 4814 1564 4853 nam
1602 4798 1861 4867 quamuis
1894 4815 1996 4854 nos
2032 4797 2093 4851 in
2126 4811 2238 4850 uno
2274 4793 2504 4863 hirquos
2542 4793 2791 4850 litteram
2827 4795 2849 4850 i
2883 4812 2995 4851 non

384 4880 811 4949 interponamus
849 4879 921 4948 R,
958 4881 1057 4936 ubi
1091 4898 1192 4936 nos
1229 4882 1412 4937 omisit
1449 4878 1828 4947 Commelinus,
1862 4878 1921 4934 in
1949 4894 2061 4934 uno
2099 4876 2282 4932 hircos
2319 4873 2570 4931 litteram
2606 4891 2643 4928 u
2678 4891 2791 4930 non
2827 4873 2996 4930 inter-
