3613 5528
1338 439 1436 494 DE
1475 438 2058 495 ORTHOGRAPHIA
2683 447 2697 464 ·
2874 436 3002 501 207

393 553 437 588 p.
467 540 584 580 ssia.
614 541 662 578 19
690 539 737 578 P.

573 622 718 684 Cum
757 625 1117 702 praepositio
1155 641 1265 702 per
1303 641 1335 682 c
1374 623 1686 714 scribenda
1725 631 1844 705 est3
1890 641 2075 702 quum
2112 619 2457 684 adverbium
2497 626 2810 704 temporis,
2846 623 3006 702 quod

394 731 681 808 significat
718 729 984 812 quando,
1022 749 1130 810 per
1168 749 1206 810 q
1243 730 1626 792 scribendum
1666 740 1758 792 est
1794 731 2172 791 discretionis
2209 747 2413 811 causa,
2451 738 2519 791 ut
2554 731 2709 811 apud
2748 729 3005 792 Ennium

707 856 863 898 cum
908 836 1323 917 legionibus
1372 857 1581 916 quum
1630 839 2147 917 proficiscitur
2193 836 2685 915 induperator.
2914 834 2931 850 “

564 944 864 1024 Cuiusque
914 963 1032 1005 non
1077 963 1187 1024 per
1224 964 1257 1005 c
1306 943 1612 1023 scribitur,
1667 945 1770 1006 sed
1816 962 1927 1025 per
1965 962 2030 1024 q,
2077 944 2212 1021 quia
2256 961 2496 1004 sensum
2544 961 2781 1022 quoque
2828 943 3008 1005 alium

339 1073 365 1112 5
397 1048 585 1109 habet.
635 1068 767 1110 nam
807 1050 1056 1111 huiusce
1093 1050 1350 1111 hominis
1387 1050 1564 1112 huius
1601 1051 1858 1112 hominis
1887 1057 2003 1131 est3
2030 1057 2092 1110 at
2118 1053 2408 1128 cuiusque
2437 1049 2692 1112 hominis
2721 1058 2782 1111 et
2810 1054 3005 1111 cuius-

393 1175 505 1234 que
551 1157 778 1218 ordinis
825 1160 1295 1235 uniuscuiusque
1342 1156 1598 1217 hominis
1645 1164 1707 1217 et
1752 1158 2224 1235 uniuscuiusque
2272 1157 2501 1217 ordinis
2546 1157 2853 1235 significat.

565 1264 797 1324 Accedo
843 1282 952 1343 per
999 1264 1117 1325 duo
1156 1282 1216 1337 c,
1264 1264 1433 1325 attuli
1478 1283 1586 1343 per
1634 1264 1751 1325 duo
1791 1272 1843 1344 t,
1890 1262 2165 1324 assiduus
2212 1282 2321 1341 per
2366 1262 2484 1324 duo
2532 1281 2588 1344 8,
2634 1280 2852 1343 apparo
2900 1280 3008 1342 per

393 1370 505 1431 duo
559 1389 625 1450 p,
683 1389 879 1431 annuo
934 1389 1043 1450 per
1099 1370 1217 1432 duo
1274 1388 1342 1451 n,
1398 1369 1568 1449 alligo
1625 1388 1733 1449 per
1790 1369 1908 1430 duo
1956 1369 1992 1428 l.
2067 1372 2126 1429 in
2185 1369 2278 1430 his
2334 1388 2454 1430 non
2511 1370 2702 1430 solum
2762 1378 3049 1450 propter¹

189 1533 224 1564 ο
394 1478 520 1536 soni
565 1476 861 1538 levitatem
901 1484 1295 1538 consonantes
1336 1486 1668 1557 mutantur,
1715 1474 1820 1536 sed
1860 1484 1919 1535 et
1955 1475 2116 1554 quod
2155 1475 2315 1536 nullo
2355 1476 2527 1537 modo
2567 1479 2627 1537 in
2667 1479 2756 1537 eis
2796 1495 3007 1571 souare

223 1581 246 1602 '
317 1606 367 1643 10
394 1583 429 1642 d
484 1583 678 1644 littera
743 1592 958 1663 potest.
1060 1592 1231 1644 sonat
1296 1591 1493 1644 autem
1549 1582 1585 1643 d
1652 1584 1849 1643 littera
1905 1590 1968 1643 et
2021 1582 2332 1663 scribitur,
2389 1601 2526 1643 cum
2582 1584 2610 1642 ί·
2659 1585 3009 1643 consonanti

391 1689 662 1752 adiuncta
718 1699 835 1772 est,
900 1699 970 1752 ut
1024 1690 1218 1752 adfluo
1276 1691 1462 1751 adfari
1518 1689 1861 1751 adfuturum
1919 1689 2150 1751 adfatus
2207 1688 2427 1750 adfero.
2533 1698 2739 1750 contra
2795 1688 2833 1752 b
2890 1709 3006 1751 non

394 1805 585 1877 sonat,
628 1805 698 1857 ut
745 1799 888 1858 oss'ui
934 1799 1120 1858 offero
1169 1797 1421 1859 offendo.
2471 1775 2481 1783 ⁵

391 1988 514 2052 XII
579 1989 698 2054 EX
761 1987 1230 2054 PRISOIANO
1290 1965 1903 2072 GRAMMATICO,
1971 1987 2121 2052 QVI
2186 1986 2528 2052 NOSTRO
2593 1986 3006 2052 TEMPORE

394 2093 1208 2160 CONSTANTINOPOLI
1255 2094 1606 2160 DOCTOR
1649 2094 1882 2179 FVIT,
1932 2094 2051 2160 DE
2099 2093 2362 2159 LIBRO
2408 2093 2682 2160 PRIMO
2730 2093 3009 2158 IPSIVS

319 2244 366 2282 ,ὃ
1213 2200 1410 2266 ISTA
1461 2200 1913 2266 COLLECTA
1959 2199 2189 2266 SVNT

567 2328 900 2392 Notandum
937 2333 1120 2410 igitur
1157 2330 1314 2410 quod
1362 2330 1596 2405 hamuS‚
1644 2333 1747 2409 qui
1783 2350 1815 2391 a
1854 2330 2097 2391 Graecis
2135 2332 2433 2390 ancistrus
2471 2329 2819 2410 appellatur,
2867 2347 3004 2390 cum

392 2436 784 2516 adspiratione
831 2436 1011 2499 debet
1055 2437 1253 2498 scribi.

565 2543 885 2605 Sciendum
922 2552 982 2605 et
1026 2544 1169 2625 hoc,
1214 2563 1323 2623 pro
1362 2564 1413 2623 φ
1450 2563 1664 2624 graeco
1701 2562 1733 2604 a
1771 2542 1996 2604 Latinis
2034 2546 2095 2604 in
2134 2543 2450 2605 scribendo
2490 2545 2569 2624 ph
2608 2547 2749 2623 p‘oni
2788 2543 3007 2604 debere

391 2652 451 2709 iu
505 2654 733 2729 graecis
788 2651 1091 2712 dumtaxat
1146 2650 1511 2725 nominibus,
1571 2661 1636 2712 ut
1682 2650 1959 2731 Orpheus
2004 2651 2329 2713 Phaethon.
2414 2653 2474 2710 in
2535 2653 2753 2711 ceteris
2811 2659 3007 2712 autem

187 2830 204 2834 -
321 2777 370 2815 20
400 2755 590 2817 latinis
626 2758 966 2819 nominibus
1006 2759 1034 2818 s
1063 2757 1438 2839 ponendum,
1477 2759 1489 2835 1
1526 2766 1596 2818 ut
1633 2758 1782 2818 fama
1822 2758 1978 2820 filius
2015 2759 2183 2819 facio.
2257 2757 2561 2839 PhoebuS,
2610 2776 2728 2836 quo
2767 2759 3007 2818 nomine

394 2863 595 2943 Apollo
642 2866 1039 2946 significatur,
1083 2868 1166 2926 ita
1211 2864 1595 2925 scribendum
1642 2874 1759 2945 est,
1819 2849 1888 2925 ιιί
1940 2873 2076 2944 post
2116 2883 2159 2944 p
2206 2865 2246 2924 h
2292 2875 2574 2945 ponatur:
2630 2864 2902 2925 similiter
2950 2874 3009 2923 et

393 2968 834 3033 Erichthonius

563 3077 812 3139 Hiulcus
865 3098 975 3158 per
1029 3078 1488 3157 adspirationem
1545 3076 1720 3139 debet
1791 3076 1991 3138 scribi.
2074 3080 2094 3137 i
2150 3080 2307 3138 enim
2365 3096 2697 3137 consonans
2751 3086 2887 3138 ante
2943 3095 3006 3137 se

396 3183 858 3280 adspirationem
897 3205 1014 3246 non
1063 3187 1277 3263 recipit
1329 3187 1445 3244 nisi
1503 3192 1732 3245 tantum
1779 3184 2013 3244 vocalis.
2091 3182 2328 3260 [beatus
2383 3202 2492 3263 per
2549 3184 3007 3263 adspirationem

328 3306 378 3346 25
405 3290 779 3351 scribendum
827 3311 946 3353 non
994 3291 1131 3368 estJ.

568 3469 595 3515 1
638 3460 776 3516 Cum
811 3463 1152 3532 praepositio
1184 3462 1335 3516 Gurt.
1378 3462 1555 3517 Valer.
1585 3467 1715 3529 156,
1743 3467 1778 3516 3
1903 3468 1934 3517 7
1964 3463 2184 3517 Accedo
2225 3461 2447 3516 Cornut.
2486 3467 2612 3528 151,
2640 3466 2675 3517 ¹7
2713 3461 3007 3531 Papiriam.

394 3548 521 3611 162,
557 3552 593 3600 9
779 3551 843 3600 16
880 3544 1155 3600 Priscian.
1194 3544 1393 3598 hamus
1431 3548 1482 3607 7,
1519 3546 1590 3596 14
1776 3549 1841 3597 18
1878 3558 1979 3612 pro
2017 3563 2061 3611 φ
2099 3558 2303 3612 graeco
2338 3547 2426 3610 11,
2464 3547 2537 3597 18
2707 3549 2775 3595 22
2815 3541 3007 3596 Erich-

394 3625 615 3680 thonius
651 3628 741 3691 13,
783 3630 820 3678 6
963 3630 1032 3678 23
1070 3624 1292 3679 hiulcus
1329 3627 1416 3691 14,
1454 3628 1533 3678 20

573 3793 601 3839 1
643 3786 840 3855 quum]
881 3802 1006 3838 cum
1043 3784 1099 3837 Β
1223 3783 1398 3853 quod]
1438 3799 1582 3851 quae
1623 3782 1681 3850 0,
1719 3799 1821 3838 om.
1859 3781 1914 3834 B
2041 3788 2074 3835 3
2114 3782 2310 3853 quum]
2351 3799 2477 3836 cum
2513 3782 2569 3836 Β
2712 3782 3007 3852 indupera-

397 3865 481 3918 tor
505 3880 539 3921 ς
565 3862 874 3933 imperator
899 3862 1084 3917 ABC'
1197 3870 1232 3915 4
1270 3862 1576 3932 Gaiusque]
1615 3862 1929 3931 quuiusque
1958 3864 2010 3916 A
2050 3878 2366 3931 quu.usque
2393 3862 2449 3915 Β
2486 3862 2733 3947 quiuque
2773 3862 2832 3927 G,
2869 3878 3006 3917 corr.

396 3942 668 4013 quiusque
706 3961 735 3997 c
841 3944 977 4013 quia.
1011 3960 1234 3997 sensum
1273 3959 1494 4010 quoque
1533 3958 1633 3998 om.
1663 3942 1790 4010 AO,
1830 3944 1958 3997 add.
1987 3943 2044 3996 Β
2154 3948 2186 3995 5
2225 3945 2287 3997 at
2321 3941 2633 4010 quuiusque
2670 3941 2911 3996 hominis
2951 3946 3010 3995 et

398 4025 659 4094 cuiusque
690 4023 972 4078 ordinisB
1000 4023 1071 4077 ad
1100 4023 1413 4091 quuiusque
1443 4020 1684 4078 hominis
1712 4022 2025 4092 quuiusque
2054 4022 2265 4076 ordinis
2293 4025 2346 4076 A
2376 4025 2440 4077 at
2466 4021 2737 4090 quiusque
2765 4020 3008 4075 hominis

397 4106 666 4175 quiusqne
695 4102 902 4158 ordinis
932 4102 980 4156 C
1085 4108 1113 4156 7
1144 4118 1390 4171 appareo
1418 4117 1452 4158 ς
1481 4108 1535 4157 et
1562 4108 1816 4170 evcevpta
1840 4102 2146 4171 Papiriam‘
2173 4106 2222 4155 et
2244 4101 2476 4155 Cornuti
2582 4106 2614 4153 9
2646 4101 2725 4170 et]
2761 4098 2934 4153 etiam
2953 4098 3009 4151 Β

468 4192 531 4240 10
569 4188 629 4240 et
655 4183 919 4240 scribitur
948 4183 1002 4236 A
1034 4184 1093 4237 et
1120 4181 1417 4236 ascribitur
1441 4181 1498 4234 B
1529 4184 1585 4236 et
1613 4185 1713 4236 aut
1740 4181 2003 4237 scribitur
2035 4182 2082 4235 0
2121 4200 2145 4219 ·
2188 4189 2253 4236 14
2284 4179 2769 4249 Constantinopoli
2797 4179 3010 4232 Romae

401 4264 592 4320 Carrio
702 4269 764 4318 15
804 4263 916 4317 ista.
943 4279 1043 4317 om.
1075 4262 1130 4314 B
1243 4267 1308 4314 16
1347 4261 1525 4332 quod]
1564 4261 1699 4330 quia.
1724 4261 1845 4316 AO
1963 4263 2163 4318 hamus
2192 4263 2308 4318 AG
2338 4264 2441 4318 hec
2470 4278 2627 4315 amus
2654 4259 2711 4312 B
2748 4275 2885 4313 corr.
2916 4257 3009 4311 hic

397 4343 589 4398 hamus
613 4345 645 4399 b
745 4342 879 4412 quia.
905 4343 1088 4412 grecis
1119 4342 1473 4396 hancisturus
1502 4341 1556 4393 B
1651 4348 1713 4395 18
1743 4359 1778 4395 a.
1808 4342 1998 4396 latinis
2025 4343 2085 4396 in
2116 4344 2163 4397 0
2186 4342 2377 4397 latinis
2404 4340 2462 4394 in
2490 4341 2544 4393 Β
2575 4340 2632 4392 in
2663 4338 2854 4392 latinis
2882 4339 2937 4390 A

398 4440 433 4491 p
453 4426 510 4478 ct
526 4425 563 4477 h
587 4422 635 4477 G
717 4429 781 4477 19
803 4424 1011 4492 pheton
1024 4421 1192 4476 ABG
1258 4426 1328 4475 20
1350 4421 1559 4475 sacioB
1579 4420 1782 4476 faciam
1796 4422 1913 4490 AG,
1936 4422 2108 4476 facies
2121 4418 2341 4475 Carrio
2400 4425 2466 4473 21
2480 4417 2738 4473 similiter
2759 4419 2817 4470 et
2834 4415 3009 4469 heric-

396 4502 619 4558 thonius
648 4501 867 4557 hiulcus
903 4502 959 4556 Β
997 4499 1261 4556 similiter
1298 4502 1355 4554 et
1391 4501 1472 4569 (et
1499 4516 1597 4553 om.
1632 4500 1702 4568 0)
1739 4501 2107 4557 hiericthonis
2135 4500 2395 4555 hiulchus
2423 4499 2539 4552 AC
2642 4504 2709 4550 23
2739 4496 2949 4550 debent
2976 4512 3009 4554 ς

473 4582 510 4635 b
547 4581 697 4636 enim
734 4598 1043 4637 consonans
1075 4611 1137 4620 -—
1171 4579 1523 4635 scribendum
1563 4596 1676 4635 non
1712 4585 1800 4637 est
1835 4583 1890 4635 B
1925 4583 1962 4635 b
2003 4582 2151 4636 enim
2191 4596 2500 4635 consonans
2538 4580 2669 4632 ante
2704 4593 2763 4630 se
2800 4575 3007 4646 aspira.-

397 4659 603 4715 tionem
639 4660 988 4716 scribendum
1027 4663 1113 4715 est
1148 4660 1285 4729 (rell.
1322 4661 1447 4728 om.)
1486 4661 1538 4713 A
1554 4660 1600 4713 0
1741 4667 1812 4716 24
1847 4662 2045 4716 beatus
2081 4677 2182 4730 per
2218 4657 2616 4728 aspirationem
2654 4655 3007 4711 scribendum

400 4741 483 4793 est
516 4740 652 4794 Par.
687 4754 746 4808 5,
784 4756 886 4797 om.
918 4740 1132 4795 Carrio,
1188 4739 1420 4805 fortasse
1463 4738 1654 4795 hiatus
1702 4758 1803 4810 per
1847 4740 2284 4811 adspirationem
2324 4736 2679 4793 scribendum
2719 4738 2820 4791 est.
2877 4755 3007 4791 nam

399 4820 493 4874 hoc
526 4822 791 4876 adnotare
816 4826 1034 4890 poterat
1063 4820 1447 4875 Cassiodorius
1483 4821 1755 4874 adductus
1789 4823 1864 4875 iis
1899 4839 2038 4891 quae
2072 4822 2138 4876 de
2172 4822 2331 4876 hiatu
2357 4819 2569 4887 scripta
2602 4818 2813 4872 invenit
2851 4819 3006 4887 apud

405 4901 754 4955 Priscianum
787 4918 842 4971 p.
881 4905 969 4967 17,
1008 4906 1080 4956 10
