3613 5528
426 3183 574 3234 ηιμ

616 415 746 479 338
1749 411 2064 467 AVDACIS

614 525 660 563 p.
690 515 754 555 18.
785 515 835 555 19
865 515 926 554 Η.

617 598 824 659 Omnis
869 617 1079 660 versus
1126 598 1466 659 hexameter
1512 596 1839 677 dactylicus
1886 598 2009 658 sive
2056 597 2278 658 herous
2315 616 2348 657 a
2385 596 2697 658 duodecim
2736 596 2975 677 syllabis
3012 599 3232 659 crescit

616 723 805 784 usque
861 705 933 765 ad
991 712 1221 785 septem
1277 713 1339 766 et
1391 704 1616 767 decem.
1673 722 1810 765 nam
1865 706 1969 782 qui
2025 706 2304 765 minimus
2368 712 2487 785 est,
2551 702 2732 765 habet
2793 702 3045 784 syllabas
3107 722 3229 765 non

614 814 811 873 minus
859 830 1034 890 quam
1072 812 1412 894 duodecim3
1468 816 1576 888 qui
1610 815 1911 872 maximus
1948 817 2060 887 est,
2106 829 2226 873 non
2255 816 2398 890 plus
2433 828 2617 887 quam
2652 814 2859 873 decem
2894 818 2956 872 et
2987 818 3229 888 septem.

615 918 770 989 Quid
817 915 1007 998 ergo?
1054 937 1251 980 nonne
1296 919 1650 999 plerumque
1696 919 1963 979 invenias
2009 935 2247 979 versum
2294 917 2500 979 decem
2553 925 2617 978 et
2671 925 2808 978 octo
2864 907 2968 978 aut
3020 918 3229 996 viginti

615 1024 999 1106 syllabarum,
1045 1032 1112 1086 ut
1157 1035 1297 1086 sunt
1342 1025 1433 1107 hi,
3279 1036 3305 1075 ⁵

933 1131 1219 1211 quando
1266 1131 1458 1193 aliud
1507 1131 1678 1193 mihi
1724 1134 1861 1193 iam
1909 1133 2212 1193 miserae
2263 1130 2444 1193 nihil
2492 1133 2651 1212 ipsa
2695 1130 2997 1212 reliqui,

613 1241 755 1299 item

933 1352 1054 1405 aut
1097 1362 1320 1405 onera
1366 1346 1739 1425 accipiunt
1784 1347 2201 1407 venientum
2245 1354 2368 1407 aut
2414 1348 2697 1426 agmine
2744 1346 2962 1426 facto,

612 1455 755 1513 item

932 1576 1100 1619 cara
1149 1558 1319 1619 mihi
1365 1567 1537 1620 ante
1584 1559 1767 1620 alias
1815 1578 2048 1638 neque
2094 1562 2280 1621 enim
2328 1578 2556 1622 novus
2600 1562 2740 1621 iste
2788 1557 3094 1622 Dianae?
3255 1573 3307 1613 ιο

614 1664 769 1726 Sunt
815 1663 1053 1744 quidem
1101 1664 1371 1745 plerique
1420 1665 1774 1747 syllabarum
1823 1666 2030 1727 decem
2076 1675 2137 1728 et
2173 1675 2336 1749 octo,
2382 1668 2479 1729 ille
2519 1685 2661 1729 vero
2699 1685 2880 1746 quem
2915 1668 2977 1727 in
3020 1666 3226 1729 ultimo

606 1776 744 1858 ,loco
772 1774 1029 1852 posuisti
1056 1771 1412 1852 syllabarum
1443 1775 1679 1854 viginti,
1728 1776 1826 1834 cui
1856 1792 2230 1853 nequaquam
2258 1776 2560 1836 inveneris
2588 1791 2821 1855 parem,
2866 1792 3005 1835 cum
3033 1773 3226 1835 adhuc

611 1879 811 1940 nullus
886 1880 1011 1940 fere
1084 1881 1420 1942 inveniatur
1483 1882 1585 1960 qui
1661 1880 1870 1942 decem
1936 1889 1998 1942 et
2061 1899 2274 1942 novem
2338 1881 2576 1962 syllabis
2641 1887 2876 1942 constet
2939 1928 2952 1942 .
3019 1898 3227 1941 verum

612 1987 919 2048 sciendum
968 1996 1061 2048 est
1118 1990 1179 2048 in
1227 1989 1472 2049 metrica
1530 1990 1760 2049 ratione
1817 2006 2140 2068 numquam
2200 1992 2531 2069 computari
2586 2006 2688 2050 eas
2742 1986 3019 2069 syllabas,
3078 2004 3227 2067 quas

611 2092 857 2173 synalil'a
922 2095 1229 2174 intercipit
1292 2142 1305 2155 .
1372 2113 1490 2173 quo
1555 2095 1623 2156 fit
1685 2103 1753 2156 ut
1818 2113 2026 2156 omnes
2098 2095 2185 2156 illi
2256 2114 2495 2175 versus,
2568 2097 2671 2175 qui
2747 2113 2928 2174 supra
3001 2092 3226 2154 dictum
3255 2107 3306 2148 ιδ

612 2217 929 2262 numerum
991 2199 1345 2279 syllabarum
1406 2200 1682 2262 videntur
1742 2202 2059 2283 excedere,
2123 2201 2406 2263 detractis
2463 2200 2722 2282 synalifis
2776 2198 2848 2260 ad
2904 2199 3110 2260 decem
3166 2209 3228 2261 et

612 2314 842 2386 septem
900 2314 1004 2367 aut
1062 2307 1322 2368 sedecim
1377 2316 1480 2369 aut
1535 2310 1711 2370 etiam
1770 2306 1841 2367 ad
1902 2307 2238 2386 quindecim
2296 2307 2548 2388 syllabas
2606 2305 2979 2385 redigantur,
3044 2305 3226 2367 veluti

613 2419 754 2473 sunt
797 2411 880 2472 illi
929 2430 1080 2493 quos
1128 2431 1310 2493 supra
1356 2413 1610 2494 exempli
1668 2432 1847 2475 causa
1906 2416 2159 2494 posuisti
2207 2461 2220 2474 .
2269 2413 2427 2475 unde
2486 2413 2795 2476 sciendum
2851 2421 2945 2474 est
2996 2412 3224 2475 nullum

612 2536 852 2579 versum
897 2519 1249 2599 dactylicum
1295 2519 1707 2582 hexametrum
1767 2522 2020 2581 inveniri
2076 2538 2279 2602 posse,
2335 2523 2439 2600 qui
2494 2538 2815 2582 numerum
2868 2519 3227 2600 syllabarum

614 2626 821 2686 decem
876 2632 936 2686 et
992 2634 1219 2706 septem
1278 2626 1547 2687 videatur
1593 2627 1883 2689 excedere
1931 2672 1946 2688 .
1992 2629 2192 2706 itaque
2239 2629 2432 2688 omnis
2487 2646 2697 2689 versus
2750 2627 3119 2708 he’xameter,
3174 2628 3226 2687 si
3253 2642 3305 2683 so

615 2731 755 2794 solis
812 2731 1093 2813 spondeis
1147 2734 1510 2816 constiterit,
1578 2736 1695 2795 erit
1760 2733 2074 2796 duodecim
2134 2732 2516 2817 syllabarum3
2581 2736 2633 2796 si
2687 2752 2875 2796 uuum
2930 2733 3225 2815 dactylum

613 2839 913 2921 habuerit,
949 2840 1268 2922 tredecim3
1306 2842 1358 2902 si
1395 2840 1575 2921 duoS,
1612 2842 2122 2923 quattuordecim3
2161 2843 2212 2902 si
2250 2849 2406 2922 tres,
2444 2842 2808 2923 quindecim3
2846 2844 2900 2903 si
2928 2849 3226 2923 quattuor,

613 2946 900 3029 sedecim;
947 2950 999 3009 si
1046 2951 1338 3029 quinque,
1385 2945 1592 3007 decem
1641 2957 1701 3008 et
1747 2956 1975 3027 septem
2025 2994 2037 3006 .
2086 2949 2194 3028 ita,
2249 2950 2527 3026 quotiens
2573 2948 2841 3029 dactylus
2887 2951 3226 3031 accesserit,

611 3056 831 3116 totiens
877 3073 996 3116 una
1044 3053 1262 3135 syllaba
1309 3055 1544 3115 crescit.
2161 3132 2170 3141 “

792 3160 1148 3222 Hexameter
1193 3179 1403 3223 versus
1450 3158 1774 3238 dactylicus
1821 3177 1930 3238 per
1977 3168 2123 3239 quot
2177 3161 2410 3240 species
2465 3159 2770 3223 variatur?
2841 3162 3107 3242 Triginta
3164 3173 3225 3225 et
3251 3177 3304 3219 ss

613 3269 777 3330 duas.
833 3263 843 3349 Ι
903 3264 1255 3340 Quatenus?
1336 3268 1402 3328 In
1450 3284 1625 3327 versu
1672 3265 2163 3346 duodecasyllabo
2223 3270 2454 3347 species
2510 3286 2625 3330 una
2681 3276 2775 3329 est
2829 3317 2842 3330 .
2899 3273 3117 3350 quippe
3171 3272 3225 3331 is

612 3377 739 3435 sine
796 3374 913 3436 ulla
971 3378 1250 3436 varietate
1308 3391 1514 3435 omnes
1568 3375 1631 3434 in
1687 3391 1751 3433 se
1810 3372 2106 3452 spondeos
2171 3373 2348 3436 habet
2412 3386 2472 3436 et
2535 3383 2781 3436 vocatur
2845 3375 3224 3458 spondiazon,

610 3491 679 3542 ut
724 3490 816 3543 est

1036 3587 1607 3649 introducuntur
1651 3586 1876 3666 legati
1924 3586 2483 3650 Minturnenses.

609 3841 675 3894 ed
729 3765 872 3894 RZZ
893 3758 1230 3815 Hexameter
1277 3775 1468 3816 versus
1513 3757 1822 3827 dactylicus
1869 3775 1980 3830 sqq.
2034 3760 2305 3815 Iulianus
2349 3761 2415 3816 de
2459 3754 2673 3817 ratione
2721 3767 3012 3818 metrorum
3047 3779 3112 3832 p.
3149 3768 3223 3818 50

788 4006 821 4055 2
862 4003 920 4057 et
955 4017 1054 4056 om.
1093 4000 1166 4066 B,
1202 4001 1334 4055 add.
1370 3999 1447 4054 M
1565 4015 1695 4053 nam
1735 4000 1834 4069 qui
1869 3998 2055 4054 minus
2092 4005 2180 4056 est
2203 4002 2260 4056 Β
2285 4019 2417 4057 nam
2447 4000 2545 4070 qui
2572 4000 2835 4056 minimus
2866 4004 2943 4057 M
3064 4009 3097 4059 3
3125 4004 3224 4074 qui

610 4080 886 4136 maximus
925 4112 991 4121 —
1031 4081 1224 4135 decem
1261 4081 1321 4134 et
1358 4080 1571 4148 septem
1609 4094 1709 4136 om.
1738 4080 1896 4158 ΒΜ,
1933 4080 2061 4135 add.
2103 4081 2155 4135 V
2294 4089 2327 4137 5
2363 4084 2430 4137 ut
2457 4085 2589 4137 sunt
2622 4082 2704 4137 hii
2728 4084 2785 4137 Β
2812 4084 2880 4138 ut
2905 4082 3021 4137 sint
3047 4083 3129 4138 hii
3152 4083 3229 4139 M

683 4170 715 4218 6
753 4161 1004 4232 quando]
1054 4160 1211 4230 Very.
1242 4161 1382 4214 Aen.
1413 4159 1583 4212 IIII
1618 4164 1725 4215 315
1835 4161 1951 4214 iam
1987 4159 2190 4216 misere
2227 4161 2371 4217 nihil
2405 4162 2532 4232 ipsa.
2567 4162 2621 4216 Β
2658 4162 2773 4218 iam
2810 4162 2954 4217 nihil
2987 4162 3111 4219 uita
3150 4164 3225 4218 M

684 4248 713 4296 7
752 4240 915 4311 item]
955 4242 1056 4295 ant
1090 4239 1145 4293 Β
1289 4243 1323 4293 8
1361 4239 1460 4293 aut
1496 4238 1689 4309 onera]
1740 4240 1895 4310 Vei-9.
1933 4257 2109 4311 yeory.
2150 4242 2321 4297 IIII
2351 4248 2466 4299 168
2608 4242 2933 4298 uenientum
2979 4261 3080 4300 om.
3133 4246 3224 4312 M,

610 4322 737 4377 add.
774 4321 831 4374 Β
977 4327 1044 4376 10
1082 4336 1212 4375 cara
1246 4319 1390 4374 mihi
1424 4321 1556 4373 ante
1594 4318 1736 4373 alias
1769 4335 1950 4388 neque
1980 4320 2127 4374 enim
2154 4338 2334 4377 nouus
2362 4324 2446 4377 ste
2475 4321 2638 4377 diane
2666 4323 2723 4376 Β
2750 4339 2882 4378 cara.
2916 4323 3058 4379 mini
3092 4326 3224 4379 ante

609 4400 750 4455 alias
774 4416 954 4469 usque
982 4399 1146 4455 diane
1170 4402 1245 4456 M
1252 4423 1265 4456 ε
1298 4400 1453 4470 Very.
1475 4400 1615 4453 Aen.
1640 4399 1746 4453 XI
1761 4405 1872 4456 537
1999 4409 2063 4457 11
2095 4401 2248 4473 sunt]
2283 4402 2430 4457 sicut
2459 4402 2534 4456 Μ
2659 4403 2870 4459 121000
2898 4420 2999 4458 om.
3019 4403 3156 4458 ΒΜ

610 4481 824 4549 parem]
853 4481 1074 4549 partem
1100 4481 1154 4535 Β
1283 4486 1348 4536 13
1380 4479 1477 4550 qui
1505 4479 1722 4551 decem]
1763 4481 2082 4550 quindecim
2113 4483 2187 4537 Μ
2314 4488 2378 4537 17
2408 4484 2508 4538 aut
2538 4483 2734 4554 etiam]
2771 4484 2874 4538 aut
2898 4481 3128 4538 tertiam
3151 4483 3229 4537 M

685 4566 749 4614 19
786 4560 1026 4616 inueniri
1061 4561 1215 4632 possi
1250 4561 1305 4616 Β
1340 4561 1593 4617 inuenire
1633 4576 1797 4630 posse
1839 4561 1914 4615 M
2018 4568 2087 4616 25
2129 4561 2463 4633 dactylicus]
2512 4562 2754 4617 dactilus
2789 4561 2846 4615 Β
2896 4561 3108 4631 dactyli
3154 4561 3232 4615 M

682 4647 750 4696 26
790 4640 1261 4710 duodecasyllsba
1299 4642 1375 4696 M
1530 4641 1604 4712 is]
1642 4639 1731 4696 his
1773 4641 1831 4694 Β
1849 4646 1919 4696 Μ
2073 4647 2140 4697 27
2188 4641 2307 4697 sine
2353 4642 2529 4698 ullam
2573 4641 2907 4698 uarietatem
2953 4641 3010 4695 Β
3152 4647 3221 4697 27

612 4722 889 4793 spondeus
927 4719 1102 4775 habet
1125 4720 1182 4774 Β
1220 4720 1496 4790 spondeos
1532 4720 1747 4777 habent
1768 4721 1840 4775 M
1947 4727 2014 4776 29
2039 4720 2469 4778 introducuntur
2505 4722 2740 4793 legatim
2778 4721 3130 4778 intumentes
3165 4722 3222 4776 Β

611 4800 693 4855 hii
737 4800 1120 4871 producuntur
1165 4800 1399 4871 legatim
1445 4799 1684 4855 intui-nis
1734 4801 1812 4854 M
1851 4800 1934 4857 hii
1978 4802 2366 4873 producuntur
2409 4801 2588 4874 legati
2631 4802 3039 4857 Minturnenses
3084 4802 3223 4858 Ald-

610 4880 818 4936 helmus
849 4900 865 4931 .·
907 4879 1061 4935 Emi.
1099 4881 1289 4937 annal.
1329 4885 1439 4937 603
1476 4883 1555 4937 ed.
1607 4880 1763 4937 Vam.
