3613 5528
1398 406 1976 472 ORTHOGRAPHIA
2913 407 3000 471 95

382 521 423 556 p.
462 511 579 549 suo.
605 512 655 549 ιι
686 509 733 548 Ρ.

564 594 805 654 Somnio
854 592 1191 674 dicendum,
1241 612 1358 654 non
1405 595 1687 668 somnior,
1734 602 1794 653 et
1842 593 2145 671 somniavi,
2194 610 2312 652 non
2361 594 2688 652 somniatus
2734 609 2883 651 sum.

561 700 708 761 Illud
758 719 1065 761 scamnum
1111 700 1447 779 dicendum,
1494 707 1553 759 at
1599 702 1813 778 ipsum,
1861 718 1982 759 non
2029 698 2221 778 ipsud.
2295 717 2523 779 pauper
2561 699 2650 758 vir
2688 706 2749 758 et
2786 697 3001 758 mulier

385 805 729 885 dicendum,
777 824 897 867 non
943 824 1205 885 paupera
1253 805 1482 867 mulier.

558 912 779 974 Graeca
825 915 1082 993 nomina,
1130 920 1196 973 ut
1221 911 1459 991 Phryne
1506 921 1567 972 et
1610 911 1865 992 phalanx
1912 920 1973 972 et
2008 911 2384 992 Phronimus,
2428 929 2537 990 per
2584 930 2621 990 p
2669 918 2730 970 et
2763 910 2804 969 h
2842 911 2987 969 scri-

328 1038 355 1077 s
382 1019 601 1082 benda:
651 1023 661 1093 Ι
701 1020 908 1101 latina,
954 1030 1023 1081 ut
1070 1018 1271 1079 fallere
1321 1026 1382 1078 et
1427 1019 1627 1101 facile,
1674 1038 1781 1098 per
1829 1019 1857 1078 f
1898 1018 2228 1078 scribenda.

559 1127 733 1202 Cum,
789 1130 841 1187 si
886 1127 1246 1207 praepositio
1297 1128 1437 1207 erit,
1493 1145 1600 1205 per
1647 1144 1679 1185 c
1727 1124 2137 1205 scribendum3
2196 1127 2247 1184 si
2303 1123 2647 1184 adverbium
2710 1125 2995 1203 temporis

386 1243 488 1294 aut
534 1235 797 1316 causale,
842 1253 951 1314 per
997 1252 1051 1312 q.

556 1340 766 1401 Omnia
803 1340 1079 1401 adverbia
1115 1342 1354 1401 numeri
1391 1343 1518 1401 sine
1556 1359 1594 1400 n
1633 1338 1946 1399 scribenda
1985 1348 2141 1419 sunt,
2179 1346 2248 1399 ut
2284 1338 2475 1399 milies
2513 1339 2740 1399 centies
2768 1337 3000 1398 decies:

382 1450 661 1526 quotiens
709 1449 931 1508 totiens
977 1466 1086 1527 per
1132 1467 1172 1508 n
1220 1446 1534 1508 scribenda
1580 1456 1735 1508 sunt.

300 1573 352 1611 ιο
556 1553 796 1616 Nullum
850 1572 1181 1633 pronomen
1235 1572 1344 1633 per
1391 1562 1416 1613 t
1462 1553 1771 1634 scribitur,
1829 1553 1933 1614 sed
1986 1571 2097 1632 per
2151 1553 2217 1634 d,
2274 1563 2339 1614 ut
2396 1553 2538 1632 quid
2596 1549 2789 1613 dicis?
2854 1550 2995 1631 quid

381 1656 551 1739 agis?
617 1660 758 1739 quid
806 1657 1063 1721 scribis?
1123 1660 1266 1740 quid
1313 1657 1503 1722 facis?
1566 1679 1676 1739 per
1723 1670 1745 1720 t
1792 1668 2017 1734 autem,
2065 1658 2313 1720 verbum
2361 1658 2464 1720 ubi
2511 1661 2652 1740 erit,
2699 1658 3001 1740 scribitur,

382 1775 451 1828 ut
497 1769 700 1846 inquio
747 1770 946 1847 inquis
991 1769 1214 1847 inquit,
1270 1785 1339 1827 eo
1387 1769 1439 1826 is
1484 1769 1557 1846 it,
1606 1774 1666 1826 et
1721 1765 2068 1826 adverbium
2122 1768 2384 1846 numeri,
2443 1774 2509 1826 ut
2564 1774 2710 1844 quot
2763 1774 2879 1845 tot,
2941 1773 3002 1824 et

381 1882 799 1955 monoptoton,
858 1884 923 1936 ut
969 1875 1112 1935 lact:
1168 1873 1308 1935 licet
1363 1873 1602 1953 quidam
1660 1881 1877 1950 negent
1935 1870 2077 1932 illud
2125 1889 2342 1931 nomen
2391 1879 2552 1931 muta
2597 1888 2772 1950 posse
2821 1870 2997 1953 finiri,

383 1990 445 2042 et
491 1981 625 2041 ideo
673 1980 871 2042 dicant
917 1980 1066 2041 lacte
1115 1999 1246 2041 esse
1304 1980 1650 2058 dicendum,
1705 1997 1827 2038 non
1871 1976 1961 2037 lac
2008 1987 2109 2038 aut
2154 1977 2288 2038 lact.
2361 1976 2431 2037 ad
2479 1978 2840 2056 praepositio
2890 1995 3001 2055 per

304 2102 355 2142 ιιι
383 2086 451 2166 d,
498 2096 557 2147 at
603 2089 943 2147 coniunctio
989 2105 1098 2166 per
1148 2095 1170 2145 t
1216 2085 1399 2146 scribi
1445 2084 1637 2145 debet.

561 2192 746 2254 Exsul
792 2212 929 2255 cum
976 2193 1173 2255 addito
1217 2212 1245 2254 s
1294 2192 1675 2254 scribendum
1723 2202 1815 2252 est
1877 2191 2260 2271 etymologiae
2309 2209 2518 2271 causa,
2579 2208 2611 2249 a
2666 2189 2791 2250 solo
2852 2208 3000 2269 quo-

386 2301 549 2359 niam
592 2302 769 2361 venit.

563 2406 885 2470 Formosus
933 2410 1060 2469 sine
1108 2427 1147 2468 n
1194 2407 1575 2470 scribendum
1623 2415 1715 2466 est
1771 2404 1844 2465 ab
1903 2404 2278 2485 etymologia,
2333 2405 2489 2483 quod
2552 2412 2645 2465 est
2702 2421 2734 2464 a
2792 2404 2994 2464 forma.

385 2522 596 2574 nactus
642 2532 761 2576 uno
809 2533 849 2575 n
896 2514 1304 2597 scribendum,
1351 2523 1411 2574 at
1455 2515 1769 2575 nanciscor
1816 2511 2067 2573 duobuS.

299 2640 354 2679 ιο
564 2619 859 2701 Quicquid
915 2610 987 2681 in'
1038 2624 1241 2702 priore
1297 2620 1515 2701 syllaba
1540 2632 1543 2637 ’
1568 2639 1677 2699 per
1742 2638 1775 2679 c
1832 2618 2092 2680 litteram
2152 2619 2569 2701 scribendum,
2628 2621 2907 2699 quoniam
2963 2617 3001 2678 d

568 2826 593 2873 1
644 2820 871 2876 Somnio
915 2836 1028 2874 non
1075 2819 1321 2874 somnior
1366 2819 1664 2875 dicendum
1710 2820 1797 2874 est
1846 2818 1895 2873 G
2069 2817 2366 2873 dicendum
2414 2822 2501 2874 est
2534 2818 2591 2872 Β
2772 2824 2804 2872 2
2852 2816 3000 2871 Illud

383 2916 669 2954 scamnum
709 2933 773 2940 -
812 2918 1061 2971 paupera
1097 2901 1296 2956 mulier
1341 2918 1441 2955 om.
1489 2899 1724 2968 ΒΟςΡ,
1773 2899 1903 2953 add.
1951 2897 2027 2950 M
2198 2899 2285 2970 at]
2344 2901 2402 2952 et
2438 2898 2514 2951 Μ
2687 2905 2718 2952 3
2756 2915 3005 2967 paupera

380 2978 609 3051 mulier]
647 2997 957 3051 pauperam
986 2981 1061 3034 M
1195 2987 1229 3034 4
1266 2980 1481 3034 Graeca
1505 2978 1738 3034 nomina
1763 2979 1830 3031 ut
1855 2978 2055 3047 phirne
2083 2979 2330 3047 phalanx
2361 2978 2693 3032 Phronimus
2731 2978 3002 3048 phalerae

382 3077 485 3129 per
519 3078 558 3130 p
587 3063 644 3115 et
668 3062 707 3115 h
743 3060 926 3115 latina
952 3064 1015 3115 ut
1049 3061 1213 3116 facile
1250 3077 1349 3132 per
1375 3060 1405 3114 f
1433 3058 1729 3114 scribenda
1756 3058 1887 3111 sunt
1914 3071 1948 3113 ς
2082 3055 2316 3126 phyrine
2346 3058 2404 3110 et
2435 3057 2706 3126 phallanx
2734 3059 2794 3112 et
2828 3058 2996 3127 phro-

382 3137 567 3192 nimus
603 3139 677 3193 M
705 3141 950 3210 chrynae
988 3144 1046 3194 et
1080 3140 1326 3210 phalanx
1364 3142 1422 3194 et
1455 3137 1782 3209 phronimus
1812 3136 1868 3189 Β
1904 3136 2130 3190 chrinae
2157 3138 2216 3190 et
2243 3136 2486 3205 phlancx
2514 3139 2579 3191 ut
2606 3137 2996 3206 prohronimus

383 3220 545 3286 (corr.
582 3220 932 3289 phronimus)
973 3221 1020 3275 G
1141 3218 1434 3274 scribenda,
1471 3220 1599 3274 sunt
1636 3224 1864 3286 utroque
1899 3217 2013 3271 loco
2047 3216 2103 3268 Β
2117 3215 2165 3270 G
2287 3222 2319 3269 5
2357 3215 2555 3270 fallere
2593 3219 2652 3271 et
2684 3214 2851 3270 facile
2889 3216 2945 3269 Β
2960 3216 3007 3270 0

382 3297 593 3353 faleras
638 3299 805 3354 facile
853 3301 928 3354 M
1136 3306 1167 3354 6
1215 3298 1352 3353 Cum
1399 3331 1465 3340 —
1512 3317 1613 3368 per
1659 3318 1695 3367 q
1740 3315 1840 3352 om.
1884 3296 1953 3364 G,
2011 3296 2057 3350 si
2112 3296 2452 3366 praepositio
2501 3296 2608 3351 erit
2653 3313 2778 3350 cum
2824 3311 2925 3365 per
2974 3312 3004 3351 c

383 3379 741 3434 scribendum
797 3379 844 3433 si
898 3379 1228 3434 aduerbium
1282 3379 1555 3449 temporis
1612 3380 1711 3431 aut
1766 3375 1986 3431 casuale
2041 3390 2143 3443 per
2198 3393 2236 3444 q
2288 3376 2343 3429 B
2559 3382 2592 3431 8
2650 3375 2852 3430 Omnia
2907 3375 3003 3431 ad-

384 3461 582 3516 uerbia
634 3460 853 3515 numeri
909 3458 1027 3513 sine
1084 3475 1122 3510 ιι
1175 3458 1468 3512 scribenda
1523 3461 1652 3512 sunt
1701 3459 1766 3511 ut
1817 3455 2001 3509 milies
2058 3454 2266 3510 centies
2326 3457 2510 3512 decies
2564 3456 2783 3525 quoties
2836 3454 3006 3510 toties

387 3545 510 3611 (om.
549 3557 648 3610 per
682 3559 720 3594 ιι
759 3536 1057 3595 scribenda
1092 3540 1239 3607 sunt)
1278 3537 1354 3590 M
1384 3538 1515 3592 Sine
1552 3556 1588 3590 n
1626 3536 1925 3592 scribenda
1961 3539 2090 3590 sunt
2125 3535 2309 3591 milies
2346 3537 2557 3592 centies
2593 3537 2773 3592 deties
2799 3539 2839 3589 7
2868 3552 3008 3604 quo-

384 3621 534 3675 tiens
578 3620 790 3676 totiens
828 3636 956 3674 cum
1002 3619 1261 3674 scribitur
1304 3636 1405 3688 per
1442 3636 1477 3672 n
1516 3616 1806 3672 scribenda
1852 3618 1982 3669 sunt
2017 3615 2073 3668 Β
2120 3615 2238 3671 sine
2274 3635 2312 3670 n
2349 3617 2532 3672 milies
2571 3616 2779 3672 centies
2818 3616 3003 3670 decies

389 3713 609 3823 quotiess
652 3712 1131 3809 totie2⁰31bitur
1176 3770 1275 3822 per
1312 3771 1351 3806 n
1396 3752 1690 3807 scribenda
1738 3754 1871 3806 sunt
1908 3749 1965 3805 0.
2021 3751 2253 3816 fortasse
2290 3754 2352 3806 at
2399 3751 2658 3820 quotiens
2694 3754 2754 3805 et
2798 3749 3007 3807 totiens

386 3851 516 3888 cum
553 3834 872 3903 scribimus,
910 3852 1011 3904 per
1036 3853 1074 3888 ιι
1111 3833 1409 3889 scribenda
1445 3835 1575 3888 sunt
1720 3837 1787 3885 10
1823 3830 2057 3884 Νιι11ιιιιι
2081 3863 2143 3871 -
2167 3832 2329 3903 facis]
2369 3832 2477 3886 Per
2505 3831 2543 3884 d
2570 3829 2833 3886 scribitur
2869 3831 3006 3899 quid

387 3911 527 3967 dicis
563 3913 698 3982 quid
736 3914 861 3984 agis
898 3913 1031 3982 quid
1068 3915 1211 3984 legis
1248 3913 1385 3982 quid
1422 3912 1618 3968 scribis
1654 3910 1788 3980 quid
1826 3909 1964 3965 facis
1999 3910 2054 3963 Β
2104 3909 2248 3976 Quid
2287 3910 2423 3980 quid
2474 3910 2598 3980 agis
2635 3910 2771 3980 quid
2808 3910 3005 3964 scribis

384 3992 521 4061 quid
556 3992 696 4047 facis
732 4009 835 4063 per
873 3993 909 4046 d
947 3993 994 4047 0
1163 4000 1227 4048 11
1267 3995 1500 4048 verbum
1536 3992 1635 4047 ubi
1671 3990 1802 4060 erit]
1843 3989 1942 4044 ubi
1976 3991 2208 4045 uerbum
2245 3991 2418 4047 fuerit
2456 3993 2503 4046 Ο
2617 4035 2626 4042 .
2666 3997 2730 4046 12
2769 4006 2835 4044 eo
2871 3989 2920 4043 is
2957 3988 3007 4042 it

386 4072 717 4128 aduerbium
750 4074 968 4128 numeri
1002 4076 1091 4130 tot
1128 4076 1266 4144 quot
1299 4074 1414 4128 BC
1568 4079 1634 4126 13
1671 4071 1806 4125 licet
1843 4068 2070 4138 quidam
2109 4073 2338 4143 negent]
2377 4071 2608 4142 plurimi
2644 4070 2853 4139 negant
2887 4068 2943 4121 Β
2962 4069 3010 4123 0

526 4170 691 4223 posse
728 4153 880 4208 finiri
916 4156 1074 4209 muta
1112 4154 1161 4209 0
1339 4161 1405 4208 14
1452 4152 1648 4208 dicunt
1694 4153 1842 4207 lacte
1880 4167 1997 4205 esse
2036 4150 2333 4206 dicendum
2370 4169 2484 4207 non
2519 4153 2609 4207 lac
2647 4152 2747 4205 aut
2782 4150 2898 4204 lact
2934 4148 3010 4202 M

386 4234 534 4289 lacte
572 4234 770 4289 dicunt
806 4250 923 4288 esse
962 4250 1071 4288 non
1109 4237 1240 4302 <non
1278 4252 1399 4289 esse
1442 4234 1513 4303 0)
1550 4234 1668 4288 lact
1704 4235 1803 4287 aut
1840 4232 1929 4286 lac
1966 4230 2092 4284 BG.
2140 4231 2209 4297 cf.
2239 4231 2514 4288 Riscian.
2543 4233 2578 4286 Ζ.
2611 4231 2705 4285 VI
2730 4247 2790 4298 p.
2811 4234 3004 4296 212,4

385 4317 477 4371 lac
512 4315 704 4382 lactis,
744 4313 897 4383 quod
934 4313 1308 4383 antiquissimi
1346 4316 1519 4370 etiam
1555 4314 1663 4368 hoc
1699 4313 1848 4367 lacte
1886 4310 2189 4380 protulisse
2235 4311 2594 4366 inveniuntur
2639 4312 2783 4364 teste
2822 4307 3004 4377 Capro

533 4403 598 4451 16
636 4414 765 4451 cum
806 4414 832 4448 s
870 4391 1062 4447 addito
1102 4393 1148 4447 G
1306 4411 1341 4447 a
1378 4394 1496 4448 solo
1536 4408 1646 4460 quo
1683 4389 1842 4446 uenit
1877 4389 1954 4442 Μ
1984 4408 2019 4445 a
2056 4390 2175 4445 solo
2213 4408 2324 4459 quo
2362 4393 2616 4446 uersatur
2651 4387 2769 4443 BG
2809 4404 2845 4442 a
2882 4389 3002 4443 solo

385 4476 538 4546 quod
572 4476 746 4531 uertit
785 4489 818 4532 ς
992 4479 1057 4528 18
1095 4473 1397 4530 Formosus
1435 4474 1557 4529 sine
1592 4491 1630 4526 ιι
1666 4471 1830 4526 scrib?
1867 4471 2237 4540 ethimologia
2273 4471 2423 4540 quod
2458 4473 2547 4525 est
2580 4471 2762 4525 forma
2796 4468 2851 4521 Β
2892 4468 3002 4523 for-

384 4573 571 4610 mosus
606 4571 708 4626 per
734 4574 774 4610 n
810 4555 1161 4610 scribendum
1190 4558 1279 4611 est
1305 4555 1378 4610 ab
1406 4552 1772 4621 ethimologia
1802 4552 1957 4621 quod
1996 4554 2083 4606 est
2119 4568 2154 4605 a
2189 4550 2369 4605 forma
2399 4549 2447 4604 0
2475 4550 2773 4604 Formosus
2813 4548 2933 4603 sine
2966 4567 3004 4602 n

386 4636 651 4691 scribitur
693 4636 768 4691 ab
816 4636 1037 4704 aetymo
1084 4636 1234 4703 quod
1272 4637 1360 4690 est
1403 4632 1587 4688 forma
1622 4647 1655 4689 ς
1839 4638 1903 4687 19
1949 4632 2169 4702 nactus]
2219 4631 2493 4684 Priscian.
2532 4631 2566 4684 l.
2609 4629 2672 4682 X
2698 4646 2759 4696 p.
2802 4633 2931 4696 513,
2969 4634 3004 4684 7

388 4716 677 4771 nanciscor
729 4714 907 4771 etiam
961 4718 1187 4771 nactum
1241 4713 1382 4770 facit
1435 4713 1645 4782 absque
1700 4730 1737 4765 n
1753 4753 1767 4777 ,
1824 4715 1890 4767 ut
1943 4714 2126 4769 Probo
2183 4714 2242 4765 et
2296 4710 2475 4779 Capro
2532 4712 2590 4764 et
2643 4708 2891 4764 Pollioni
2947 4713 3006 4765 et

387 4795 570 4850 Plinio
614 4795 810 4864 placet
994 4795 1347 4851 scribendum
1389 4793 1679 4848 nanciscor
1723 4791 1941 4848 duobus
1988 4812 2026 4847 n
2071 4792 2127 4845 Β
2174 4791 2524 4846 scribendum
2573 4791 2657 4844 est
2704 4789 3001 4844 nanciscor

390 4876 605 4931 duobus
643 4894 681 4930 n
720 4876 769 4932 Ο
882 4882 952 4929 20
989 4874 1268 4945 Quicquid
1303 4875 1361 4929 in
1395 4872 1580 4945 priore
1617 4872 1833 4942 syllaba
1860 4891 1890 4928 c
1926 4873 2119 4928 littera
2154 4872 2213 4929 in
2250 4870 2498 4928 secunda
2531 4886 2634 4944 per
2677 4870 2716 4924 d
2755 4869 3002 4925 scriben-
