3613 5528
607 408 738 472 272
1796 409 2038 463 BEDAE

605 520 649 557 p.
676 510 796 550 2784.
825 508 878 550 85
906 509 955 548 P.

783 592 1031 654 Emanat
1078 595 1209 653 sons
1257 594 1381 653 sive
1428 601 1586 654 terra
1635 612 1879 674 aquam,
1925 594 1984 654 id
2033 602 2125 655 est
2169 595 2356 672 gignit
2402 612 2470 653 ac
2523 593 2824 675 producit,
2882 602 2943 655 et
2988 602 3220 654 emanat

605 719 753 781 aqna
791 700 865 760 de
904 708 1063 760 terra
1103 702 1224 760 sive
1264 700 1458 781 fonte,
1496 700 1554 760 id
1594 710 1686 762 est
1722 700 1990 780 profluit:
2038 699 2361 778 Gregorius
2401 695 2554 780 ‘qui
2599 700 2801 762 locus
2839 720 2871 762 a
2908 700 3217 762 Romana

606 806 785 869 urbe
846 805 1322 886 quadraginta
1384 807 1535 869 l'ere
1597 806 1891 869 milibus
1948 805 2230 867 distans
2295 806 2599 886 frigidas
2658 816 2875 886 atque
2935 808 3215 887 perspi·

604 932 773 975 enas
820 923 1100 975 emanat
1146 909 1413 996 aquas',
1461 923 1521 975 et
1565 916 1782 975 iterum
1832 912 1904 973 de
1953 912 2161 972 eodem
2212 913 2487 991 sepulcro
2537 909 2772 975 ‘illius
2820 915 3216 994 fraglantia

603 1022 1002 1082 suavitatis
1049 1015 1453 1081 emanavit'.
2300 1005 2325 1026 ⁶
3242 1034 3272 1072 ⁵

781 1127 1116 1208 Exprobrat
1153 1130 1257 1208 qui
1294 1137 1722 1189 commemorat
1759 1146 1911 1207 qnae
1949 1130 2276 1209 praestitit,
2322 1127 2645 1207 obprobrat
2684 1131 2787 1208 qui
2825 1127 3214 1208 obprobrium

603 1236 889 1316 obiectat,
934 1236 1047 1295 hoc
1095 1245 1186 1296 est
1231 1237 1454 1297 vitium.
2996 1246 3000 1251 ·

782 1342 1145 1423 Expectatur
1189 1351 1506 1421 venturus,
1553 1348 1858 1421 spectatur
1904 1344 2007 1421 qui
2054 1341 2287 1403 videtur
2324 1341 2423 1401 .vel
2470 1341 2774 1422 probatur.

779 1451 1096 1512 Exercitus
1143 1448 1471 1529 laboribuS,
1517 1450 1878 1518 exercitatus
1922 1447 2154 1509 studiis,

781 1557 1110 1619 Exstruere
1166 1565 1259 1617 est
1313 1557 1372 1616 in
1431 1554 1612 1616 altum
1672 1563 1934 1636 struere,
1990 1557 2292 1616 instruere
2348 1557 2535 1616 aciem
2593 1555 2681 1616 vel
2736 1557 3057 1636 actionem,
3118 1555 3214 1614 ad·
3248 1570 3299 1606 10

605 1673 839 1726 struere
879 1664 1208 1744 adfirmare,
1246 1670 1598 1723 construere
1636 1663 1695 1722 in
1737 1661 2025 1724 struendo
2063 1663 2443 1743 coniungere,
2481 1661 2831 1723 substruere
2865 1658 2871 1744 1
2918 1681 2981 1722 re
3021 1661 3211 1741 aliqua

605 1790 786 1853 supra
832 1773 1023 1851 posita
1070 1768 1277 1831 subter
1324 1776 1575 1830 struere.

780 1876 1078 1939 Excubiae
1126 1895 1234 1956 per
1281 1874 1347 1956 b,
1394 1879 1638 1938 exuviae
1686 1895 1793 1956 per
1842 1895 1875 1935 v
1921 1874 2288 1937 scribendae.

780 1983 1120 2047 Eorundem
1169 1994 1230 2043 et
1275 1984 1596 2044 earundem
1644 2002 1751 2062 per
1797 2002 1837 2043 n
1886 1984 2292 2063 exprimenda,
2341 2001 2459 2044 non
2504 2002 2614 2063 per
2661 2002 2736 2044 m.

782 2126 1039 2188 Fimbria
1085 2143 1302 2205 genere
1351 2126 1634 2187 feminino
1682 2132 1744 2185 et
1787 2123 2089 2185 fimbrium
2135 2124 2356 2186 dicitur
2405 2135 2635 2187 neutro.
3247 2138 3297 2176 15

783 2232 956 2293 Fides
1003 2231 1136 2291 {idei
1185 2231 1258 2292 de
1305 2230 1683 2311 credulitate,
1730 2230 1877 2291 fides
1923 2230 2056 2290 fidis
2101 2230 2175 2291 de
2223 2230 2468 2313 chorda3
2516 2242 2767 2311 utraque
2816 2250 2882 2293 es
2926 2230 3113 2311 longa.

782 2339 1043 2399 Flemina
1090 2347 1257 2417 sunt,
1302 2337 1405 2399 ubi
1453 2338 1754 2400 abundant
1800 2356 1977 2399 crura
2026 2341 2340 2420 sanguine,
2395 2339 2680 2420 plemina,
2738 2357 2872 2398 cum
2921 2340 2981 2398 in
3035 2339 3215 2424 mani-

607 2446 720 2508 bus
767 2445 856 2505 vel
905 2447 965 2505 in
1011 2444 1262 2525 pedibus
1309 2444 1542 2506 callosis
1589 2444 1738 2505 sulci
1786 2453 1944 2505 sunt.

783 2553 993 2613 Fastus
1048 2550 1122 2610 de
1176 2550 1455 2630 superbia
1514 2550 1654 2611 facit
1728 2551 1988 2611 fastuum
2045 2552 2317 2628 genetivo
2373 2549 2610 2631 plurali,
2677 2550 2863 2611 fastus
2920 2550 2991 2610 de
3049 2549 3218 2611 libris

609 2661 749 2722 facit
796 2661 1099 2719 fastorum.
2521 2643 2525 2648 ’
3242 2671 3298 2709 20

783 2767 974 2846 Fungi
1022 2784 1195 2845 agere
1243 2774 1369 2849 est,
1416 2764 1657 2845 defungi
1701 2781 2005 2845 peragere.

782 2874 1031 2935 Fremor
1077 2881 1170 2934 est
1215 2891 1486 2934 murmur
1531 2872 1867 2952 hominum,
1917 2871 2189 2931 fremitus
2237 2871 2513 2931 ferarum.

782 2980 1023 3042 Flavum
1079 2980 1332 3041 dicimus
1388 2978 1666 3053 rubeum,
1722 2980 1878 3039 sicut
1934 2970 2153 3059 (Verq.
2205 2995 2414 3052 qeorq.
2476 2978 2517 3037 J
2564 2972 2683 3060 96)
2743 2977 2923 3038 flava
2982 2976 3219 3058 Ceres,

607 3091 842 3150 furvum
890 3090 1156 3167 nigrum,
1204 3086 1427 3148 fulvum
1480 3088 1651 3165 nigro
1699 3085 1983 3165 rubeum,
2030 3086 2185 3144 sicut
2231 3081 2454 3144 fulvum
2502 3083 2732 3145 leonem
2781 3086 3060 3166 dicimuS,
3108 3084 3217 3145 l'ul-

604 3214 735 3256 vam
781 3194 1033 3273 aquilam
1082 3204 1141 3255 et
1193 3194 1414 3255 fulvum
1462 3211 1672 3255 aurum
1720 3200 1781 3252 et
1829 3184 2047 3273 (Vera.
2089 3195 2233 3251 Aen.
2274 3191 2416 3250 XII
2463 3185 2620 3272 792)
2670 3187 2731 3251 ‘l'
2738 3191 2897 3253 ulva
2943 3210 3218 3272 pugnas
3246 3206 3303 3244 25

607 3302 688 3362 de
744 3300 929 3362 nube
987 3295 1355 3382 tuentem',
1412 3318 1561 3380 quae
1618 3297 1864 3358 liaberet
1920 3300 2159 3375 igneum
2215 3295 2434 3375 aliquid
2498 3298 2570 3358 de
2629 3298 2868 3359 caelesti
2919 3308 2979 3360 et
3024 3297 3216 3359 sordi-

607 3408 748 3468 dum
788 3407 861 3467 de
900 3406 1153 3487 lugubri.
1212 3406 1435 3468 fulvum
1474 3415 1636 3468 certe
1675 3423 1906 3487 aurum,
1945 3405 2041 3464 cui
2079 3402 2149 3463 ad
2189 3402 2466 3464 decorem
2510 3404 2844 3484 splendoris
2881 3406 2974 3465 sui
3020 3404 3218 3484 nigelli

608 3513 827 3592 aliquid
876 3513 1128 3575 additur.

785 3621 1003 3681 Forum
1061 3629 1276 3682 neutro
1331 3639 1550 3701 genere
1608 3618 1862 3680 dicimus
1918 3617 2112 3679 locum
2160 3617 2341 3679 rebus
2388 3619 2630 3698 agendis
2687 3618 3072 3700 destinatum,
3127 3617 3219 3677 vel

608 3746 742 3788 cum
775 3729 1196 3788 commercium
1229 3728 1656 3807 significamus5
1688 3726 1849 3785 soros
1879 3724 2199 3785 masculine
2240 3724 2498 3788 tabulata
2528 3729 2791 3807 navium,
2821 3724 2923 3786 ubi
2964 3727 3220 3803 remiges
3249 3742 3303 3777 80

610 3834 846 3916 sedent,
892 3842 952 3894 et
998 3852 1234 3914 semper
1277 3832 1606 3913 pluraliter.

792 4086 816 4131 1
860 4078 1086 4148 aquam]
1124 4093 1275 4146 aqua
1311 4075 1368 4129 P
1505 4080 1537 4128 2
1577 4074 1646 4128 de
1683 4075 1839 4129 fonte
1879 4075 1998 4130 siue
2036 4076 2105 4130 de
2142 4077 2294 4131 terra
2328 4076 2382 4130 L
2523 4083 2554 4130 3
2595 4075 2731 4147 fere]
2770 4076 2945 4131 sermo
2983 4074 3080 4134 §L

610 4166 643 4213 4
682 4157 985 4228 fraglantia
1021 4157 1072 4210 L
1107 4155 1410 4225 flagrantia
1441 4154 1577 4209 MP
1609 4155 1921 4223 fragrantia
1955 4171 1988 4213 ς
2133 4162 2166 4210 6
2203 4158 2477 4226 exprobat
2517 4157 2572 4210 P
2608 4154 2637 4185 ⁸
2709 4156 2990 4225 opprobat
3027 4155 3082 4207 P

613 4245 677 4292 13
717 4237 983 4293 excubiae
1021 4254 1118 4306 per
1155 4237 1193 4290 b
1231 4235 1534 4290 eorundem
1571 4236 1629 4288 et
1664 4235 1967 4290 earundem
2014 4252 2114 4304 per
2149 4254 2186 4291 n
2225 4253 2337 4291 non
2371 4252 2472 4305 per
2507 4254 2563 4291 m
2602 4235 2838 4291 exuuiae
2878 4251 2978 4304 per
3013 4252 3049 4288 u
3088 4233 3221 4288 scri·

608 4318 824 4374 bendae
863 4316 1224 4386 exprimenda
1257 4330 1368 4369 non
1405 4331 1506 4384 per
1541 4331 1599 4366 m
1636 4313 1690 4365 L
1798 4315 2121 4371 scribendae
2158 4333 2259 4370 om.
2293 4316 2368 4370 M
2475 4323 2542 4371 14
2579 4315 2902 4372 eorumdem
2940 4316 3000 4369 el:
3026 4330 3223 4368 earun-

610 4399 736 4453 dem
770 4414 870 4466 per
895 4416 934 4451 n
962 4413 1073 4452 non
1102 4412 1203 4465 per
1229 4414 1265 4449 n
1298 4396 1353 4448 P
1460 4401 1526 4449 16
1565 4412 1624 4449 es
1653 4395 1825 4466 longa
1854 4395 1989 4449 ML
2025 4398 2111 4450 est
2145 4396 2316 4465 longa
2343 4395 2446 4454 ςΡ
2553 4402 2618 4451 17
2656 4394 2904 4466 plemina
2927 4393 3224 4463 posteriore

609 4479 724 4533 loco
762 4477 939 4546 Caper
971 4484 1044 4544 p.
1066 4481 1158 4542 99,
1193 4480 1248 4543 9,
1288 4475 1513 4531 flemina
1551 4476 1665 4529 PL
1701 4475 1965 4530 fleumina
2001 4474 2076 4528 M
2215 4482 2278 4531 18
2319 4476 2541 4533 callosis
2577 4476 2632 4529 L
2669 4476 2891 4531 collosis
2930 4475 3005 4529 Μ
3048 4475 3220 4529 callo-

610 4559 687 4614 ris
727 4558 784 4612 P
818 4556 1012 4612 callosi
1051 4555 1228 4627 Caper
1354 4563 1420 4611 19
1458 4556 1635 4614 fastos
1673 4556 1743 4611 de
1778 4554 1937 4609 libris
1974 4554 2070 4612 [ις
2211 4562 2281 4610 20
2315 4556 2477 4627 facit]
2518 4558 2577 4612 et
2610 4555 2751 4611 facit
2790 4555 2847 4607 P
2969 4560 3035 4608 22
3072 4572 3221 4608 mur·

573 4654 734 4699 ‚mor
774 4637 830 4691 P
989 4642 1060 4691 34
1097 4636 1280 4708 nigro]
1318 4637 1482 4707 nigru
1525 4637 1582 4690 P
1748 4642 1817 4690 25
1855 4636 1915 4689 et
1949 4634 2108 4691 fulua
2141 4653 2423 4708 pugnasse
2457 4636 2527 4691 de
2568 4634 2709 4689 MP
2741 4635 2806 4688 ut
2840 4634 2998 4688 fulua
3030 4651 3226 4703 pugna

611 4734 671 4771 se
709 4717 778 4771 de
816 4718 868 4769 L
903 4719 969 4771 ui,
1003 4716 1188 4771 fuluas
1223 4733 1441 4786 pugnas
1477 4717 1547 4771 de
1585 4732 1618 4775 ς
1765 4720 1832 4768 27
1872 4713 2057 4784 nigiui
2098 4715 2155 4769 P
2292 4716 2385 4771 *28Χ
2409 4715 2636 4770 additur
2665 4714 2741 4768 Μ
2773 4712 2950 4769 addat
2987 4714 3043 4767 P
3074 4719 3125 4767 et
3160 4719 3225 4768 ut

611 4797 826 4850 videtur
861 4797 914 4849 L
950 4798 1190 4853 addatur
1227 4813 1260 4856 ς
1404 4804 1474 4853 30
1511 4793 1930 4863 commercium]
1970 4795 2236 4851 mercium
2278 4795 2335 4848 P
2475 4801 2539 4848 31
2580 4796 2640 4848 et
2675 4809 2895 4861 semper
2930 4793 3226 4862 pluraliter

611 4894 712 4933 om.
756 4877 825 4947 P,
855 4883 981 4946 post
1018 4885 1140 4945 273,
1187 4886 1207 4932 t
1249 4878 1397 4944 facit
1424 4878 1621 4932 habent
1661 4878 1735 4931 M
1743 4877 1823 4930 L:
1858 4878 1927 4943 cf.
1970 4875 2185 4933 Charis.
2215 4893 2273 4944 p.
2315 4880 2402 4947 71,
2439 4880 2518 4931 29
