3613 5528
640 431 771 497 47ss
1621 432 1975 488 ARVSIANI
2012 433 2252 488 MESSII

637 548 684 585 p.
711 534 805 574 282.
835 534 914 574 233
943 535 994 574 12.

849 638 1050 698 quem
1099 638 1224 698 ego
1271 619 1631 681 tantillum
1679 638 1976 699 puerum
2023 623 2092 681 13
2141 617 2464 680 manibus
2509 623 2787 699 gestavi
2836 623 3026 681 meis,

635 744 778 805 gero
819 727 934 788 ¹hac
983 747 1074 808 re,
1122 726 1292 807 Verg.
1340 728 1482 787 Aen.
1521 726 1626 787 ΧΠ
1674 728 1867 800 (944)
1916 738 2128 807 atque
2176 728 2494 789 humeris
2540 729 2903 789 inimicum
2952 729 3241 806 insigne

633 834 992 913 gerebat.

814 941 1058 1003 Gratum
1107 942 1214 1003 tibi
1261 952 1379 1024 est,
1427 941 1547 1003 Cic.
1594 941 1913 1004 Hortensio
1961 942 2407 1023 Luculloque
2464 950 2711 1003 noster
2766 941 3116 1004 adventus
3173 953 3243 1003 et

632 1058 879 1127 gratus
937 1059 1006 1111 et
1060 1050 1426 1111 iucundus
1483 1050 1747 1110 suisset
1784 1096 1797 1109 .
1837 1058 2070 1130 gratum
2117 1049 2429 1111 adversum
2476 1059 2535 1111 te
2583 1068 2692 1129 pro
2740 1049 2876 1131 tibi,
2921 1050 3056 1111 Ter.
3090 1049 3237 1110 And.
3271 1068 3301 1108 5

634 1157 703 1229 (I
744 1157 907 1233 1,15)
956 1157 1021 1218 id
1070 1167 1345 1237 gratum
1397 1157 1623 1218 fuisse
1671 1158 2043 1219 adversum
2093 1166 2158 1217 te
2209 1206 2220 1217 .

809 1263 1056 1328 Genitus
1102 1264 1185 1326 illi
1233 1268 1320 1326 rei
1368 1265 1694 1339 faciendae,
1743 1264 1857 1326 Sal.
1897 1265 2029 1326 hist.
2070 1264 2147 1325 ΙΙΙ
2194 1265 2599 1346 perdendae
2646 1267 2995 1345 pecuniae
3042 1268 3240 1344 geni-

634 1381 748 1434 tus
796 1420 809 1433 .
849 1376 1086 1452 genitus
1122 1371 1222 1433 illo
1260 1372 1417 1455 loco,
1466 1372 1633 1452 Verg.
1663 1372 1806 1434 Aen.
1837 1372 1945 1433 Xll
1975 1373 2172 1446 (708)
2219 1375 2504 1451 genitos
2550 1372 2863 1433 diversis
2908 1371 3242 1452 partibus

631 1479 831 1541 orbis
879 1528 891 1539 .
939 1482 1176 1559 genitus
1222 1479 1321 1541 illo
1367 1488 1641 1562 parente,
1687 1480 1847 1541 idem
1893 1481 2036 1541 Aen.
2082 1478 2154 1539 Vl
2203 1480 2380 1553 (131)
2427 1480 2566 1540 diis
2613 1480 2840 1558 geniti
2888 1486 3193 1558 potuere
3226 1528 3239 1539 .

810 1588 1069 1648 Gratiam
1116 1587 1199 1649 illi
1246 1590 1513 1649 criminis
1560 1588 1739 1669 facio,
1786 1586 2003 1648 Salust.
2041 1585 2248 1648 histor.
2294 1585 2375 1646 Ill
2421 1597 2583 1667 post
2629 1587 2947 1648 reditum
2994 1605 3237 1647 eorum
3275 1606 3333 1647 ιο

631 1693 894 1772 quibus
941 1703 1240 1757 senatus
1286 1694 1459 1755 belli
1506 1693 1889 1775 Lepidiani
1934 1697 2241 1775 gratiam
2290 1695 2565 1756 fecerat
2612 1741 2625 1754 .

808 1802 1119 1864 Gratificor
1154 1781 1318 1863 illam*
1349 1821 1476 1864 rem
1515 1801 1651 1884 tibi,
1696 1801 1816 1863 Cic.
1854 1801 1926 1862 de
1967 1819 2090 1881 rep.
2130 1800 2153 1861 1
2193 1801 2448 1876 (asta)
2495 1801 2758 1881 populo
2807 1802 3241 1880 gratificans

630 1919 699 1970 et
747 1908 978 1970 aliena
1027 1919 1094 1971 et
1140 1929 1290 1992 sua,
1338 1909 1456 1971 Sal.
1502 1909 1624 1990 lug.
1674 1910 1834 1984 (3‚3)
1883 1910 2025 1969 nisi
2071 1908 2259 1968 sorte
2307 1925 2515 1988 quem
2570 1908 2953 1970 inhonesta
3009 1907 3238 1969 libido

631 2025 858 2099 tenet,
905 2020 1274 2098 potentiae
1323 2036 1717 2098 paucorum
1766 2018 1988 2077 decus
2036 2025 2248 2095 atque
2294 2013 2713 2076 libertatem
2761 2033 2954 2077 suam
3011 2018 3233 2095 grati-

629 2123 842 2184 ficari
889 2172 902 2184 .
945 2126 954 2198 Ι
3272 2143 3326 2181 15

805 2232 1037 2293 Gratiae
1097 2233 1246 2293 facio
1294 2235 1517 2293 crimen
1570 2249 1791 2304 meum,
1862 2229 1976 2289 Sal.
2025 2228 2146 2309 lug.
2196 2229 2447 2305 (lo—m)
2494 2228 2849 2290 Bocchum
2896 2232 3234 2309 quoniam

630 2341 989 2416 poenitet,
1036 2339 1305 2401 delicta
1350 2341 1625 2418 gratiae
1674 2338 1852 2399 facit
1898 2386 1911 2399 .
2252 2404 2263 2415 ‚

807 2445 1039 2507 Gnarus
1069 2445 1253 2528 iuius,
1292 2445 1404 2506 Sal.
1437 2445 1624 2505 hist!
1665 2455 1734 2506 et
1777 2445 2062 2505 numeri
2108 2461 2352 2504 eorum
2390 2442 2726 2505 Metellus
2772 2463 2900 2524 per
2945 2445 3234 2507 litteras

626 2570 955 2631 gnaruS.

806 2658 1000 2719 Gemit
1045 2666 1337 2737 extrema,
1396 2657 1565 2736 Verg.
1613 2658 1754 2719 Aen.
1804 2656 1881 2717 Xl
1930 2658 2119 2732 (865)
2177 2665 2388 2737 atque
2446 2667 2759 2720 extrema
2817 2668 3232 2738 gementem.
3268 2679 3325 2717 20

805 2766 1010 2827 Gravis
1076 2766 1204 2847 illo,
1278 2766 1335 2826 id
1403 2775 1494 2827 est
1558 2785 1627 2826 ex
1693 2763 1791 2826 illo
1858 2766 2122 2847 gravida,
2186 2764 2355 2845 Verg.
2423 2767 2563 2827 Aen.
2630 2767 2653 2827 Ι
2720 2768 2910 2840 (273)
2985 2772 3232 2847 regina

627 2873 965 2934 sacerdos
1011 2872 1230 2935 Marte
1277 2875 1517 2953 gravis
1565 2920 1577 2934 .
1625 2875 1820 2952 gravis
1867 2872 1976 2932 hac
2024 2891 2115 2948 re,
2165 2872 2330 2951 Verg.
2380 2873 2522 2935 Aen.
2570 2874 2724 2934 Vllll
2772 2876 2965 2948 (246)

981 2981 1093 3061 hic
1140 2983 1345 3041 annis
1393 2981 1629 3059 gravis
1676 2988 1887 3057 atque
1935 2982 2149 3040 animi
2198 2989 2520 3042 maturus
2567 2982 2811 3043 Aletes
2859 3031 2872 3043 .

804 3088 1005 3148 Genus
1051 3087 1231 3149 Italus
1277 3106 1386 3168 pro
1434 3104 1680 3165 genere,
1726 3084 1897 3165 Verg.
1945 3087 2086 3147 Aen.
2134 3085 2179 3143 V
2226 3087 2410 3160 (285)
2458 3088 2709 3149 Cressa
2765 3108 3016 3168 genuS‚
3074 3090 3234 3152 idem

626 3196 767 3255 Aen.
814 3194 941 3255 Vlll
991 3196 1170 3268 (114)
1217 3197 1337 3274 qui
1382 3213 1610 3274 genus
1654 3190 1689 3255 *Ρ
3265 3215 3321 3253 25

805 3420 984 3474 Codex
1021 3420 1314 3475 Parrhasii
1399 3428 1422 3474 1
1475 3420 1788 3491 tantillum]
1846 3421 1963 3474 tam
2008 3419 2170 3473 illum
2351 3425 2383 3473 2
2422 3419 2641 3490 insigne
2698 3422 2773 3477 ba
2822 3421 3080 3492 gerebat,
3135 3426 3235 3480 sed

623 3500 790 3554 deleto
809 3502 1001 3570 priore
1028 3501 1142 3555 1000
1168 3500 1243 3554 ba
1365 3506 1400 3553 4
1441 3498 1674 3555 Lucullo
1704 3515 1872 3568 quem
1898 3501 2088 3554 noster
2213 3505 2245 3552 5
2285 3497 2503 3570 fuisset]
2532 3499 2701 3556 fuisse
2832 3509 2896 3557 13
2934 3502 3233 3560 inhonesto

623 3582 800 3637 libido
965 3587 1030 3636 16
1069 3580 1348 3635 Bacchum
1395 3580 1670 3650 optimum
1717 3579 1971 3650 poenitet
2132 3584 2197 3632 18
2236 3577 2520 3633 Mettellus
2566 3596 2705 3637 corr.
2743 3579 3001 3637 Metellus
3160 3591 3231 3639 22

621 3662 805 3734 vnn]
843 3661 974 3716 VIII
1117 3668 1186 3715 24
1222 3662 1392 3718 Oresa

806 3883 830 3930 1
876 3894 1042 3946 quem
1082 3893 1187 3946 ego
1227 3877 1394 3933 modo
1431 3892 1662 3946 puerum
1701 3874 1990 3929 tantillum
2028 3873 2085 3928 in
2125 3874 2383 3930 manibus
2419 3875 2642 3945 gestavi
2679 3876 2816 3933 mein
2858 3878 3142 3934 Terentius

624 3963 656 4010 4
695 3957 930 4012 Lucullo
968 3957 1192 4025 quidem
1231 3960 1421 4012 noster
1459 3957 1534 4010 M
1567 3998 1582 4012 .
1621 3953 1966 4024 Luculloque
2013 3955 2201 4009 nostro
2247 3956 2448 4023 scripsi
2484 3956 2600 4010 ind.
2636 3957 2797 4012 schol.
2840 3960 3058 4015 Halem.
3097 3964 3229 4015 aeat.

622 4056 672 4094 a.
695 4044 914 4107 187912.
939 4038 1066 4106 XI,
1102 4042 1166 4091 ut
1191 4038 1356 4092 verba
1384 4038 1844 4106 coniunyerentur
1870 4053 1993 4090 cum
2027 4037 2335 4105 fraymento
2370 4052 2438 4089 ex
2472 4037 2649 4091 eodem
2686 4038 2828 4093 libro
2864 4056 2899 4093 a
2935 4040 3231 4094 scholiasta

622 4118 976 4173 Gronoviano
1020 4119 1085 4172 in
1123 4118 1233 4174 Cic.
1270 4120 1336 4173 in
1382 4118 1534 4173 Verr.
1573 4123 1676 4173 act.
1714 4133 1815 4173 sec.
1857 4117 1899 4170 Ι
1932 4121 2101 4182 20,54
2142 4132 2200 4185 p.
2237 4120 2346 4171 404
2382 4116 2463 4171 ed.
2504 4116 2597 4173 Or.
2636 4119 2832 4187 citato,
2875 4121 3021 4189 quod
3058 4121 3229 4176 Mad·

621 4200 802 4268 viyiua
836 4200 978 4267 disp.
1015 4198 1082 4253 de
1116 4200 1316 4254 Aenon.
1354 4199 1588 4268 append.
1627 4214 1688 4267 p.
1728 4204 1802 4254 30
1840 4198 2170 4263 emendavit,
2221 4213 2346 4251 cum
2392 4196 2452 4251 in
2497 4196 2691 4252 villam
2728 4198 2948 4254 Luculli
2996 4202 3230 4255 ventum

622 4283 770 4334 03301
807 4280 958 4334 omni
996 4280 1274 4349 apparatu
1310 4278 1624 4333 venustatis
1660 4280 1942 4345 ornatam,
1992 4276 2339 4348 Luculloque
2388 4280 2580 4334 noster
2626 4277 2900 4335 adventus
2937 4283 2996 4336 01
3031 4283 3228 4351 gratus

621 4363 680 4414 01
712 4359 985 4415 iucundus
1021 4359 1222 4416 fuisset
1258 4381 1272 4416 ε
1310 4361 1379 4428 cf.
1413 4360 1523 4416 Cic.
1555 4362 1621 4415 de
1654 4377 1764 4430 rep.
1797 4360 1841 4412 I
1866 4363 2036 4425 12,18
2179 4363 2212 4412 ὅ
2248 4356 2525 4413 iucundus
2562 4357 2765 4412 fuisset
2797 4377 2865 4415 ex
2901 4377 3013 4416 uno
3047 4362 3231 4417 codiee

632 4442 901 4496 Vaticano
939 4441 1138 4496 Maius
1173 4442 1238 4499 in
1272 4442 1505 4496 editione
1540 4440 1798 4497 Romana
1962 4446 1991 4494 7
2032 4436 2145 4493 Sal.
2184 4438 2311 4493 hiet.
2352 4438 2456 4510 111]
2502 4439 2663 4493 schol.
2710 4439 2776 4493 in
2815 4438 2926 4496 Cic.
2962 4442 3027 4496 in
3074 4440 3226 4498 Vm.

620 4526 723 4576 act.
761 4537 858 4576 sec.
901 4522 942 4574 I
975 4526 1149 4588 23,60
1177 4537 1237 4591 p.
1277 4525 1388 4576 176
1425 4520 1505 4577 ed.
1547 4521 1641 4577 Or.
1826 4526 1891 4574 13
1929 4518 2226 4574 inhonesta.
2262 4520 2322 4573 et
2364 4518 2678 4588 perniciosa
2712 4518 2889 4576 libido
2927 4521 3231 4577 Sallustius

720 4608 786 4656 16
822 4603 1055 4669 sortasse
1090 4600 1305 4672 gratiae
1341 4599 1482 4656 facit
1515 4599 1724 4656 crimen
1770 4616 1983 4669 meum,
2036 4598 2147 4654 Sal.
2187 4598 2307 4667 Ing.
2344 4599 2579 4666 Bocchi,
2636 4599 2903 4669 quoniam
2956 4600 3228 4671 poenitet,

620 4681 827 4736 delicta
879 4682 1097 4751 gratiae
1152 4680 1292 4736 facit
1379 4690 1388 4695 “
1486 4683 1731 4737 ceterum
1787 4680 2036 4751 Bocch0‚
2092 4679 2354 4749 quoniam
2406 4678 2681 4748 paenitet,
2739 4679 2931 4735 delicti
2982 4681 3269 4752 gutiam·

619 4760 758 4815 facit
793 4762 1000 4816 codice-5
1035 4761 1296 4817 Sallustii
1459 4769 1524 4817 18
1562 4765 1621 4817 et
1665 4761 1904 4832 numeri]
1952 4761 2169 4816 itineris
2208 4760 2407 4815 Gan-io
2443 4761 2639 4815 addita
2675 4761 3028 4816 adnotatione
3057 4777 3113 4830 p.
3153 4766 3229 4816 40

618 4840 696 4894 ed.
729 4840 981 4908 Haverc„
1020 4842 1128 4897 ‘ita
1153 4844 1216 4896 in
1251 4856 1364 4895 meo
1391 4840 1675 4897 Anniano
1710 4845 1813 4908 eat,
1849 4843 1994 4910 quod
2029 4843 2099 4898 ab
2136 4842 2267 4898 aliia
2303 4842 2410 4911 leyi
2443 4842 2600 4897 video
2638 4843 2697 4896 01
2730 4840 2978 4897 muneris
3015 4857 3226 4911 eorum,

617 4921 757 4975 male
795 4961 806 4974 .
846 4920 1060 4977 Messala
1095 4922 1157 4976 in
1192 4921 1489 4976 elocutione
1523 4938 1730 4990 gnarus
1766 4921 1944 4975 illius’
