3613 5528
1337 402 1436 456 DE
1474 405 2050 462 ORTHOGRAPHIA
2424 441 2429 448 ρ
2878 402 3021 467 205·

399 517 440 553 p.
469 503 588 545 2816.
617 503 668 543 ιτ
696 504 744 542 P.

573 586 657 647 De
695 586 982 647 divisione
1021 584 1391 665 syllabarum.
1448 588 1598 650 duae
1641 589 1836 669 [sunt]
1877 597 2270 652 consonantes
2308 589 2581 668 impares,
2621 605 2771 667 quae
2810 595 3005 647 tamen
3112 608 3117 614 ¹

398 694 640 754 haerere
673 701 943 775 possunt,
972 695 1024 754 si
1060 692 1199 753 hinc
1226 693 1365 754 inde
1394 695 1653 756 vocalem
1683 698 1991 777 accipiant,
2018 697 2409 774 posteriorem
2440 693 2718 773 syllabam
2746 699 3005 773 sequm-

396 809 522 880 tur;
567 818 739 880 pares
786 800 876 861 vel
923 802 1208 879 impareS,
1254 800 1517 878 singulae
1566 802 1819 883 scilicet,
1881 811 1941 863 et
1986 804 2044 862 in
2094 802 2355 880 priorem
2401 809 2461 861 et
2505 803 2567 861 in
2614 802 3007 880 posteriorem

396 906 765 968 dividuntur:
819 914 1108 986 potestaS,
1163 909 1476 968 novissima
1536 908 1752 988 syllaba
1810 917 1934 969 stas
1996 910 2136 987 erit,
2195 915 2396 978 noster
2452 916 2603 987 ster,
2659 916 2829 986 capto
2885 915 3008 987 pto,

344 1023 370 1063 ⁵
399 1023 496 1075 aut
555 1014 657 1075 ubi
714 1023 837 1075 tres
885 1020 1050 1093 sunt,
1111 1020 1177 1072 ut
1233 1012 1522 1092 plostrum
1571 1023 1789 1094 strum,
1850 1012 2107 1074 lustrant
2153 1021 2368 1094 strant,
2424 1015 2747 1093 capistrum
2796 1020 3007 1092 strum,
3122 1003 3139 1010 ’

399 1139 580 1201 aeque
620 1120 946 1182 claustrum
986 1127 1243 1180 rastrum
1284 1129 1631 1201 campestre.
1689 1123 1814 1181 fere
1853 1128 2051 1181 autem
2089 1127 2212 1180 tres
2248 1120 2357 1180 hae
2399 1128 2792 1181 consonantes
2830 1121 3006 1180 tertio

365 1226 522 1287 loco
570 1246 601 1287 r
645 1227 899 1308 habent,
945 1235 1005 1287 et
1051 1225 1196 1286 aliae
1242 1226 1262 1286 l
1308 1226 1593 1308 litteram,
1638 1236 1708 1289 ut
1742 1227 1933 1288 astula
1979 1236 2038 1288 et
2085 1230 2144 1287 in
2194 1226 2439 1289 elisione
2486 1226 2662 1308 astla,
2706 1226 3005 1306 pestulum

389 1338 671 1411 pesllum:
715 1333 885 1394 aliter
924 1332 1085 1394 nullo
1124 1331 1299 1392 modo
1337 1332 1531 1394 tribus
1570 1333 2033 1395 consonantibus
2072 1335 2267 1404 unitas
2310 1332 2562 1413 syllabae
2603 1331 2793 1392 datur.
2869 1350 3005 1391 cum

395 1458 565 1519 pares
611 1448 782 1522 sunt,
844 1439 1109 1519 singulae
1157 1437 1228 1498 ad
1276 1439 1536 1519 singulas
1583 1438 1834 1520 syllabas
1878 1438 2077 1500 ibunt:
2124 1438 2273 1500 duae
2321 1440 2478 1500 enim
2523 1456 2700 1518 pares
2757 1436 3009 1518 litterae,

321 1557 370 1595 1⁰
398 1564 500 1608 seu
547 1547 779 1608 vocales
827 1550 947 1608 sint
993 1564 1100 1607 seu
1147 1553 1560 1636 consonanteS,
1605 1564 1722 1607 non
1762 1552 2007 1606 coeunt:
2055 1544 2326 1606 similiter
2360 1563 2511 1625 quae
2559 1543 2839 1623 syllabam
2887 1562 3007 1604 non

397 1653 641 1735 faciunt,
687 1657 739 1714 si
787 1652 1046 1714 vocalem
1093 1654 1409 1732 accipiant,
1456 1655 1692 1713 tametsi
1738 1637 1995 1731 i‘mpares
2034 1659 2206 1733 sunt,
2249 1660 2319 1713 ut
2363 1669 2542 1731 carpo
2580 1651 2823 1711 dorsum
2863 1649 3005 1709 Por-

394 1762 537 1822 cius.
621 1779 736 1822 una
794 1778 1126 1821 consonans
1181 1761 1338 1821 inter
1394 1759 1541 1820 duas
1597 1759 1828 1820 vocales
1885 1761 2073 1838 posita
2131 1761 2524 1839 posteriorem
2581 1737 2901 1838 sequitur,
2940 1765 3007 1817 ut

393 1867 558 1928 Paris
595 1868 744 1947 lapis
782 1875 964 1929 tutus.
1013 1875 1072 1927 at
1107 1869 1160 1927 si
1196 1869 1353 1927 inter
1393 1866 1622 1927 vocales
1661 1885 1995 1927 consonans
2033 1868 2216 1927 suerit
2253 1873 2314 1926 et
2349 1865 2643 1945 digamma
2685 1865 3005 1944 posterius,

394 1972 576 2033 vocali
630 1975 921 2053 digamma
976 1971 1336 2034 adhaerebit.
1408 1975 1524 2033 iam
1580 1974 1741 2032 enim
1786 1972 1907 2033 dixi
1954 1980 2198 2053 excepta
2248 1991 2284 2050 q
2336 1972 2527 2033 littera
2587 1979 2647 2031 et
2691 1989 2730 2050 g
2786 1968 3003 2030 nullam

316 2089 365 2128 1⁵
393 2078 563 2139 aliam
622 2089 1046 2159 consonantem
1108 2099 1245 2141 cum
1305 2082 1434 2141 eius
1496 2081 1653 2141 modi
1715 2079 1951 2160 syllabis
2013 2082 2369 2161 consistere,
2429 2087 2496 2140 ut
2563 2078 2725 2139 solvo
2758 2043 3005 2136 *nervus

394 2185 557 2246 volvo
612 2186 770 2247 larva
824 2187 1034 2267 pulvis.
1121 2189 1321 2265 itaque
1371 2188 1578 2274 ‘tenuis
1635 2189 1685 2247 si
1740 2186 2109 2267 trisyllabum
2167 2193 2285 2267 est,
2354 2204 2391 2245 n
2448 2201 2781 2245 consonans
2836 2182 2906 2242 ad
2964 2201 3005 2242 u

393 2292 645 2375 accedit,
691 2297 743 2354 si
789 2292 1166 2373 disyllabum,
1213 2291 1285 2352 ad
1332 2312 1392 2353 e:
1439 2311 1625 2373 aeque
1673 2292 1847 2354 belua
1892 2293 2095 2354 malva.

568 2398 854 2480 Dispicio,
911 2399 1159 2460 verbum
1215 2401 1637 2481 compositum,
1693 2402 2003 2479 quaeritur
2065 2410 2266 2461 utrum
2326 2417 2435 2479 per
2496 2397 2614 2459 duo
2674 2416 2703 2458 s
2764 2416 2838 2457 an
2898 2414 3005 2476 per

394 2523 574 2566 unum
632 2504 813 2566 scribi
868 2505 1107 2587 debeat,
1161 2513 1223 2566 et
1281 2514 1484 2568 utrum
1538 2509 1618 2567 ita
1664 2506 1872 2588 dividi,
1928 2506 2019 2568 dis
2066 2516 2127 2568 et
2184 2509 2399 2587 spicio,
2455 2525 2535 2567 an
2584 2508 2653 2566 di
2695 2514 2753 2565 et
2797 2506 3004 2581 spicio.

312 2620 365 2660 2⁰
391 2619 451 2672 et
505 2610 825 2673 divisionis*
859 2613 1097 2692 quidem
1145 2614 1274 2674 eius
1332 2613 1520 2673 facilis
1577 2615 1727 2673 ratio
1774 2621 1893 2693 est,
1949 2615 2227 2692 qnoniam
2273 2630 2481 2673 omnes
2534 2611 3005 2691 praepositiones

389 2720 653 2799 integrae
701 2720 1059 2800 separandae
1107 2726 1276 2800 sunt,
1334 2727 1401 2780 ut
1446 2727 1538 2781 est
1592 2718 1837 2781 abstulit
1881 2718 1985 2780 abs
2034 2727 2094 2781 et
2140 2718 2306 2801 tulit,
2363 2718 2668 2780 transtulit
2722 2725 2886 2779 trans
2944 2722 3007 2777 et

391 2824 550 2906 tulit,
595 2825 906 2888 abscondit
950 2825 1055 2887 abs
1102 2835 1164 2887 et
1211 2826 1415 2889 condit
1461 2836 1522 2889 et
1568 2836 1767 2899 cetera
1814 2827 1908 2888 his
1954 2826 2183 2887 similia.
2256 2844 2365 2905 per
2402 2826 2520 2886 duo
2557 2833 2754 2895 autem
2792 2842 2823 2884 s
2860 2825 3004 2883 scri·

388 2930 649 2994 bendum
689 2930 699 3013 Ι
739 2941 857 3015 est,
901 2952 1021 2994 non
1068 2952 1178 3013 per
1223 2953 1438 3016 unum,
1495 2937 1774 3015 quoniam
1822 2952 1894 2993 ex
1953 2916 2394 3013 praepositione
2440 2943 2502 2993 et
2546 2930 2726 2991 verbo
2774 2937 3006 2991 constat

389 3056 519 3099 esse
567 3043 991 3123 compositum,
1047 3059 1226 3120 quem
1264 3042 1335 3103 ad
1384 3042 1626 3104 modum
1663 3049 1757 3103 est
1801 3042 2105 3120 conspicio
2152 3041 2373 3119 aspicio
2430 3039 2720 3119 despici03
2775 3054 2843 3097 ac
2896 3055 3005 3116 per

313 3155 363 3195 ²5
392 3143 503 3206 hoc
548 3165 659 3226 per
696 3147 814 3209 duo
851 3166 881 3207 s
927 3132 1207 3228 disspicio
1256 3149 1437 3210 scribi
1482 3148 1660 3209 debet
1696 3151 1884 3209 etita
1930 3146 2139 3227 dividi,
2185 3146 2277 3206 dis
2316 3153 2375 3206 et
2421 3147 2623 3225 spicio.
2700 3162 2818 3204 non
2856 3142 3002 3203 nulli

393 3270 529 3312 vero
575 3253 825 3333 dispicio
880 3273 1000 3334 per·
1035 3272 1221 3316 unum
1267 3274 1296 3314 s
1343 3255 1723 3317 scribendum
1779 3263 2018 3336 putant,
2079 3253 2235 3333 quod
2294 3252 2656 3332 praepositio
2701 3248 3002 3323 interdum

390 3356 646 3419 litteram
692 3359 926 3442 perdat,
982 3369 1050 3422 ut
1096 3369 1190 3421 est
1235 3360 1451 3422 diduco
1498 3361 1693 3422 divido
1742 3359 2018 3423 diiudico.
2093 3360 2199 3421 sod
2244 3358 2459 3419 melius
2504 3365 2597 3418 est
2641 3374 2764 3437 ·per
2809 3356 2927 3416 duo
2975 3373 3004 3414 s

388 3464 570 3526 scribi
615 3444 914 3547 disspicio.

391 3602 512 3609 ————

568 3669 595 3717 1
648 3664 747 3718 DE
797 3664 1171 3722 DIUISIONE
1226 3667 1723 3723 SYLLABARUM
1773 3667 1928 3721 tituli
1976 3666 2089 3746 lopo
2132 3666 2482 3735 praescripta
2527 3669 2660 3718 sunt
2701 3663 2766 3717 in
2810 3661 2929 3716 AB
2943 3659 3002 3715 0.

385 3743 621 3809 forta-sse
653 3745 715 3798 in
752 3743 1028 3800 divisione
1066 3748 1412 3817 syllabarum
1451 3750 1594 3804 duae
1632 3747 1998 3803 consonantes
2175 3744 2443 3814 impares]
2489 3742 2548 3796 in
2594 3744 2785 3812 partes
2813 3741 3007 3810 priore

388 3822 500 3877 loco
535 3822 609 3893 B,
647 3829 875 3894 utroque
910 3824 1025 3880 loco
1059 3826 1116 3879 A
1306 3834 1339 3883 5
1375 3829 1497 3900 aut]
1535 3831 1598 3884 at
1631 3826 1812 3881 ABG
1973 3824 2272 3895 plostrum]
2311 3823 2622 3894 plaustrum
2664 3822 2711 3875 G
2876 3828 2907 3876 ‘a'
2947 3825 3006 3877 et

387 3902 499 3956 alia
533 3904 556 3957 l
591 3903 843 3959 litteram
872 3908 936 3961 ut
963 3908 1150 3962 astula
1177 3910 1236 3964 et
1270 3908 1332 3963 in
1368 3909 1601 3969 elisione
1638 3908 1812 3963 ascl'a
1846 3903 2126 3974 pestulum
2155 3904 2320 3959 aliter
2355 3904 2410 3957 A
2449 3904 2511 3958 et
2544 3901 2660 3956 alia
2695 3901 2716 3954 l
2752 3901 3003 3955 litteram

388 3983 452 4034 nt
486 3984 708 4039 castula
743 3987 803 4039 et
836 3986 895 4040 in
930 3986 1164 4042 elisione
1203 3989 1354 4043 asela
1390 3990 1672 4058 pestulum
1703 3987 1869 4041 aliter
1903 3984 1959 4038 B
1996 3987 2056 4039 et
2090 3983 2204 4038 alia
2240 3984 2261 4037 l
2296 3983 2492 4038 littera
2526 3983 2592 4036 ut
2626 3980 2813 4036 astula
2850 3984 2908 4035 et
2945 3980 3002 4034 in

386 4060 585 4118 lisione
615 4064 771 4119 asela
796 4066 1079 4135 pestulum
1109 4068 1275 4123 aliter
1313 4069 1361 4123 0
1402 4072 1462 4124 et
1496 4068 1643 4124 aliae
1680 4069 1703 4122 l
1739 4067 1988 4121 litteram
2024 4066 2091 4120 ut
2127 4065 2307 4120 astcla
2342 4062 2554 4132 (assula
2593 4060 2811 4129 Carrio)
2851 4063 2909 4114 et
2944 4060 3003 4114 in

387 4142 616 4199 elisione
654 4145 812 4199 asela
843 4146 1135 4215 pestulum
1173 4149 1481 4218 (pessulum
1521 4148 1740 4215 Garn'o)
1777 4146 1946 4200 aliter
1982 4160 2018 4203 ς
2159 4150 2192 4198 9
2230 4142 2477 4213 syllabas
2514 4158 2615 4197 om.
2653 4140 2709 4194 B
2854 4140 3001 4193 enim

387 4239 484 4278 om.
521 4224 639 4278 AG
744 4227 932 4298 pares]
971 4228 1166 4295 partes
1198 4232 1253 4282 A
1367 4236 1429 4284 11
1467 4227 1734 4298 impares]
1772 4225 1832 4279 in
1860 4227 2049 4295 partes
2086 4225 2140 4278 A
2251 4224 2475 4279 dorsum
2511 4221 2632 4275 AB
2670 4220 2929 4274 deorsum
2960 4218 3008 4271 0

458 4308 524 4356 13
560 4303 739 4373 tutus]
781 4306 938 4359 turus
973 4305 1089 4358 BG
1119 4306 1260 4363 tirus
1294 4309 1349 4362 A
1477 4309 1524 4363 si
1562 4325 1663 4363 om.
1700 4307 1756 4360 A
1904 4311 1971 4359 14
2008 4304 2294 4375 digamma
2328 4301 2659 4357 adhaerebit
2694 4299 2749 4353 A
2785 4297 2999 4365 digam-

385 4398 509 4436 mae
546 4382 877 4439 adbaerebit
909 4386 965 4440 Β
980 4386 1027 4440 0
1166 4391 1399 4458 excepto
1438 4406 1475 4457 q
1512 4388 1705 4442 littera
1739 4404 1779 4455 g
1819 4383 1866 4437 0
2006 4392 2072 4440 15
2111 4383 2412 4440 consistere
2449 4380 2565 4435 AG
2597 4376 2909 4434 consentire
2944 4376 3001 4429 Β

456 4461 613 4518 soluo
642 4479 815 4518 neruo
843 4466 1011 4523 noluo
1039 4467 1227 4523 laruos
1263 4467 1450 4537 puluis
1484 4468 1539 4521 B
1578 4467 1738 4524 soluo
1766 4483 1937 4522 neruo
1964 4465 2094 4522 uolo
2132 4465 2291 4520 larua
2326 4462 2512 4533 puluis
2549 4460 2603 4513 A
2641 4459 2799 4513 soluo
2828 4474 3000 4513 uerno

387 4541 554 4597 uolbo
597 4541 827 4598 larbuos
872 4546 1059 4615 puluis
1106 4546 1155 4601 0
1330 4553 1397 4602 16
1444 4566 1483 4601 n
1528 4564 1628 4603 om.
1667 4547 1722 4600 A
1906 4552 1969 4599 17
2020 4544 2094 4599 ad
2140 4559 2172 4596 e
2207 4558 2383 4610 aeque
2428 4539 2622 4593 bellua
2657 4539 2712 4593 A
2749 4537 3001 4606 adaeque

387 4620 556 4676 belua
590 4621 710 4677 ΒΟ
812 4629 879 4679 18
917 4625 1014 4695 an]
1052 4627 1154 4680 aut
1186 4625 1242 4679 B
1354 4633 1418 4683 19
1455 4628 1540 4683 ita
1575 4625 1751 4682 dividi
1779 4658 1846 4666 -
1886 4632 1957 4681 20
1984 4622 2165 4680 facilis
2202 4638 2304 4677 om.
2340 4618 2457 4673 AG
2551 4617 2637 4671 ais
2676 4618 2735 4671 et
2768 4615 2918 4685 Picio
2945 4616 3001 4670 B

456 4719 528 4756 an
557 4702 616 4756 di
644 4704 704 4757 et
739 4702 914 4773 spicio
951 4720 1053 4758 om.
1081 4704 1137 4757 Β
1244 4710 1314 4759 20
1350 4722 1542 4761 omnes
1576 4707 2022 4777 praepositiones
2058 4702 2310 4772 integrae
2343 4696 2687 4769 separandae
2726 4697 2856 4750 sunt
2891 4696 2945 4749 B
2959 4696 3006 4748 C'

385 4787 508 4834 offa
540 4782 885 4852 praepositio
913 4783 1135 4853 integra
1161 4785 1472 4853 separanda
1499 4788 1585 4841 est
1619 4789 1674 4839 A
1781 4791 1853 4840 24
1890 4783 2195 4855 conspicio]
2227 4779 2560 4849 compositio
2590 4778 2639 4835 C'
2741 4784 2810 4833 26
2841 4778 2997 4848 vero]

388 4863 445 4916 et
476 4862 533 4914 A
679 4862 854 4932 quod]
891 4880 1036 4933 quae
1072 4864 1128 4916 B
1165 4882 1203 4935 q
1238 4867 1292 4920 A
1438 4872 1505 4921 27
1543 4866 1736 4921 divido
1772 4880 1875 4921 om.
1916 4865 1964 4918 G
