3613 5528
624 405 755 468 502
1609 404 1960 461 ARVSIANI
1996 403 2237 460 MESSII

619 515 668 552 p.
696 506 787 547 255.
816 506 894 546 856
922 505 974 550 L.

622 609 888 671 poenas
925 591 1199 673 docuit,
1247 589 1364 652 Cic.
1394 593 1454 651 in
1483 590 1757 652 Pisonem
1788 592 2036 673 (21,50)
2076 599 2145 653 et
2181 592 2647 671 gravissimae
2687 588 2917 670 legum
2955 609 3230 671 poenae

622 707 960 760 vetarent
1005 719 1020 760 τ
1066 700 1154 759 sic
1200 698 1494 760 Salustius
1541 697 1675 759 hist.
1726 699 1767 758 I
1805 716 1961 759 nam
2009 700 2321 760 iniuriae
2370 697 2801 758 validiorum
2849 745 2863 759 .

799 804 1052 886 Propter
1099 814 1186 886 te,
1232 804 1290 865 id
1339 813 1430 865 est
1475 806 1562 865 tui
1608 822 1814 885 causa,
1859 802 2028 883 Verg.
2078 803 2220 864 Aen.
2269 802 2375 863 1111
2422 805 2613 877 (320)

941 921 1007 972 te
1056 921 1359 993 propter
1405 909 1669 991 Libyae
1716 921 1976 990 gentes
2022 910 2549 990 Nomadumque
2599 914 2888 991 tyranni

939 1018 1219 1079 odere.

621 1122 870 1205 propter
916 1134 1005 1205 te,
1052 1126 1213 1187 iuxta
1261 1133 1348 1206 te,
1395 1124 1513 1186 Cic.
1560 1127 1621 1187 in
1669 1126 1944 1187 Pisonem
1995 1125 2158 1200 (3,6)
2207 1124 2376 1185 mihi
2434 1123 2548 1185 hic
2597 1128 2702 1186 vir
2748 1123 3229 1207 clarissimu8‚

621 1233 741 1311 qui
788 1240 1088 1311 propter
1135 1240 1200 1291 te
1249 1230 1477 1324 sedetp
1524 1230 1791 1293 Lucius
1839 1231 2141 1313 Gellius,
2190 1229 2357 1310 Verg.
2405 1250 2564 1312 geor.
2612 1231 2692 1291 111
2740 1232 2876 1305 (13)

941 1347 1009 1398 et
1053 1337 1268 1398 viridi
1315 1339 1386 1398 in
1433 1356 1676 1418 campo
1726 1338 2065 1418 templum
2112 1337 2194 1398 de
2245 1356 2592 1399 marmore
2638 1357 2889 1419 ponam

939 1453 1242 1526 propter
1289 1463 1533 1524 aquam
1582 1493 1595 1507 .

798 1551 1087 1632 Properat
1121 1552 1279 1613 illam
1317 1571 1470 1635 rem,
1517 1551 1688 1632 Verg.
1727 1554 1868 1614 Aen.
1908 1551 2064 1613 Vllll
2105 1553 2294 1627 (401)
2342 1560 2414 1614 et
2457 1550 2832 1632 pulchram
2877 1564 3229 1633 properet

619 1678 749 1741 per
797 1660 1090 1720 vulnera
1138 1668 1460 1734 mortem,
1510 1658 1622 1720 Sal.
1670 1659 1784 1739 lug.
1835 1660 2046 1734 (324)
2095 1658 2377 1738 aliaque
2423 1677 2832 1739 properare.

798 1767 1126 1847 Praesagus
1172 1767 1330 1828 illius
1378 1768 1492 1848 rei,
1539 1765 1709 1846 Verg.
1754 1765 1896 1826 Aen.
1944 1764 1997 1824 X
2044 1766 2230 1839 (843)
2278 1783 2622 1845 praesaga
2670 1766 2831 1826 mali
2880 1784 3089 1826 mens,

797 1873 1034 1935 Primus
1080 1892 1290 1955 regno,
1336 1871 1505 1953 Verg.
1554 1873 1695 1934 Aen.
1743 1871 1825 1931 XI
1873 1872 2054 1946 (238)

997 1989 1067 2042 et
1112 1983 1385 2062 primus
1432 1980 1745 2059 sceptris
1791 1978 1974 2039 baud
2024 1977 2208 2039 laeta
2255 1978 2497 2040 fronte
2544 1977 2861 2041 Latinus.

798 2086 1087 2149 Praesens
1142 2087 1299 2170 illius
1354 2089 1473 2159 rei,
1555 2085 1726 2161 Very.
1782 2087 1926 2147 Aen.
1984 2084 2061 2145 xl
2119 2086 2304 2157 (483)
2369 2087 2814 2166 armipotens
2878 2103 3228 2167 praesens

620 2196 798 2256 belli
841 2241 854 2254 .

801 2301 944 2363 Post
990 2300 1178 2362 babeo
1227 2319 1415 2362 meam
1463 2319 1589 2361 rem
1638 2310 1737 2362 tua
1783 2319 1879 2381 re,
1924 2300 2093 2380 Verg.
2141 2300 2275 2363 buc.
2323 2303 2533 2376 (7,17)

1045 2419 1211 2489 post
1255 2407 1471 2470 habui
1518 2417 1752 2471 tamen
1799 2407 2094 2469 illorum
2142 2427 2289 2470 mea
2337 2411 2525 2470 seria
2571 2409 2737 2471 ludo
2785 2429 2800 2472 τ

622 2519 708 2576 sic
775 2524 834 2577 et
898 2523 1032 2597 post
1095 2516 1276 2596 duco,
1353 2514 1465 2575 Sal.
1532 2515 1654 2594 lug.
1718 2515 1932 2590 (7326)
1997 2523 2066 2576 et
2124 2533 2254 2576 sua
2319 2519 2732 2577 necessaria
2798 2522 2959 2596 post
3023 2514 3229 2577 illius

621 2625 983 2703 negotium
1031 2623 1296 2684 ducere
1336 2669 1349 2683 .
1388 2632 1524 2704 post
1569 2622 1756 2683 habeo
1796 2622 1951 2683 illam
1992 2641 2117 2683 rem
2156 2641 2296 2703 prae
2335 2624 2431 2685 illa
2456 2644 2563 2705 ·re‚
2609 2624 2744 2685 Ter.
2774 2623 2935 2685 Adel.
2965 2624 3227 2700 (113,9)

737 2732 856 2811 qui
901 2727 948 2810 †
995 2732 1063 2793 in
1112 2733 1341 2793 omnia
1390 2729 1530 2792 sibi
1576 2739 1738 2811 post
1782 2732 2062 2811 putarit
2108 2749 2265 2793 esse
2312 2749 2480 2812 prae
2530 2749 2680 2792 meo
2726 2730 3105 2793 commodo.

798 2839 987 2919 Pergo
1035 2841 1176 2921 iter,
1221 2838 1357 2901 Ter.
1405 2838 1580 2919 Hecy.
1628 2840 1698 2912 (I
1737 2838 1947 2915 2,119)
1993 2857 2279 2919 pergam
2336 2857 2472 2918 quo
2530 2842 2780 2920 occepi
2826 2842 2956 2902 hoc
3003 2844 3163 2903 iter.
3217 2836 3223 2923 Ι

801 2945 1155 3025 Progredior
1213 2945 1312 3007 illo
1372 2946 1527 3027 loco,
1586 2944 1752 3024 Verg.
1800 2946 1944 3005 Aen.
1990 2943 2070 3004 111
2127 2945 2323 3017 (300)
2379 2945 2887 3025 progredimur
2951 2957 3161 3028 portu
3212 2994 3228 3010 .

620 3052 970 3133 progredior
1008 3055 1161 3114 intra
1209 3052 1378 3136 illud,
1425 3052 1594 3132 Verg.
1641 3053 1782 3112 Aen.
1832 3051 1911 3111 xl
1959 3052 2153 3125 (608)

975 3161 1251 3238 iamque
1299 3161 1490 3221 intra
1539 3161 1800 3219 iactum
1848 3158 1977 3220 teli
2023 3177 2462 3240 progressus
2509 3170 2817 3241 uterque
2865 3208 2878 3221 .

797 3267 912 3327 Per
976 3276 1180 3328 mutua
1243 3286 1353 3347 pro
1417 3268 1697 3348 invicem,
1761 3264 1931 3344 Verg.
1999 3266 2140 3327 Aen.
2208 3265 2306 3325 Vll
2374 3268 2523 3341 (66)
2599 3277 2668 3329 et
2731 3268 3037 3348 pedibus
3102 3288 3230 3348 per

623 3384 865 3435 mutua
912 3375 1135 3435 nexis.

823 977 856 1006 Χ

799 3526 981 3583 Cocta
1016 3527 1309 3583 Parrhasii
1384 3536 1409 3582 l
1449 3527 1508 3582 in
1545 3527 1746 3583 Pisone
1908 3535 1940 3582 2
1988 3528 2015 3582 Ι
2049 3545 2149 3584 om.
2314 3537 2344 3583 3
2392 3530 2521 3602 1111]
2568 3529 2674 3585 VII
2832 3537 2865 3585 6
2919 3530 2979 3585 in
3026 3529 3228 3586 Pisone

622 3605 762 3661 mihi
909 3613 937 3662 7
978 3607 1079 3678 III]
1119 3608 1224 3662 1111
1373 3616 1438 3663 10
1467 3608 1758 3679 Properat]
1787 3606 2025 3678 Propter
2165 3613 2428 3679 properet
2460 3609 2584 3681 per]
2622 3612 2851 3680 propter
2996 3616 3057 3664 11
3101 3628 3227 3681 pro-

618 3689 838 3759 perare]
876 3699 1018 3759 prop
1193 3696 1256 3744 12
1293 3690 1568 3760 Presagus
1738 3705 1977 3759 presaga
2149 3694 2213 3742 13
2252 3688 2353 3761 XI]
2392 3688 2523 3743 VIII
2696 3696 2763 3744 15
2798 3691 3031 3745 Presens
3078 3690 3229 3745 illius

621 3769 756 3823 Aen.
794 3768 872 3822 XI
910 3767 1252 3839 armipotens
1298 3787 1525 3840 presens
1561 3769 1694 3824 Post
1741 3768 1922 3824 habeo
2094 3775 2160 3824 18
2206 3769 2369 3824 ludos
2538 3775 2609 3824 24
2653 3769 2799 3825 inter
2844 3771 2988 3827 illud

797 3928 829 3974 2
869 3920 1142 3977 Salustius
1179 3921 1305 3977 hist.
1344 3920 1396 3992 I]
1442 3921 1678 3992 August.
1725 3922 1792 3974 de
1836 3922 1935 3975 civ.
1974 3921 2064 3975 dei
2099 3921 2184 3975 ΙΙ
2226 3927 2300 3975 18
2344 3922 2495 3976 idem
2542 3922 2884 3992 (Sallustius)
2929 3925 3121 3978 tamen
3168 3922 3227 3977 in

618 4002 799 4072 primo
865 4001 1133 4057 historiae
1201 4018 1333 4057 suae
1396 4001 1543 4058 libro
1593 4002 1764 4070 atque
1812 4000 1934 4071 ipso
1982 4002 2101 4056 eius
2148 4001 2375 4056 exordio
2420 4002 2631 4057 fatetur
2677 4034 2741 4041 -—
2789 4018 2918 4056 nam
2970 4002 3227 4072 iniuriae,

619 4082 830 4151 inquit,
869 4082 1203 4138 validiorum
1241 4085 1300 4137 et
1336 4082 1408 4137 ob
1445 4099 1540 4137 eas
1578 4080 1843 4136 discessio
1879 4081 2061 4151 plebis
2098 4099 2132 4135 a
2170 4082 2421 4151 patribus
2457 4088 2551 4136 etc.
2581 4081 2730 4136 Serv.
2762 4084 2824 4136 in
2862 4082 3017 4152 Very.
3045 4099 3224 4154 yeory.

621 4162 724 4215 IV
756 4168 875 4218 238
910 4162 1044 4218 item
1086 4162 1386 4218 Sallustius
1424 4160 1653 4216 ‘iniuria
1685 4161 2069 4230 validiorum’‚
2118 4161 2335 4217 scilicet
2370 4176 2539 4232 quam
2575 4162 2891 4218 inferebant
2926 4163 3227 4220 validiores

727 4249 758 4296 3
798 4242 1056 4315 Propter]
1094 4243 1242 4297 Non.
1273 4260 1334 4312 p.
1372 4247 1484 4298 367
1645 4249 1679 4295 4
1715 4241 1960 4312 Libycae
1997 4246 2192 4313 gentes
2239 4242 2512 4312 Veryssius
2675 4250 2741 4297 10
2779 4243 3020 4313 Propero
3065 4243 3226 4299 illam

619 4341 736 4379 rem
774 4329 824 4378 et
860 4325 1053 4379 deinde
1089 4326 1351 4394 properet
1386 4340 1486 4393 per
1512 4323 1932 4379 Lindemannus
2079 4332 2137 4379 11
2181 4322 2406 4392 aliaque
2442 4339 2584 4392 quae
2622 4321 2848 4392 incepto
2884 4322 3007 4378 usui
3043 4324 3229 4379 forent

617 4422 919 4475 properare
956 4405 1257 4460 Sallustius
1435 4409 1503 4458 15
1541 4404 1913 4474 armipotens,
1959 4421 2183 4475 praeses
2227 4403 2390 4470 belli,
2437 4402 2692 4458 Tritonia
2726 4406 2886 4474 virgo
2934 4404 3228 4474 Veryilius,

617 4485 717 4539 ubi
750 4502 1018 4555 praesens
1056 4485 1255 4555 leq-itur
1289 4487 1354 4539 iu
1390 4485 1667 4540 codicibus
1700 4491 1750 4539 et
1786 4487 1940 4554 apud
1976 4486 2228 4541 Servium
2400 4490 2464 4538 19
2502 4487 2561 4539 et
2598 4499 2699 4537 sua
2735 4484 3051 4539 necessaria
3094 4490 3229 4556 post

620 4565 772 4620 illius
809 4567 1079 4622 honorem
1118 4565 1385 4620 ducerent
1422 4566 1722 4621 Sallustius
1892 4572 1955 4620 21
2007 4567 2143 4636 quin
2190 4565 2379 4621 omnia
2423 4564 2530 4619 sibi
2584 4565 2714 4634 post
2758 4565 2971 4634 putarit
3010 4564 3080 4631 P,
3127 4564 3226 4635 qui

620 4646 810 4701 omnia
845 4646 953 4701 sibi
989 4646 1347 4717 postputavit
1380 4646 1799 4701 Lindemaunus
1836 4688 1849 4701 .
1889 4646 2023 4717 quin
2069 4646 2281 4712 omnia,
2327 4647 2470 4700 sicut
2513 4646 2578 4699 in
2622 4660 2737 4698 uon
2770 4647 2943 4700 nullis
2983 4646 3228 4701 Terentii

620 4728 898 4782 comt-ibus
933 4732 982 4781 et
1018 4728 1172 4797 apud
1208 4727 1492 4782 Donatum
1529 4728 1753 4798 ἱερέων,
1791 4728 2113 4783 Arusianus
2148 4728 2334 4797 leyisse
2368 4727 2606 4793 videtur,
2645 4724 2743 4795 qui
2772 4726 2961 4782 omnia
2986 4728 3228 4797 plna-imi

620 4806 827 4861 codices
859 4807 1128 4873 Terentii,
1166 4807 1263 4876 qui
1300 4806 1607 4876 ignominia
1644 4809 1811 4863 code-‘c
1845 4807 2147 4862 Bembinus
2288 4812 2355 4861 22
2395 4823 2505 4875 quo
2543 4806 2702 4875 coepi
2740 4808 2943 4863 codices
2984 4809 3228 4864 Terentii

620 4891 670 4941 et
705 4886 884 4941 Nonii
916 4904 973 4956 p.
1013 4893 1124 4943 31&
1266 4894 1334 4942 23
1373 4888 1698 4960 progredior
1733 4890 1900 4959 portu
1950 4887 2221 4957 Veryilz'us

3260 1573 3316 1612 10

3260 2108 3315 2147 15

3260 3182 3316 3221 25
