3613 5528
620 422 746 487 142
1315 420 1775 478 cAsstonn
1814 393 1910 477 De
1949 418 2531 477 on'rnooRAPfflA

613 610 890 689 bergensi
937 608 1139 683 codice
1188 617 1247 669 et
1290 610 1351 668 in
1402 607 1895 687 Sangermanensi
1953 626 2023 668 ea
2068 607 2191 667 sola
2240 625 2389 686 quae
2448 608 2510 667 in
2558 607 2816 667 editione
2865 605 3105 667 exhibui
3151 606 3224 699 de

618 718 887 777 universa
949 726 1075 776 arte
1140 718 1517 793 grammatica
1579 717 1798 794 scripta
1862 723 2027 796 sunt3
2092 733 2286 794 neque
2350 713 2520 794 plura
2580 733 2612 773 a
2673 712 3048 774 Cassiodorio
3113 713 3225 774 boc

614 823 742 882 loco
800 823 1022 901 scripta
1067 838 1197 881 esse
1246 820 1558 881 manifesto
1612 819 1835 881 indicat
1891 819 2150 880 clausula
2199 821 2256 880 in
2317 820 2431 881 line
2480 820 2704 903 addita,
2758 824 2914 882 haec
2961 822 3226 880 breviter

613 932 781 989 (licta
825 927 1143 1001 sufficiant
1188 945 1316 1006 sqq.
1390 929 1450 987 in
1490 925 1977 1005 wirceburgensi
2024 935 2221 987 autern
2261 927 2464 988 codice
2504 936 2565 988 et
2610 929 2669 987 in
2710 946 2781 987 eo
2820 945 2890 987 ex
2929 945 3048 1006 quo
3086 924 3225 985 olim

614 1034 673 1094 hi
730 1033 863 1094 libri
919 1032 1063 1094 editi
1119 1040 1259 1093 sunt
1314 1032 1580 1093 subiecta
1638 1041 1765 1092 erat
1833 1033 2067 1112 longior
2123 1033 2443 1113 disputatio
2487 1020 2572 1093 'de
2631 1032 2971 1094 nominibus
3028 1041 3086 1092 et
3151 1031 3224 1091 de

613 1140 809 1201 verbis
856 1159 927 1200 ex
976 1140 1244 1200 Martiani
1283 1138 1549 1219 Capellae
1600 1138 1751 1198 libro
1800 1141 2004 1219 tertio,
2054 1141 2210 1199 sicut
2256 1139 2406 1220 dixi,
2453 1141 2721 1219 repetita.
2796 1148 3034 1219 praeter
3080 1138 3224 1199 baec

613 1247 1022 1327 supplementa
1068 1249 1277 1329 igitur,
1323 1263 1472 1326 quae
1515 1264 1632 1306 non
1671 1244 1742 1304 ab
1785 1247 1915 1324 ipso
1954 1245 2328 1307 Cassiodorio
2367 1248 2587 1325 scripta
2629 1246 2730 1306 sed
2780 1246 2850 1306 a’d
2897 1246 3223 1325 augendam

612 1356 742 1414 eius
797 1353 1256 1432 disputationem
1313 1360 1517 1432 postea
1572 1351 1766 1412 addita
1829 1359 1994 1433 sunt,
2048 1351 2307 1412 dubitari
2356 1370 2473 1413 non
2529 1359 2762 1432 poterat
2809 1355 2950 1432 quin
2999 1351 3222 1412 Wirce·

612 1459 927 1538 burgensis
984 1459 1119 1519 libri
1175 1460 1469 1539 scriptura
1530 1458 1774 1538 reliquis
1830 1459 2253 1539 praeferretur.
2346 1461 2408 1519 in
2464 1461 2761 1539 excerptis
2817 1458 2950 1519 libri
3006 1447 3225 1538 prioris

615 1569 971 1646 scripturam
1019 1566 1240 1626 codicis
1288 1564 1737 1644 Bambergensis
1785 1564 2052 1646 exhibui,
2110 1584 2463 1645 quamquam
2521 1568 2582 1626 in
2639 1566 2750 1626 hoc
2799 1584 3035 1645 quoque
3084 1574 3224 1626 sunt

615 1691 763 1752 quae
814 1673 1281 1752 interpolationis
1329 1674 1728 1752 suspicionem
1778 1682 2068 1732 moveant.
