<?xml version="1.0" encoding="UTF-8"?>
<!DOCTYPE html PUBLIC "-//W3C//DTD XHTML 1.0 Transitional//EN"
    "http://www.w3.org/TR/xhtml1/DTD/xhtml1-transitional.dtd">
<html xmlns="http://www.w3.org/1999/xhtml" xml:lang="en" lang="en">
 <head>
  <title>
</title>
<meta http-equiv="Content-Type" content="text/html;charset=utf-8" />
  <meta name='ocr-system' content='tesseract 3.04.00' />
  <meta name='ocr-capabilities' content='ocr_page ocr_carea ocr_par ocr_line ocrx_word'/>
</head>
<body>
  <div class='ocr_page' id='page_1' title='image "./grammaticilatin09keilgoog_0035.png"; bbox 0 0 3613 5528; ppageno 0'>
   <div class='ocr_carea' id='block_1_1' title="bbox 377 431 2985 583">
    <p class='ocr_par' dir='ltr' id='par_1_1' title="bbox 377 431 2985 583">
     <span class='ocr_line' id='line_1_1' title="bbox 1324 431 2985 496; baseline -0.001 -9"><span class='ocrx_word' id='word_1_1' title='bbox 1324 433 1418 487; x_wconf 88' lang='lat' dir='ltr'><strong>DE</strong></span> <span class='ocrx_word' id='word_1_2' title='bbox 1457 431 2034 489; x_wconf 82' lang='lat' dir='ltr'><strong>ORTHOGRAPHIA</strong></span> <span class='ocrx_word' id='word_1_3' title='bbox 2259 467 2268 474; x_wconf 91' lang='lat'>-</span> <span class='ocrx_word' id='word_1_4' title='bbox 2898 432 2985 496; x_wconf 81' lang='lat'><strong>25</strong></span> 
     </span>
     <span class='ocr_line' id='line_1_2' title="bbox 377 534 723 583; baseline -0.003 -10"><span class='ocrx_word' id='word_1_5' title='bbox 377 548 421 583; x_wconf 81' lang='lat' dir='ltr'><strong>p.</strong></span> <span class='ocrx_word' id='word_1_6' title='bbox 452 536 569 575; x_wconf 70' lang='lat'><strong>2259.</strong></span> <span class='ocrx_word' id='word_1_7' title='bbox 596 536 650 574; x_wconf 79' lang='lat' dir='ltr'><strong>so</strong></span> <span class='ocrx_word' id='word_1_8' title='bbox 674 534 723 573; x_wconf 79' lang='lat' dir='ltr'><strong>P.</strong></span> 
     </span>
    </p>
   </div>
   <div class='ocr_carea' id='block_1_2' title="bbox 376 616 2988 1021">
    <p class='ocr_par' dir='ltr' id='par_1_2' title="bbox 376 616 2988 1021">
     <span class='ocr_line' id='line_1_3' title="bbox 378 616 2984 701; baseline -0.001 -21"><span class='ocrx_word' id='word_1_9' title='bbox 378 622 634 701; x_wconf 91' lang='lat' dir='ltr'><strong>optimus</strong></span> <span class='ocrx_word' id='word_1_10' title='bbox 680 617 750 678; x_wconf 88' lang='lat' dir='ltr'><strong>ab</strong></span> <span class='ocrx_word' id='word_1_11' title='bbox 797 622 1036 700; x_wconf 88' lang='lat' dir='ltr'><strong>optione</strong></span> <span class='ocrx_word' id='word_1_12' title='bbox 1083 619 1320 699; x_wconf 88' lang='lat' dir='ltr'><strong>dicitur,</strong></span> <span class='ocrx_word' id='word_1_13' title='bbox 1369 637 1554 698; x_wconf 87' lang='lat' dir='ltr'><strong>quare</strong></span> <span class='ocrx_word' id='word_1_14' title='bbox 1599 619 1879 698; x_wconf 87' lang='lat' dir='ltr'><strong>optimus.</strong></span> <span class='ocrx_word' id='word_1_15' title='bbox 1953 616 2182 679; x_wconf 90' lang='lat' dir='ltr'><strong>artibus</strong></span> <span class='ocrx_word' id='word_1_16' title='bbox 2219 627 2416 680; x_wconf 90' lang='lat' dir='ltr'><strong>autem</strong></span> <span class='ocrx_word' id='word_1_17' title='bbox 2455 627 2517 679; x_wconf 90' lang='lat' dir='ltr'><strong>et</strong></span> <span class='ocrx_word' id='word_1_18' title='bbox 2561 617 2810 679; x_wconf 87' lang='lat' dir='ltr'><strong>artubus</strong></span> <span class='ocrx_word' id='word_1_19' title='bbox 2857 619 2984 696; x_wconf 90' lang='lat' dir='ltr'><strong>qui·</strong></span> 
     </span>
     <span class='ocr_line' id='line_1_4' title="bbox 377 723 2985 808; baseline -0.001 -20"><span class='ocrx_word' id='word_1_20' title='bbox 377 728 510 788; x_wconf 89' lang='lat' dir='ltr'><strong>dam</strong></span> <span class='ocrx_word' id='word_1_21' title='bbox 552 729 955 808; x_wconf 81' lang='lat' dir='ltr'><strong>variaverunt,</strong></span> <span class='ocrx_word' id='word_1_22' title='bbox 1002 734 1063 787; x_wconf 88' lang='lat' dir='ltr'><strong>et</strong></span> <span class='ocrx_word' id='word_1_23' title='bbox 1107 744 1216 805; x_wconf 89' lang='lat' dir='ltr'><strong>per</strong></span> <span class='ocrx_word' id='word_1_24' title='bbox 1261 728 1281 785; x_wconf 90' lang='lat' dir='ltr'><strong>i</strong></span> <span class='ocrx_word' id='word_1_25' title='bbox 1329 725 1565 804; x_wconf 89' lang='lat' dir='ltr'><strong>quidem</strong></span> <span class='ocrx_word' id='word_1_26' title='bbox 1615 725 1810 786; x_wconf 89' lang='lat' dir='ltr'><strong>dativo</strong></span> <span class='ocrx_word' id='word_1_27' title='bbox 1857 733 1919 785; x_wconf 90' lang='lat' dir='ltr'><strong>et</strong></span> <span class='ocrx_word' id='word_1_28' title='bbox 1964 723 2211 786; x_wconf 86' lang='lat' dir='ltr'><strong>ablativo</strong></span> <span class='ocrx_word' id='word_1_29' title='bbox 2258 724 2472 806; x_wconf 80' lang='lat' dir='ltr'><strong>plurali</strong></span> <span class='ocrx_word' id='word_1_30' title='bbox 2518 725 2702 786; x_wconf 86' lang='lat' dir='ltr'><strong>scribi</strong></span> <span class='ocrx_word' id='word_1_31' title='bbox 2748 732 2985 804; x_wconf 86' lang='lat' dir='ltr'><strong>putave-</strong></span> 
     </span>
     <span class='ocr_line' id='line_1_5' title="bbox 377 831 2982 915; baseline -0 -21"><span class='ocrx_word' id='word_1_32' title='bbox 377 842 544 915; x_wconf 88' lang='lat' dir='ltr'><strong>runt,</strong></span> <span class='ocrx_word' id='word_1_33' title='bbox 601 836 875 912; x_wconf 88' lang='lat' dir='ltr'><strong>quotiens</strong></span> <span class='ocrx_word' id='word_1_34' title='bbox 930 833 1003 893; x_wconf 83' lang='lat' dir='ltr'><strong>ab</strong></span> <span class='ocrx_word' id='word_1_35' title='bbox 1060 842 1187 893; x_wconf 89' lang='lat' dir='ltr'><strong>arte</strong></span> <span class='ocrx_word' id='word_1_36' title='bbox 1243 833 1540 914; x_wconf 80' lang='lat' dir='ltr'><strong>dicerent,</strong></span> <span class='ocrx_word' id='word_1_37' title='bbox 1597 841 1666 893; x_wconf 91' lang='lat' dir='ltr'><strong>ut</strong></span> <span class='ocrx_word' id='word_1_38' title='bbox 1720 835 1798 893; x_wconf 90' lang='lat' dir='ltr'><strong>sit</strong></span> <span class='ocrx_word' id='word_1_39' title='bbox 1853 850 1949 892; x_wconf 89' lang='lat' dir='ltr'><strong>ars</strong></span> <span class='ocrx_word' id='word_1_40' title='bbox 2005 835 2149 893; x_wconf 89' lang='lat' dir='ltr'><strong>artis</strong></span> <span class='ocrx_word' id='word_1_41' title='bbox 2197 831 2442 914; x_wconf 79' lang='lat' dir='ltr'><strong>artibuS,</strong></span> <span class='ocrx_word' id='word_1_42' title='bbox 2488 832 2738 893; x_wconf 87' lang='lat' dir='ltr'><strong>artubus</strong></span> <span class='ocrx_word' id='word_1_43' title='bbox 2784 841 2982 893; x_wconf 90' lang='lat' dir='ltr'><strong>autem</strong></span> 
     </span>
     <span class='ocr_line' id='line_1_6' title="bbox 376 939 2988 1021; baseline -0 -21"><span class='ocrx_word' id='word_1_44' title='bbox 376 958 487 1020; x_wconf 88' lang='lat' dir='ltr'><strong>per</strong></span> <span class='ocrx_word' id='word_1_45' title='bbox 541 960 607 1021; x_wconf 93' lang='lat' dir='ltr'><strong>u,</strong></span> <span class='ocrx_word' id='word_1_46' title='bbox 661 944 936 1020; x_wconf 89' lang='lat' dir='ltr'><strong>quotiens</strong></span> <span class='ocrx_word' id='word_1_47' title='bbox 992 940 1065 1002; x_wconf 91' lang='lat' dir='ltr'><strong>ab</strong></span> <span class='ocrx_word' id='word_1_48' title='bbox 1122 960 1193 1001; x_wconf 92' lang='lat' dir='ltr'><strong>eo</strong></span> <span class='ocrx_word' id='word_1_49' title='bbox 1249 940 1407 1020; x_wconf 92' lang='lat' dir='ltr'><strong>quod</strong></span> <span class='ocrx_word' id='word_1_50' title='bbox 1467 948 1667 1001; x_wconf 86' lang='lat' dir='ltr'><strong>essent</strong></span> <span class='ocrx_word' id='word_1_51' title='bbox 1727 947 1910 1001; x_wconf 90' lang='lat' dir='ltr'><strong>artus.</strong></span> <span class='ocrx_word' id='word_1_52' title='bbox 1987 940 2142 1000; x_wconf 88' lang='lat' dir='ltr'><strong>unde</strong></span> <span class='ocrx_word' id='word_1_53' title='bbox 2191 939 2345 1019; x_wconf 89' lang='lat' dir='ltr'><strong>apud</strong></span> <span class='ocrx_word' id='word_1_54' title='bbox 2393 939 2737 1001; x_wconf 88' lang='lat' dir='ltr'><strong>Lucretium</strong></span> <span class='ocrx_word' id='word_1_55' title='bbox 2781 939 2988 1018; x_wconf 83' lang='lat' dir='ltr'><strong>legunt</strong></span> 
     </span>
    </p>
   </div>
   <div class='ocr_carea' id='block_1_3' title="bbox 322 1073 2512 1371">
    <p class='ocr_par' dir='ltr' id='par_1_3' title="bbox 322 1073 2512 1371">
     <span class='ocr_line' id='line_1_7' title="bbox 322 1073 2419 1154; baseline 0 -21"><span class='ocrx_word' id='word_1_56' title='bbox 322 1092 347 1133; x_wconf 85' lang='lat'><strong>5</strong></span> <span class='ocrx_word' id='word_1_57' title='bbox 1739 1075 1908 1135; x_wconf 90' lang='lat' dir='ltr'><strong>hinc</strong></span> <span class='ocrx_word' id='word_1_58' title='bbox 1957 1092 2130 1134; x_wconf 86' lang='lat' dir='ltr'><strong>nova</strong></span> <span class='ocrx_word' id='word_1_59' title='bbox 2178 1073 2419 1154; x_wconf 87' lang='lat' dir='ltr'><strong>proles</strong></span> 
     </span>
     <span class='ocr_line' id='line_1_8' title="bbox 694 1179 2512 1263; baseline -0.002 -18"><span class='ocrx_word' id='word_1_60' title='bbox 694 1184 994 1245; x_wconf 88' lang='lat' dir='ltr'><strong>artubus</strong></span> <span class='ocrx_word' id='word_1_61' title='bbox 1042 1184 1358 1244; x_wconf 81' lang='lat' dir='ltr'><strong>infirmis</strong></span> <span class='ocrx_word' id='word_1_62' title='bbox 1406 1192 1698 1244; x_wconf 84' lang='lat' dir='ltr'><strong>teneras</strong></span> <span class='ocrx_word' id='word_1_63' title='bbox 1742 1182 2009 1243; x_wconf 87' lang='lat' dir='ltr'><strong>lasciva</strong></span> <span class='ocrx_word' id='word_1_64' title='bbox 2056 1200 2183 1263; x_wconf 91' lang='lat' dir='ltr'><strong>per</strong></span> <span class='ocrx_word' id='word_1_65' title='bbox 2229 1179 2512 1241; x_wconf 89' lang='lat' dir='ltr'><strong>herbas·</strong></span> 
     </span>
     <span class='ocr_line' id='line_1_9' title="bbox 695 1291 1247 1371; baseline 0 -20"><span class='ocrx_word' id='word_1_66' title='bbox 695 1291 729 1352; x_wconf 90' lang='lat' dir='ltr'><strong>l.</strong></span> <span class='ocrx_word' id='word_1_67' title='bbox 775 1291 811 1352; x_wconf 89' lang='lat'><strong>1.</strong></span> <span class='ocrx_word' id='word_1_68' title='bbox 860 1311 916 1351; x_wconf 89' lang='lat' dir='ltr'><strong>n.</strong></span> <span class='ocrx_word' id='word_1_69' title='bbox 966 1310 1040 1351; x_wconf 90' lang='lat' dir='ltr'><strong>m.</strong></span> <span class='ocrx_word' id='word_1_70' title='bbox 1086 1310 1142 1371; x_wconf 89' lang='lat' dir='ltr'><strong>p.</strong></span> <span class='ocrx_word' id='word_1_71' title='bbox 1193 1309 1247 1351; x_wconf 90' lang='lat' dir='ltr'><strong>n.</strong></span> 
     </span>
    </p>
   </div>
   <div class='ocr_carea' id='block_1_4' title="bbox 300 1417 2991 2792">
    <p class='ocr_par' dir='ltr' id='par_1_4' title="bbox 300 1417 2991 2792">
     <span class='ocr_line' id='line_1_10' title="bbox 378 1417 2986 1505; baseline -0.002 -19"><span class='ocrx_word' id='word_1_72' title='bbox 378 1425 588 1504; x_wconf 90' lang='lat' dir='ltr'><strong>quodsi</strong></span> <span class='ocrx_word' id='word_1_73' title='bbox 636 1424 1032 1486; x_wconf 87' lang='lat' dir='ltr'><strong>distinctionis</strong></span> <span class='ocrx_word' id='word_1_74' title='bbox 1080 1445 1254 1487; x_wconf 87' lang='lat' dir='ltr'><strong>causa</strong></span> <span class='ocrx_word' id='word_1_75' title='bbox 1303 1428 1454 1486; x_wconf 90' lang='lat' dir='ltr'><strong>ratio</strong></span> <span class='ocrx_word' id='word_1_76' title='bbox 1503 1426 1926 1505; x_wconf 81' lang='lat' dir='ltr'><strong>corrumpitur,</strong></span> <span class='ocrx_word' id='word_1_77' title='bbox 1972 1425 2033 1483; x_wconf 93' lang='lat' dir='ltr'><strong>in</strong></span> <span class='ocrx_word' id='word_1_78' title='bbox 2074 1442 2144 1484; x_wconf 88' lang='lat' dir='ltr'><strong>eo</strong></span> <span class='ocrx_word' id='word_1_79' title='bbox 2183 1423 2340 1502; x_wconf 92' lang='lat' dir='ltr'><strong>quod</strong></span> <span class='ocrx_word' id='word_1_80' title='bbox 2382 1432 2473 1484; x_wconf 90' lang='lat' dir='ltr'><strong>est</strong></span> <span class='ocrx_word' id='word_1_81' title='bbox 2512 1417 2764 1484; x_wconf 75' lang='lat' dir='ltr'><strong>‘caveas&#39;</strong></span> <span class='ocrx_word' id='word_1_82' title='bbox 2803 1441 2986 1502; x_wconf 87' lang='lat' dir='ltr'><strong>quare</strong></span> 
     </span>
     <span class='ocr_line' id='line_1_11' title="bbox 380 1528 2981 1612; baseline -0 -21"><span class='ocrx_word' id='word_1_83' title='bbox 380 1551 495 1591; x_wconf 92' lang='lat' dir='ltr'><strong>non</strong></span> <span class='ocrx_word' id='word_1_84' title='bbox 542 1540 643 1593; x_wconf 89' lang='lat' dir='ltr'><strong>aut</strong></span> <span class='ocrx_word' id='word_1_85' title='bbox 688 1541 997 1596; x_wconf 86' lang='lat' dir='ltr'><strong>accentum</strong></span> <span class='ocrx_word' id='word_1_86' title='bbox 1044 1543 1145 1594; x_wconf 88' lang='lat' dir='ltr'><strong>aut</strong></span> <span class='ocrx_word' id='word_1_87' title='bbox 1194 1534 1447 1593; x_wconf 83' lang='lat' dir='ltr'><strong>litteram</strong></span> <span class='ocrx_word' id='word_1_88' title='bbox 1497 1540 1813 1612; x_wconf 77' lang='lat' dir='ltr'><strong>mutamuS,</strong></span> <span class='ocrx_word' id='word_1_89' title='bbox 1859 1548 1995 1591; x_wconf 89' lang='lat' dir='ltr'><strong>cum</strong></span> <span class='ocrx_word' id='word_1_90' title='bbox 2043 1537 2102 1589; x_wconf 86' lang='lat' dir='ltr'><strong>et</strong></span> <span class='ocrx_word' id='word_1_91' title='bbox 2141 1528 2386 1589; x_wconf 77' lang='lat' dir='ltr'><strong>verbum</strong></span> <span class='ocrx_word' id='word_1_92' title='bbox 2434 1538 2494 1590; x_wconf 91' lang='lat' dir='ltr'><strong>et</strong></span> <span class='ocrx_word' id='word_1_93' title='bbox 2540 1547 2755 1590; x_wconf 89' lang='lat' dir='ltr'><strong>nomeu</strong></span> <span class='ocrx_word' id='word_1_94' title='bbox 2805 1532 2981 1609; x_wconf 85' lang='lat' dir='ltr'><strong>signi-</strong></span> 
     </span>
     <span class='ocr_line' id='line_1_12' title="bbox 304 1633 2986 1722; baseline 0.001 -28"><span class='ocrx_word' id='word_1_95' title='bbox 304 1657 351 1694; x_wconf 88' lang='grc' dir='ltr'><strong>ιο</strong></span> <span class='ocrx_word' id='word_1_96' title='bbox 379 1640 529 1719; x_wconf 77' lang='lat' dir='ltr'><strong>ticet,</strong></span> <span class='ocrx_word' id='word_1_97' title='bbox 575 1647 634 1698; x_wconf 89' lang='lat' dir='ltr'><strong>et</strong></span> <span class='ocrx_word' id='word_1_98' title='bbox 680 1641 740 1698; x_wconf 89' lang='lat' dir='ltr'><strong>iu</strong></span> <span class='ocrx_word' id='word_1_99' title='bbox 788 1639 900 1699; x_wconf 89' lang='lat' dir='ltr'><strong>hoc</strong></span> <span class='ocrx_word' id='word_1_100' title='bbox 949 1633 1206 1722; x_wconf 35' lang='lat' dir='ltr'><strong>“tectis’,</strong></span> <span class='ocrx_word' id='word_1_101' title='bbox 1258 1633 1265 1721; x_wconf 83' lang='grc' dir='ltr'>Ι</span> <span class='ocrx_word' id='word_1_102' title='bbox 1326 1657 1461 1699; x_wconf 84' lang='lat' dir='ltr'><strong>rum</strong></span> <span class='ocrx_word' id='word_1_103' title='bbox 1522 1646 1583 1721; x_wconf 83' lang='lat' dir='ltr'><strong>et</strong></span> <span class='ocrx_word' id='word_1_104' title='bbox 1628 1656 1843 1698; x_wconf 89' lang='lat' dir='ltr'><strong>nomeu</strong></span> <span class='ocrx_word' id='word_1_105' title='bbox 1892 1647 1952 1697; x_wconf 89' lang='lat' dir='ltr'><strong>et</strong></span> <span class='ocrx_word' id='word_1_106' title='bbox 1997 1637 2373 1718; x_wconf 88' lang='lat' dir='ltr'><strong>participium</strong></span> <span class='ocrx_word' id='word_1_107' title='bbox 2422 1638 2524 1716; x_wconf 87' lang='lat' dir='ltr'><strong>sit,</strong></span> <span class='ocrx_word' id='word_1_108' title='bbox 2572 1644 2632 1696; x_wconf 86' lang='lat' dir='ltr'><strong>et</strong></span> <span class='ocrx_word' id='word_1_109' title='bbox 2678 1638 2739 1696; x_wconf 92' lang='lat' dir='ltr'><strong>in</strong></span> <span class='ocrx_word' id='word_1_110' title='bbox 2787 1636 2986 1697; x_wconf 88' lang='lat' dir='ltr'><strong>simili-</strong></span> 
     </span>
     <span class='ocr_line' id='line_1_13' title="bbox 376 1742 2987 1826; baseline -0.001 -21"><span class='ocrx_word' id='word_1_111' title='bbox 376 1742 528 1806; x_wconf 78' lang='lat' dir='ltr'><strong>bus?</strong></span> <span class='ocrx_word' id='word_1_112' title='bbox 560 1764 723 1825; x_wconf 11' lang='lat' dir='ltr'><strong>,ergo</strong></span> <span class='ocrx_word' id='word_1_113' title='bbox 772 1765 881 1805; x_wconf 85' lang='lat' dir='ltr'><strong>vox</strong></span> <span class='ocrx_word' id='word_1_114' title='bbox 929 1745 1265 1826; x_wconf 87' lang='lat' dir='ltr'><strong>scribenda,</strong></span> <span class='ocrx_word' id='word_1_115' title='bbox 1315 1765 1432 1826; x_wconf 87' lang='lat' dir='ltr'><strong>quo</strong></span> <span class='ocrx_word' id='word_1_116' title='bbox 1482 1744 1652 1805; x_wconf 91' lang='lat' dir='ltr'><strong>modo</strong></span> <span class='ocrx_word' id='word_1_117' title='bbox 1706 1754 1766 1804; x_wconf 93' lang='lat' dir='ltr'><strong>et</strong></span> <span class='ocrx_word' id='word_1_118' title='bbox 1804 1753 1991 1805; x_wconf 87' lang='lat' dir='ltr'><strong>sonat.</strong></span> <span class='ocrx_word' id='word_1_119' title='bbox 2060 1762 2231 1804; x_wconf 89' lang='lat' dir='ltr'><strong>nemo</strong></span> <span class='ocrx_word' id='word_1_120' title='bbox 2287 1752 2485 1804; x_wconf 87' lang='lat' dir='ltr'><strong>autem</strong></span> <span class='ocrx_word' id='word_1_121' title='bbox 2538 1762 2818 1823; x_wconf 88' lang='lat' dir='ltr'><strong>umquam</strong></span> <span class='ocrx_word' id='word_1_122' title='bbox 2869 1752 2987 1804; x_wconf 90' lang='lat' dir='ltr'><strong>tam</strong></span> 
     </span>
     <span class='ocr_line' id='line_1_14' title="bbox 378 1852 1410 1931; baseline 0.001 -20"><span class='ocrx_word' id='word_1_123' title='bbox 378 1852 596 1912; x_wconf 85' lang='lat' dir='ltr'><strong>insulse</strong></span> <span class='ocrx_word' id='word_1_124' title='bbox 644 1872 751 1931; x_wconf 92' lang='lat' dir='ltr'><strong>per</strong></span> <span class='ocrx_word' id='word_1_125' title='bbox 797 1871 836 1912; x_wconf 96' lang='grc' dir='ltr'><strong>ιι</strong></span> <span class='ocrx_word' id='word_1_126' title='bbox 885 1853 1133 1915; x_wconf 84' lang='lat' dir='ltr'><strong>artubus</strong></span> <span class='ocrx_word' id='word_1_127' title='bbox 1181 1853 1410 1913; x_wconf 80' lang='lat' dir='ltr'><strong>dixerit.</strong></span> 
     </span>
     <span class='ocr_line' id='line_1_15' title="bbox 550 1958 2991 2042; baseline -0 -23"><span class='ocrx_word' id='word_1_128' title='bbox 550 1959 596 2018; x_wconf 77' lang='lat' dir='ltr'><strong>Y</strong></span> <span class='ocrx_word' id='word_1_129' title='bbox 642 1960 898 2020; x_wconf 86' lang='lat' dir='ltr'><strong>litteram</strong></span> <span class='ocrx_word' id='word_1_130' title='bbox 946 1979 1372 2042; x_wconf 88' lang='lat' dir='ltr'><strong>supervacuam</strong></span> <span class='ocrx_word' id='word_1_131' title='bbox 1420 1959 1602 2020; x_wconf 90' lang='lat' dir='ltr'><strong>latino</strong></span> <span class='ocrx_word' id='word_1_132' title='bbox 1652 1961 1913 2021; x_wconf 86' lang='lat' dir='ltr'><strong>sermoni</strong></span> <span class='ocrx_word' id='word_1_133' title='bbox 1961 1966 2350 2041; x_wconf 88' lang='lat' dir='ltr'><strong>putaverunt,</strong></span> <span class='ocrx_word' id='word_1_134' title='bbox 2407 1960 2682 2038; x_wconf 88' lang='lat' dir='ltr'><strong>quoniam</strong></span> <span class='ocrx_word' id='word_1_135' title='bbox 2734 1977 2844 2038; x_wconf 87' lang='lat' dir='ltr'><strong>pro</strong></span> <span class='ocrx_word' id='word_1_136' title='bbox 2895 1958 2991 2019; x_wconf 89' lang='lat' dir='ltr'><strong>illa</strong></span> 
     </span>
     <span class='ocr_line' id='line_1_16' title="bbox 379 2064 2988 2147; baseline -0 -21"><span class='ocrx_word' id='word_1_137' title='bbox 379 2086 416 2127; x_wconf 91' lang='grc' dir='ltr'><strong>ιι</strong></span> <span class='ocrx_word' id='word_1_138' title='bbox 456 2066 712 2128; x_wconf 87' lang='lat' dir='ltr'><strong>cederet.</strong></span> <span class='ocrx_word' id='word_1_139' title='bbox 773 2067 877 2127; x_wconf 89' lang='lat' dir='ltr'><strong>sed</strong></span> <span class='ocrx_word' id='word_1_140' title='bbox 916 2085 1052 2128; x_wconf 90' lang='lat' dir='ltr'><strong>cum</strong></span> <span class='ocrx_word' id='word_1_141' title='bbox 1094 2067 1379 2147; x_wconf 84' lang='lat' dir='ltr'><strong>quaedam</strong></span> <span class='ocrx_word' id='word_1_142' title='bbox 1418 2069 1479 2127; x_wconf 92' lang='lat' dir='ltr'><strong>in</strong></span> <span class='ocrx_word' id='word_1_143' title='bbox 1520 2076 1788 2128; x_wconf 89' lang='lat' dir='ltr'><strong>nostrum</strong></span> <span class='ocrx_word' id='word_1_144' title='bbox 1829 2084 2165 2126; x_wconf 89' lang='lat' dir='ltr'><strong>sermonem</strong></span> <span class='ocrx_word' id='word_1_145' title='bbox 2215 2085 2423 2145; x_wconf 85' lang='lat' dir='ltr'><strong>graeca</strong></span> <span class='ocrx_word' id='word_1_146' title='bbox 2463 2068 2699 2131; x_wconf 84' lang='lat' dir='ltr'><strong>nomina</strong></span> <span class='ocrx_word' id='word_1_147' title='bbox 2738 2064 2988 2126; x_wconf 86' lang='lat' dir='ltr'><strong>admissa</strong></span> 
     </span>
     <span class='ocr_line' id='line_1_17' title="bbox 306 2172 2989 2255; baseline 0.001 -27"><span class='ocrx_word' id='word_1_148' title='bbox 306 2189 353 2228; x_wconf 84' lang='lat'><strong>15</strong></span> <span class='ocrx_word' id='word_1_149' title='bbox 380 2175 524 2253; x_wconf 88' lang='lat' dir='ltr'><strong>sint,</strong></span> <span class='ocrx_word' id='word_1_150' title='bbox 580 2176 640 2234; x_wconf 90' lang='lat' dir='ltr'><strong>in</strong></span> <span class='ocrx_word' id='word_1_151' title='bbox 699 2174 916 2253; x_wconf 87' lang='lat' dir='ltr'><strong>quibus</strong></span> <span class='ocrx_word' id='word_1_152' title='bbox 963 2174 1268 2235; x_wconf 81' lang='lat' dir='ltr'><strong>evidenter</strong></span> <span class='ocrx_word' id='word_1_153' title='bbox 1315 2193 1498 2236; x_wconf 90' lang='lat' dir='ltr'><strong>sonus</strong></span> <span class='ocrx_word' id='word_1_154' title='bbox 1545 2174 1723 2235; x_wconf 90' lang='lat' dir='ltr'><strong>huius</strong></span> <span class='ocrx_word' id='word_1_155' title='bbox 1782 2173 2013 2234; x_wconf 87' lang='lat' dir='ltr'><strong>litterae</strong></span> <span class='ocrx_word' id='word_1_156' title='bbox 2069 2175 2449 2255; x_wconf 87' lang='lat' dir='ltr'><strong>exprimitur,</strong></span> <span class='ocrx_word' id='word_1_157' title='bbox 2503 2182 2570 2234; x_wconf 90' lang='lat' dir='ltr'><strong>ut</strong></span> <span class='ocrx_word' id='word_1_158' title='bbox 2622 2172 2989 2252; x_wconf 77' lang='lat' dir='ltr'><strong>hyperbaton</strong></span> 
     </span>
     <span class='ocr_line' id='line_1_18' title="bbox 382 2280 2990 2365; baseline 0 -25"><span class='ocrx_word' id='word_1_159' title='bbox 382 2290 440 2341; x_wconf 85' lang='lat' dir='ltr'><strong>et</strong></span> <span class='ocrx_word' id='word_1_160' title='bbox 478 2280 732 2360; x_wconf 85' lang='lat' dir='ltr'><strong>hymnus</strong></span> <span class='ocrx_word' id='word_1_161' title='bbox 772 2290 831 2342; x_wconf 91' lang='lat' dir='ltr'><strong>et</strong></span> <span class='ocrx_word' id='word_1_162' title='bbox 867 2281 1218 2361; x_wconf 79' lang='lat' dir='ltr'><strong>hyacinthus</strong></span> <span class='ocrx_word' id='word_1_163' title='bbox 1257 2292 1317 2344; x_wconf 85' lang='lat' dir='ltr'><strong>et</strong></span> <span class='ocrx_word' id='word_1_164' title='bbox 1355 2282 1585 2365; x_wconf 87' lang='lat' dir='ltr'><strong>similia,</strong></span> <span class='ocrx_word' id='word_1_165' title='bbox 1632 2284 1691 2342; x_wconf 88' lang='lat' dir='ltr'><strong>in</strong></span> <span class='ocrx_word' id='word_1_166' title='bbox 1732 2281 1954 2342; x_wconf 88' lang='lat' dir='ltr'><strong>eisdem</strong></span> <span class='ocrx_word' id='word_1_167' title='bbox 1996 2281 2103 2341; x_wconf 90' lang='lat' dir='ltr'><strong>hac</strong></span> <span class='ocrx_word' id='word_1_168' title='bbox 2142 2280 2337 2342; x_wconf 87' lang='lat' dir='ltr'><strong>littera</strong></span> <span class='ocrx_word' id='word_1_169' title='bbox 2374 2283 2712 2341; x_wconf 90' lang='lat' dir='ltr'><strong>necessario</strong></span> <span class='ocrx_word' id='word_1_170' title='bbox 2752 2281 2990 2341; x_wconf 89' lang='lat' dir='ltr'><strong>utimur.</strong></span> 
     </span>
     <span class='ocr_line' id='line_1_19' title="bbox 555 2388 2990 2467; baseline 0 -20"><span class='ocrx_word' id='word_1_171' title='bbox 555 2388 899 2458; x_wconf 86' lang='lat' dir='ltr'><strong>Quaesitum</strong></span> <span class='ocrx_word' id='word_1_172' title='bbox 962 2398 1055 2449; x_wconf 88' lang='lat' dir='ltr'><strong>est</strong></span> <span class='ocrx_word' id='word_1_173' title='bbox 1114 2398 1175 2450; x_wconf 90' lang='lat' dir='ltr'><strong>et</strong></span> <span class='ocrx_word' id='word_1_174' title='bbox 1235 2388 1307 2448; x_wconf 90' lang='lat' dir='ltr'><strong>de</strong></span> <span class='ocrx_word' id='word_1_175' title='bbox 1376 2391 1700 2451; x_wconf 88' lang='lat' dir='ltr'><strong>mutatione</strong></span> <span class='ocrx_word' id='word_1_176' title='bbox 1763 2389 2113 2449; x_wconf 87' lang='lat' dir='ltr'><strong>novissimae</strong></span> <span class='ocrx_word' id='word_1_177' title='bbox 2178 2388 2409 2448; x_wconf 89' lang='lat' dir='ltr'><strong>litterae</strong></span> <span class='ocrx_word' id='word_1_178' title='bbox 2467 2389 2990 2467; x_wconf 89' lang='lat' dir='ltr'><strong>praepositionum,</strong></span> 
     </span>
     <span class='ocr_line' id='line_1_20' title="bbox 380 2493 2991 2577; baseline 0 -24"><span class='ocrx_word' id='word_1_179' title='bbox 380 2495 654 2572; x_wconf 88' lang='lat' dir='ltr'><strong>quotiens</strong></span> <span class='ocrx_word' id='word_1_180' title='bbox 682 2496 743 2554; x_wconf 88' lang='lat' dir='ltr'><strong>in</strong></span> <span class='ocrx_word' id='word_1_181' title='bbox 774 2498 1264 2575; x_wconf 86' lang='lat' dir='ltr'><strong>compositionem</strong></span> <span class='ocrx_word' id='word_1_182' title='bbox 1298 2497 1584 2577; x_wconf 83' lang='lat' dir='ltr'><strong>venirent,</strong></span> <span class='ocrx_word' id='word_1_183' title='bbox 1614 2514 1788 2575; x_wconf 88' lang='lat' dir='ltr'><strong>quam</strong></span> <span class='ocrx_word' id='word_1_184' title='bbox 1821 2493 2059 2574; x_wconf 88' lang='lat' dir='ltr'><strong>quidam</strong></span> <span class='ocrx_word' id='word_1_185' title='bbox 2089 2497 2361 2574; x_wconf 89' lang='lat' dir='ltr'><strong>imperite</strong></span> <span class='ocrx_word' id='word_1_186' title='bbox 2391 2512 2627 2575; x_wconf 88' lang='lat' dir='ltr'><strong>semper</strong></span> <span class='ocrx_word' id='word_1_187' title='bbox 2648 2493 2991 2554; x_wconf 90' lang='lat' dir='ltr'><strong>custodiunt</strong></span> 
     </span>
     <span class='ocr_line' id='line_1_21' title="bbox 381 2597 2990 2681; baseline -0.001 -20"><span class='ocrx_word' id='word_1_188' title='bbox 381 2597 504 2676; x_wconf 88' lang='lat' dir='ltr'><strong>[ut]</strong></span> <span class='ocrx_word' id='word_1_189' title='bbox 552 2599 1079 2681; x_wconf 87' lang='lat' dir='ltr'><strong>adripitdicentes</strong></span> <span class='ocrx_word' id='word_1_190' title='bbox 1125 2610 1185 2662; x_wconf 89' lang='lat' dir='ltr'><strong>et</strong></span> <span class='ocrx_word' id='word_1_191' title='bbox 1224 2604 1479 2681; x_wconf 90' lang='lat' dir='ltr'><strong>conripit</strong></span> <span class='ocrx_word' id='word_1_192' title='bbox 1517 2611 1577 2662; x_wconf 93' lang='lat' dir='ltr'><strong>et</strong></span> <span class='ocrx_word' id='word_1_193' title='bbox 1614 2600 1898 2662; x_wconf 91' lang='lat' dir='ltr'><strong>conludit.</strong></span> <span class='ocrx_word' id='word_1_194' title='bbox 1975 2604 2250 2680; x_wconf 89' lang='lat' dir='ltr'><strong>quotiens</strong></span> <span class='ocrx_word' id='word_1_195' title='bbox 2288 2620 2430 2681; x_wconf 84' lang='lat' dir='ltr'><strong>ergo</strong></span> <span class='ocrx_word' id='word_1_196' title='bbox 2468 2620 2501 2662; x_wconf 90' lang='lat' dir='ltr'><strong>a</strong></span> <span class='ocrx_word' id='word_1_197' title='bbox 2539 2601 2756 2681; x_wconf 86' lang='lat' dir='ltr'><strong>liquida</strong></span> <span class='ocrx_word' id='word_1_198' title='bbox 2792 2600 2990 2660; x_wconf 86' lang='lat' dir='ltr'><strong>littera</strong></span> 
     </span>
     <span class='ocr_line' id='line_1_22' title="bbox 300 2702 2989 2792; baseline 0.001 -27"><span class='ocrx_word' id='word_1_199' title='bbox 300 2726 352 2764; x_wconf 79' lang='lat'><strong>2⁰</strong></span> <span class='ocrx_word' id='word_1_200' title='bbox 387 2725 640 2787; x_wconf 86' lang='lat' dir='ltr'><strong>sequens</strong></span> <span class='ocrx_word' id='word_1_201' title='bbox 687 2712 950 2790; x_wconf 89' lang='lat' dir='ltr'><strong>coeperit</strong></span> <span class='ocrx_word' id='word_1_202' title='bbox 998 2708 1242 2770; x_wconf 87' lang='lat' dir='ltr'><strong>verbum</strong></span> <span class='ocrx_word' id='word_1_203' title='bbox 1291 2711 1386 2771; x_wconf 89' lang='lat' dir='ltr'><strong>cui</strong></span> <span class='ocrx_word' id='word_1_204' title='bbox 1436 2707 1749 2789; x_wconf 86' lang='lat' dir='ltr'><strong>[liquidae]</strong></span> <span class='ocrx_word' id='word_1_205' title='bbox 1789 2711 2159 2789; x_wconf 87' lang='lat' dir='ltr'><strong>praepositae</strong></span> <span class='ocrx_word' id='word_1_206' title='bbox 2201 2710 2422 2771; x_wconf 78' lang='lat' dir='ltr'><strong>fuerint</strong></span> <span class='ocrx_word' id='word_1_207' title='bbox 2461 2702 2750 2792; x_wconf 86' lang='lat' dir='ltr'><strong>(liquidae</strong></span> <span class='ocrx_word' id='word_1_208' title='bbox 2789 2716 2989 2770; x_wconf 86' lang='lat' dir='ltr'><strong>autem</strong></span> 
     </span>
    </p>
   </div>
   <div class='ocr_carea' id='block_1_5' title="bbox 382 2857 805 2866">
    <p class='ocr_par' dir='ltr' id='par_1_5' title="bbox 382 2857 805 2866">
     <span class='ocr_line' id='line_1_23' title="bbox 382 2857 805 2866; baseline 0 2662"><span class='ocrx_word' id='word_1_209' title='bbox 382 2857 805 2866; x_wconf 95' lang='lat' dir='ltr'><strong> </strong></span> 
     </span>
    </p>
   </div>
   <div class='ocr_carea' id='block_1_6' title="bbox 378 2934 3005 3725">
    <p class='ocr_par' dir='ltr' id='par_1_6' title="bbox 378 2934 3005 3725">
     <span class='ocr_line' id='line_1_24' title="bbox 558 2934 2851 3006; baseline 0 -19"><span class='ocrx_word' id='word_1_210' title='bbox 558 2939 583 2987; x_wconf 92' lang='lat'>1</span> <span class='ocrx_word' id='word_1_211' title='bbox 642 2935 912 3006; x_wconf 87' lang='lat' dir='ltr'><strong>optimus]</strong></span> <span class='ocrx_word' id='word_1_212' title='bbox 965 2935 1241 3005; x_wconf 88' lang='lat' dir='ltr'><strong>optimum</strong></span> <span class='ocrx_word' id='word_1_213' title='bbox 1294 2941 1520 3004; x_wconf 75' lang='lat' dir='ltr'><strong>utroque</strong></span> <span class='ocrx_word' id='word_1_214' title='bbox 1571 2935 1685 2988; x_wconf 82' lang='lat' dir='ltr'><strong>loco</strong></span> <span class='ocrx_word' id='word_1_215' title='bbox 1730 2935 1785 2987; x_wconf 92' lang='grc' dir='ltr'><strong><em>Β</em></strong></span> <span class='ocrx_word' id='word_1_216' title='bbox 1799 2934 1901 2987; x_wconf 86' lang='grc' dir='ltr'><strong>Ρω</strong></span> <span class='ocrx_word' id='word_1_217' title='bbox 2073 2941 2105 2988; x_wconf 78' lang='lat'>2</span> <span class='ocrx_word' id='word_1_218' title='bbox 2157 2935 2271 2990; x_wconf 88' lang='lat' dir='ltr'><strong>dat.</strong></span> <span class='ocrx_word' id='word_1_219' title='bbox 2320 2939 2378 2989; x_wconf 86' lang='lat' dir='ltr'><strong>et</strong></span> <span class='ocrx_word' id='word_1_220' title='bbox 2423 2936 2593 2991; x_wconf 86' lang='lat' dir='ltr'><strong>ablat.</strong></span> <span class='ocrx_word' id='word_1_221' title='bbox 2643 2935 2748 3005; x_wconf 87' lang='lat' dir='ltr'><strong>plr.</strong></span> <span class='ocrx_word' id='word_1_222' title='bbox 2796 2936 2851 2988; x_wconf 88' lang='lat' dir='ltr'><strong><em>B</em></strong></span> 
     </span>
     <span class='ocr_line' id='line_1_25' title="bbox 379 3012 2993 3084; baseline -0 -17"><span class='ocrx_word' id='word_1_223' title='bbox 379 3021 411 3067; x_wconf 90' lang='lat'><strong>3</strong></span> <span class='ocrx_word' id='word_1_224' title='bbox 450 3012 750 3083; x_wconf 76' lang='lat' dir='ltr'><strong>discerent,</strong></span> <span class='ocrx_word' id='word_1_225' title='bbox 788 3018 881 3069; x_wconf 79' lang='lat' dir='ltr'><strong>secl</strong></span> <span class='ocrx_word' id='word_1_226' title='bbox 917 3018 1090 3071; x_wconf 79' lang='lat' dir='ltr'><strong>deleta</strong></span> <span class='ocrx_word' id='word_1_227' title='bbox 1127 3035 1151 3070; x_wconf 88' lang='lat' dir='ltr'><strong>s</strong></span> <span class='ocrx_word' id='word_1_228' title='bbox 1190 3017 1374 3071; x_wconf 77' lang='lat' dir='ltr'><strong>littera</strong></span> <span class='ocrx_word' id='word_1_229' title='bbox 1407 3015 1462 3069; x_wconf 94' lang='grc' dir='ltr'><strong><em>Β</em></strong></span> <span class='ocrx_word' id='word_1_230' title='bbox 1472 3056 1490 3080; x_wconf 90' lang='lat'><em>‚</em></span> <span class='ocrx_word' id='word_1_231' title='bbox 1530 3014 1934 3069; x_wconf 77' lang='lat' dir='ltr'><strong>descenderent</strong></span> <span class='ocrx_word' id='word_1_232' title='bbox 1973 3015 2027 3066; x_wconf 90' lang='lat' dir='ltr'><strong><em>P</em></strong></span> <span class='ocrx_word' id='word_1_233' title='bbox 2056 3015 2416 3069; x_wconf 81' lang='lat' dir='ltr'><strong>descenderet</strong></span> <span class='ocrx_word' id='word_1_234' title='bbox 2451 3036 2493 3067; x_wconf 88' lang='grc' dir='ltr'><strong><em>ω</em></strong></span> <span class='ocrx_word' id='word_1_235' title='bbox 2658 3022 2692 3069; x_wconf 83' lang='grc'>4</span> <span class='ocrx_word' id='word_1_236' title='bbox 2728 3032 2831 3084; x_wconf 88' lang='lat' dir='ltr'><strong>per</strong></span> <span class='ocrx_word' id='word_1_237' title='bbox 2866 3019 2993 3068; x_wconf 78' lang='lat' dir='ltr'><strong>ante</strong></span> 
     </span>
     <span class='ocr_line' id='line_1_26' title="bbox 380 3093 2996 3167; baseline 0 -21"><span class='ocrx_word' id='word_1_238' title='bbox 380 3111 415 3146; x_wconf 92' lang='grc' dir='ltr'><strong>ιι</strong></span> <span class='ocrx_word' id='word_1_239' title='bbox 452 3110 553 3150; x_wconf 86' lang='lat' dir='ltr'><strong>om.</strong></span> <span class='ocrx_word' id='word_1_240' title='bbox 581 3094 710 3160; x_wconf 81' lang='lat' dir='ltr'><strong>Pm,</strong></span> <span class='ocrx_word' id='word_1_241' title='bbox 748 3096 875 3150; x_wconf 79' lang='lat' dir='ltr'><strong>add.</strong></span> <span class='ocrx_word' id='word_1_242' title='bbox 905 3096 959 3148; x_wconf 98' lang='grc' dir='ltr'><strong><em>Β</em></strong></span> <span class='ocrx_word' id='word_1_243' title='bbox 1106 3097 1252 3167; x_wconf 91' lang='lat' dir='ltr'><strong>quod</strong></span> <span class='ocrx_word' id='word_1_244' title='bbox 1293 3097 1479 3151; x_wconf 87' lang='lat' dir='ltr'><strong>esseut</strong></span> <span class='ocrx_word' id='word_1_245' title='bbox 1514 3097 1670 3148; x_wconf 89' lang='lat' dir='ltr'><strong>artus</strong></span> <span class='ocrx_word' id='word_1_246' title='bbox 1699 3093 1867 3146; x_wconf 88' lang='grc' dir='ltr'><strong>ΒΡω</strong></span> <span class='ocrx_word' id='word_1_247' title='bbox 1906 3095 2185 3164; x_wconf 74' lang='lat' dir='ltr'><strong>eodemque</strong></span> <span class='ocrx_word' id='word_1_248' title='bbox 2219 3097 2376 3150; x_wconf 82' lang='lat' dir='ltr'><strong>modo</strong></span> <span class='ocrx_word' id='word_1_249' title='bbox 2406 3096 2633 3150; x_wconf 78' lang='lat' dir='ltr'><strong>Curtius</strong></span> <span class='ocrx_word' id='word_1_250' title='bbox 2664 3095 2996 3149; x_wconf 75' lang='lat' dir='ltr'><strong>Valerianus</strong></span> 
     </span>
     <span class='ocr_line' id='line_1_27' title="bbox 380 3173 2990 3246; baseline 0.001 -20"><span class='ocrx_word' id='word_1_251' title='bbox 380 3174 532 3241; x_wconf 76' lang='lat' dir='ltr'><strong>apud</strong></span> <span class='ocrx_word' id='word_1_252' title='bbox 560 3174 799 3231; x_wconf 77' lang='lat' dir='ltr'><strong>Cassiod.</strong></span> <span class='ocrx_word' id='word_1_253' title='bbox 814 3193 874 3243; x_wconf 83' lang='lat' dir='ltr'><strong>p.</strong></span> <span class='ocrx_word' id='word_1_254' title='bbox 897 3181 1075 3241; x_wconf 72' lang='lat'><strong>2289,</strong></span> <span class='ocrx_word' id='word_1_255' title='bbox 1112 3193 1440 3246; x_wconf 72' lang='lat' dir='ltr'><strong>quamquam</strong></span> <span class='ocrx_word' id='word_1_256' title='bbox 1468 3178 1667 3231; x_wconf 72' lang='lat' dir='ltr'><strong>rectius</strong></span> <span class='ocrx_word' id='word_1_257' title='bbox 1695 3180 1814 3229; x_wconf 78' lang='lat' dir='ltr'><strong>erat</strong></span> <span class='ocrx_word' id='word_1_258' title='bbox 1849 3173 1998 3241; x_wconf 88' lang='lat' dir='ltr'><strong>quod</strong></span> <span class='ocrx_word' id='word_1_259' title='bbox 2027 3177 2175 3229; x_wconf 86' lang='lat' dir='ltr'><strong>esset</strong></span> <span class='ocrx_word' id='word_1_260' title='bbox 2209 3177 2363 3230; x_wconf 87' lang='lat' dir='ltr'><strong>artus</strong></span> <span class='ocrx_word' id='word_1_261' title='bbox 2506 3181 2538 3229; x_wconf 88' lang='lat'>5</span> <span class='ocrx_word' id='word_1_262' title='bbox 2576 3173 2733 3245; x_wconf 89' lang='lat' dir='ltr'><strong>hinc]</strong></span> <span class='ocrx_word' id='word_1_263' title='bbox 2772 3175 2990 3228; x_wconf 62' lang='lat' dir='ltr'><strong>Luci-et.</strong></span> 
     </span>
     <span class='ocr_line' id='line_1_28' title="bbox 382 3252 2990 3326; baseline -0.001 -19"><span class='ocrx_word' id='word_1_264' title='bbox 382 3254 424 3307; x_wconf 95' lang='lat' dir='ltr'><strong><em>I</em></strong></span> <span class='ocrx_word' id='word_1_265' title='bbox 456 3260 563 3308; x_wconf 84' lang='lat'><strong>159</strong></span> <span class='ocrx_word' id='word_1_266' title='bbox 744 3254 955 3325; x_wconf 87' lang='lat' dir='ltr'><strong>proles]</strong></span> <span class='ocrx_word' id='word_1_267' title='bbox 993 3255 1181 3324; x_wconf 91' lang='lat' dir='ltr'><strong>plores</strong></span> <span class='ocrx_word' id='word_1_268' title='bbox 1219 3256 1275 3309; x_wconf 93' lang='lat' dir='ltr'><strong><em>P</em></strong></span> <span class='ocrx_word' id='word_1_269' title='bbox 1448 3264 1478 3312; x_wconf 85' lang='grc'>6</span> <span class='ocrx_word' id='word_1_270' title='bbox 1516 3256 1722 3310; x_wconf 83' lang='lat' dir='ltr'><strong>herbas</strong></span> <span class='ocrx_word' id='word_1_271' title='bbox 1757 3257 1798 3308; x_wconf 84' lang='lat' dir='ltr'><strong>t.</strong></span> <span class='ocrx_word' id='word_1_272' title='bbox 1838 3253 1874 3307; x_wconf 95' lang='lat' dir='ltr'><strong>l.</strong></span> <span class='ocrx_word' id='word_1_273' title='bbox 1915 3272 1967 3308; x_wconf 91' lang='lat' dir='ltr'><strong>n.</strong></span> <span class='ocrx_word' id='word_1_274' title='bbox 2006 3273 2079 3309; x_wconf 87' lang='lat' dir='ltr'><strong>m.</strong></span> <span class='ocrx_word' id='word_1_275' title='bbox 2117 3274 2171 3326; x_wconf 90' lang='lat' dir='ltr'><strong>p.</strong></span> <span class='ocrx_word' id='word_1_276' title='bbox 2211 3275 2264 3311; x_wconf 88' lang='lat' dir='ltr'><strong>u.</strong></span> <span class='ocrx_word' id='word_1_277' title='bbox 2302 3257 2358 3310; x_wconf 89' lang='lat' dir='ltr'><em>P</em></span> <span class='ocrx_word' id='word_1_278' title='bbox 2387 3258 2588 3312; x_wconf 87' lang='lat' dir='ltr'><strong>herbas</strong></span> <span class='ocrx_word' id='word_1_279' title='bbox 2627 3256 2667 3309; x_wconf 94' lang='lat'><strong>1.</strong></span> <span class='ocrx_word' id='word_1_280' title='bbox 2706 3255 2768 3309; x_wconf 90' lang='lat' dir='ltr'><strong>L.</strong></span> <span class='ocrx_word' id='word_1_281' title='bbox 2808 3254 2880 3307; x_wconf 82' lang='lat' dir='ltr'><strong>M.</strong></span> <span class='ocrx_word' id='word_1_282' title='bbox 2921 3252 2990 3306; x_wconf 86' lang='lat' dir='ltr'><strong>N.</strong></span> 
     </span>
     <span class='ocr_line' id='line_1_29' title="bbox 381 3333 2992 3409; baseline 0.001 -23"><span class='ocrx_word' id='word_1_283' title='bbox 381 3334 437 3388; x_wconf 83' lang='lat' dir='ltr'><strong>P.</strong></span> <span class='ocrx_word' id='word_1_284' title='bbox 486 3333 540 3386; x_wconf 91' lang='grc' dir='ltr'><strong><em>Β</em></strong></span> <span class='ocrx_word' id='word_1_285' title='bbox 586 3334 788 3389; x_wconf 87' lang='lat' dir='ltr'><strong>herbas</strong></span> <span class='ocrx_word' id='word_1_286' title='bbox 836 3356 879 3388; x_wconf 89' lang='grc' dir='ltr'>ω</span> <span class='ocrx_word' id='word_1_287' title='bbox 1097 3342 1130 3390; x_wconf 88' lang='grc'>8</span> <span class='ocrx_word' id='word_1_288' title='bbox 1177 3337 1551 3407; x_wconf 85' lang='lat' dir='ltr'><strong>corrumpitur</strong></span> <span class='ocrx_word' id='word_1_289' title='bbox 1597 3352 1797 3391; x_wconf 74' lang='lat' dir='ltr'><strong>caueae</strong></span> <span class='ocrx_word' id='word_1_290' title='bbox 1844 3335 2105 3409; x_wconf 65' lang='lat' dir='ltr'><strong>quodque</strong></span> <span class='ocrx_word' id='word_1_291' title='bbox 2143 3352 2316 3406; x_wconf 83' lang='lat' dir='ltr'><strong>quare</strong></span> <span class='ocrx_word' id='word_1_292' title='bbox 2353 3340 2418 3392; x_wconf 89' lang='lat' dir='ltr'><strong>ut</strong></span> <span class='ocrx_word' id='word_1_293' title='bbox 2453 3353 2564 3392; x_wconf 88' lang='lat' dir='ltr'><strong>nou</strong></span> <span class='ocrx_word' id='word_1_294' title='bbox 2612 3338 2847 3390; x_wconf 85' lang='lat' dir='ltr'><strong>accentu</strong></span> <span class='ocrx_word' id='word_1_295' title='bbox 2892 3337 2992 3390; x_wconf 85' lang='lat' dir='ltr'><strong>aut</strong></span> 
     </span>
     <span class='ocr_line' id='line_1_30' title="bbox 378 3413 2990 3486; baseline 0.002 -21"><span class='ocrx_word' id='word_1_296' title='bbox 378 3413 566 3469; x_wconf 87' lang='lat' dir='ltr'><strong>littera</strong></span> <span class='ocrx_word' id='word_1_297' title='bbox 602 3414 624 3468; x_wconf 91' lang='lat' dir='ltr'><strong>i</strong></span> <span class='ocrx_word' id='word_1_298' title='bbox 662 3419 938 3470; x_wconf 87' lang='lat' dir='ltr'><strong>mutamus</strong></span> <span class='ocrx_word' id='word_1_299' title='bbox 968 3416 1022 3468; x_wconf 93' lang='grc' dir='ltr'><strong><em>Β</em></strong></span> <span class='ocrx_word' id='word_1_300' title='bbox 1060 3417 1435 3486; x_wconf 85' lang='lat' dir='ltr'><strong>corrumpitur</strong></span> <span class='ocrx_word' id='word_1_301' title='bbox 1462 3432 1664 3472; x_wconf 87' lang='lat' dir='ltr'><strong>caueas</strong></span> <span class='ocrx_word' id='word_1_302' title='bbox 1703 3415 1917 3484; x_wconf 89' lang='lat' dir='ltr'><strong>quodq;</strong></span> <span class='ocrx_word' id='word_1_303' title='bbox 1958 3433 2129 3485; x_wconf 90' lang='lat' dir='ltr'><strong>quare</strong></span> <span class='ocrx_word' id='word_1_304' title='bbox 2167 3435 2242 3471; x_wconf 89' lang='lat' dir='ltr'><strong>uu</strong></span> <span class='ocrx_word' id='word_1_305' title='bbox 2280 3433 2391 3473; x_wconf 89' lang='lat' dir='ltr'><strong>non</strong></span> <span class='ocrx_word' id='word_1_306' title='bbox 2428 3417 2667 3472; x_wconf 87' lang='lat' dir='ltr'><strong>adcentu</strong></span> <span class='ocrx_word' id='word_1_307' title='bbox 2703 3418 2804 3471; x_wconf 86' lang='lat' dir='ltr'><strong>aut</strong></span> <span class='ocrx_word' id='word_1_308' title='bbox 2839 3415 2990 3471; x_wconf 89' lang='lat' dir='ltr'><strong>litte-</strong></span> 
     </span>
     <span class='ocr_line' id='line_1_31' title="bbox 378 3495 3005 3567; baseline 0.002 -20"><span class='ocrx_word' id='word_1_309' title='bbox 378 3510 497 3547; x_wconf 87' lang='lat' dir='ltr'><strong>ram</strong></span> <span class='ocrx_word' id='word_1_310' title='bbox 542 3497 569 3549; x_wconf 87' lang='lat' dir='ltr'><strong>t</strong></span> <span class='ocrx_word' id='word_1_311' title='bbox 614 3497 896 3550; x_wconf 84' lang='lat' dir='ltr'><strong>mutamus</strong></span> <span class='ocrx_word' id='word_1_312' title='bbox 944 3495 1000 3548; x_wconf 92' lang='lat' dir='ltr'><strong><em>P</em></strong></span> <span class='ocrx_word' id='word_1_313' title='bbox 1036 3495 1411 3566; x_wconf 82' lang='lat' dir='ltr'><strong>corrumpitur</strong></span> <span class='ocrx_word' id='word_1_314' title='bbox 1457 3513 1659 3550; x_wconf 75' lang='lat' dir='ltr'><strong>caueae</strong></span> <span class='ocrx_word' id='word_1_315' title='bbox 1705 3513 1928 3567; x_wconf 90' lang='lat' dir='ltr'><strong>quoque</strong></span> <span class='ocrx_word' id='word_1_316' title='bbox 1973 3515 2146 3565; x_wconf 88' lang='lat' dir='ltr'><strong>quare</strong></span> <span class='ocrx_word' id='word_1_317' title='bbox 2191 3515 2302 3553; x_wconf 88' lang='lat' dir='ltr'><strong>nou</strong></span> <span class='ocrx_word' id='word_1_318' title='bbox 2340 3499 2574 3552; x_wconf 86' lang='lat' dir='ltr'><strong>accentu</strong></span> <span class='ocrx_word' id='word_1_319' title='bbox 2621 3499 2720 3551; x_wconf 87' lang='lat' dir='ltr'><strong>aut</strong></span> <span class='ocrx_word' id='word_1_320' title='bbox 2765 3495 2931 3551; x_wconf 89' lang='lat' dir='ltr'><strong>litera</strong></span> <span class='ocrx_word' id='word_1_321' title='bbox 2965 3501 3005 3563; x_wconf 48' lang='lat' dir='ltr'><strong>t,</strong></span> 
     </span>
     <span class='ocr_line' id='line_1_32' title="bbox 380 3572 2989 3650; baseline 0.002 -24"><span class='ocrx_word' id='word_1_322' title='bbox 380 3572 565 3642; x_wconf 81' lang='lat' dir='ltr'><strong>(litera</strong></span> <span class='ocrx_word' id='word_1_323' title='bbox 590 3574 610 3628; x_wconf 90' lang='lat' dir='ltr'><strong>i</strong></span> <span class='ocrx_word' id='word_1_324' title='bbox 640 3575 954 3644; x_wconf 76' lang='lat' dir='ltr'><strong>Putschius)</strong></span> <span class='ocrx_word' id='word_1_325' title='bbox 991 3579 1269 3629; x_wconf 85' lang='lat' dir='ltr'><strong>mutamus</strong></span> <span class='ocrx_word' id='word_1_326' title='bbox 1307 3595 1350 3629; x_wconf 86' lang='grc' dir='ltr'><strong><em>ω</em></strong></span> <span class='ocrx_word' id='word_1_327' title='bbox 1380 3581 1429 3629; x_wconf 82' lang='lat' dir='ltr'><strong>et</strong></span> <span class='ocrx_word' id='word_1_328' title='bbox 1459 3576 1750 3630; x_wconf 72' lang='lat' dir='ltr'><strong>Putschius</strong></span> <span class='ocrx_word' id='word_1_329' title='bbox 1895 3583 1927 3631; x_wconf 85' lang='lat'>9</span> <span class='ocrx_word' id='word_1_330' title='bbox 1965 3576 2310 3650; x_wconf 78' lang='lat' dir='ltr'><strong>significetur</strong></span> <span class='ocrx_word' id='word_1_331' title='bbox 2346 3580 2404 3632; x_wconf 88' lang='lat' dir='ltr'><strong>et</strong></span> <span class='ocrx_word' id='word_1_332' title='bbox 2439 3577 2497 3630; x_wconf 90' lang='lat' dir='ltr'><strong>iu</strong></span> <span class='ocrx_word' id='word_1_333' title='bbox 2534 3578 2642 3631; x_wconf 90' lang='lat' dir='ltr'><strong>hoc</strong></span> <span class='ocrx_word' id='word_1_334' title='bbox 2672 3576 2989 3644; x_wconf 71' lang='lat' dir='ltr'><strong>PutschiuS,</strong></span> 
     </span>
     <span class='ocr_line' id='line_1_33' title="bbox 378 3652 2988 3725; baseline 0.002 -19"><span class='ocrx_word' id='word_1_335' title='bbox 378 3652 656 3723; x_wconf 84' lang='lat' dir='ltr'><strong>significet</strong></span> <span class='ocrx_word' id='word_1_336' title='bbox 690 3657 754 3709; x_wconf 89' lang='lat' dir='ltr'><strong>ut</strong></span> <span class='ocrx_word' id='word_1_337' title='bbox 786 3655 846 3709; x_wconf 91' lang='lat' dir='ltr'><strong>in</strong></span> <span class='ocrx_word' id='word_1_338' title='bbox 882 3655 988 3711; x_wconf 87' lang='lat' dir='ltr'><strong>hoe</strong></span> <span class='ocrx_word' id='word_1_339' title='bbox 1028 3657 1254 3725; x_wconf 78' lang='lat' dir='ltr'><strong>repetita</strong></span> <span class='ocrx_word' id='word_1_340' title='bbox 1290 3658 1353 3711; x_wconf 83' lang='lat' dir='ltr'><strong>in</strong></span> <span class='ocrx_word' id='word_1_341' title='bbox 1390 3656 1615 3725; x_wconf 73' lang='lat' dir='ltr'><strong>reliquis</strong></span> <span class='ocrx_word' id='word_1_342' title='bbox 1649 3656 1931 3724; x_wconf 72' lang='lat' dir='ltr'><strong>scriptura</strong></span> <span class='ocrx_word' id='word_1_343' title='bbox 1957 3656 2238 3724; x_wconf 75' lang='lat' dir='ltr'><strong>principis</strong></span> <span class='ocrx_word' id='word_1_344' title='bbox 2275 3657 2530 3711; x_wconf 77' lang='lat' dir='ltr'><strong>editionis</strong></span> <span class='ocrx_word' id='word_1_345' title='bbox 2558 3656 2829 3724; x_wconf 75' lang='lat' dir='ltr'><strong>Gisanius</strong></span> <span class='ocrx_word' id='word_1_346' title='bbox 2865 3673 2988 3712; x_wconf 75' lang='lat' dir='ltr'><strong>con-</strong></span> 
     </span>
    </p>
   </div>
   <div class='ocr_carea' id='block_1_7' title="bbox 377 3733 2999 4050">
    <p class='ocr_par' dir='ltr' id='par_1_7' title="bbox 378 3733 2990 3806">
     <span class='ocr_line' id='line_1_34' title="bbox 378 3733 2990 3806; baseline 0.002 -20"><span class='ocrx_word' id='word_1_347' title='bbox 378 3733 493 3787; x_wconf 79' lang='lat' dir='ltr'><strong>lect.</strong></span> <span class='ocrx_word' id='word_1_348' title='bbox 530 3734 593 3787; x_wconf 77' lang='lat' dir='ltr'><strong>in</strong></span> <span class='ocrx_word' id='word_1_349' title='bbox 628 3734 842 3789; x_wconf 80' lang='lat' dir='ltr'><strong>Lucret.</strong></span> <span class='ocrx_word' id='word_1_350' title='bbox 881 3751 931 3790; x_wconf 84' lang='lat' dir='ltr'><strong>v.</strong></span> <span class='ocrx_word' id='word_1_351' title='bbox 970 3736 1184 3791; x_wconf 87' lang='lat' dir='ltr'><strong>artibus</strong></span> <span class='ocrx_word' id='word_1_352' title='bbox 1404 3742 1469 3791; x_wconf 91' lang='lat'><strong>10</strong></span> <span class='ocrx_word' id='word_1_353' title='bbox 1517 3738 1575 3789; x_wconf 91' lang='lat' dir='ltr'><strong>et</strong></span> <span class='ocrx_word' id='word_1_354' title='bbox 1619 3752 1826 3789; x_wconf 89' lang='lat' dir='ltr'><strong>nomen</strong></span> <span class='ocrx_word' id='word_1_355' title='bbox 1871 3736 1931 3790; x_wconf 89' lang='lat' dir='ltr'><strong>et</strong></span> <span class='ocrx_word' id='word_1_356' title='bbox 1975 3734 2334 3806; x_wconf 80' lang='lat' dir='ltr'><strong>participium</strong></span> <span class='ocrx_word' id='word_1_357' title='bbox 2373 3756 2415 3790; x_wconf 85' lang='grc' dir='ltr'><strong>ω</strong></span> <span class='ocrx_word' id='word_1_358' title='bbox 2464 3738 2523 3790; x_wconf 89' lang='lat' dir='ltr'><strong>et</strong></span> <span class='ocrx_word' id='word_1_359' title='bbox 2569 3753 2771 3790; x_wconf 89' lang='lat' dir='ltr'><strong>nomen</strong></span> <span class='ocrx_word' id='word_1_360' title='bbox 2816 3736 2990 3805; x_wconf 87' lang='lat' dir='ltr'><strong>parti-</strong></span> 
     </span>
    </p>

    <p class='ocr_par' dir='ltr' id='par_1_8' title="bbox 382 3810 2990 3884">
     <span class='ocr_line' id='line_1_35' title="bbox 382 3810 2990 3884; baseline 0.002 -20"><span class='ocrx_word' id='word_1_361' title='bbox 382 3810 590 3881; x_wconf 87' lang='lat' dir='ltr'><strong>cipium</strong></span> <span class='ocrx_word' id='word_1_362' title='bbox 626 3813 750 3867; x_wconf 89' lang='lat' dir='ltr'><strong>BP</strong></span> <span class='ocrx_word' id='word_1_363' title='bbox 961 3822 1021 3869; x_wconf 88' lang='lat'><strong>11</strong></span> <span class='ocrx_word' id='word_1_364' title='bbox 1063 3831 1225 3869; x_wconf 88' lang='lat' dir='ltr'><strong>nemo</strong></span> <span class='ocrx_word' id='word_1_365' title='bbox 1265 3818 1454 3870; x_wconf 87' lang='lat' dir='ltr'><strong>autem</strong></span> <span class='ocrx_word' id='word_1_366' title='bbox 1491 3817 1758 3883; x_wconf 78' lang='lat' dir='ltr'><strong>umquam</strong></span> <span class='ocrx_word' id='word_1_367' title='bbox 1797 3835 1841 3868; x_wconf 88' lang='grc' dir='ltr'><strong><em>ω</em></strong></span> <span class='ocrx_word' id='word_1_368' title='bbox 1878 3832 2041 3869; x_wconf 90' lang='lat' dir='ltr'><strong>nemo</strong></span> <span class='ocrx_word' id='word_1_369' title='bbox 2079 3818 2270 3870; x_wconf 88' lang='lat' dir='ltr'><strong>autem</strong></span> <span class='ocrx_word' id='word_1_370' title='bbox 2306 3831 2615 3884; x_wconf 82' lang='lat' dir='ltr'><strong>numquam</strong></span> <span class='ocrx_word' id='word_1_371' title='bbox 2653 3814 2710 3867; x_wconf 92' lang='lat' dir='ltr'><strong><em>P</em></strong></span> <span class='ocrx_word' id='word_1_372' title='bbox 2736 3832 2899 3871; x_wconf 88' lang='lat' dir='ltr'><strong>nemo</strong></span> <span class='ocrx_word' id='word_1_373' title='bbox 2935 3834 2990 3884; x_wconf 81' lang='lat' dir='ltr'><strong>y.</strong></span> 
     </span>
    </p>

    <p class='ocr_par' dir='ltr' id='par_1_9' title="bbox 377 3893 2999 4050">
     <span class='ocr_line' id='line_1_36' title="bbox 377 3893 2999 3962; baseline 0 -15"><span class='ocrx_word' id='word_1_374' title='bbox 377 3895 685 3962; x_wconf 82' lang='lat' dir='ltr'><strong>numquam</strong></span> <span class='ocrx_word' id='word_1_375' title='bbox 714 3894 768 3946; x_wconf 98' lang='grc' dir='ltr'><strong><em>Β</em></strong></span> <span class='ocrx_word' id='word_1_376' title='bbox 912 3898 1028 3949; x_wconf 88' lang='lat' dir='ltr'><strong>tam</strong></span> <span class='ocrx_word' id='word_1_377' title='bbox 1057 3893 1267 3950; x_wconf 87' lang='lat' dir='ltr'><strong>insulse</strong></span> <span class='ocrx_word' id='word_1_378' title='bbox 1297 3896 1397 3950; x_wconf 78' lang='lat' dir='ltr'><strong>Pm</strong></span> <span class='ocrx_word' id='word_1_379' title='bbox 1436 3898 1630 3950; x_wconf 81' lang='lat' dir='ltr'><strong>tamen</strong></span> <span class='ocrx_word' id='word_1_380' title='bbox 1665 3893 1873 3949; x_wconf 87' lang='lat' dir='ltr'><strong>insulse</strong></span> <span class='ocrx_word' id='word_1_381' title='bbox 1899 3894 1954 3948; x_wconf 91' lang='lat' dir='ltr'><em>B</em></span> <span class='ocrx_word' id='word_1_382' title='bbox 1984 3900 2032 3948; x_wconf 82' lang='lat' dir='ltr'><strong>et</strong></span> <span class='ocrx_word' id='word_1_383' title='bbox 2062 3894 2354 3949; x_wconf 70' lang='lat' dir='ltr'><strong>Putschius</strong></span> <span class='ocrx_word' id='word_1_384' title='bbox 2501 3901 2566 3949; x_wconf 86' lang='lat'><strong>13</strong></span> <span class='ocrx_word' id='word_1_385' title='bbox 2605 3895 2629 3948; x_wconf 97' lang='lat' dir='ltr'>I</span> <span class='ocrx_word' id='word_1_386' title='bbox 2661 3894 2912 3951; x_wconf 80' lang='lat' dir='ltr'><strong>litteram</strong></span> <span class='ocrx_word' id='word_1_387' title='bbox 2942 3895 2999 3948; x_wconf 92' lang='lat' dir='ltr'><strong><em>P</em></strong></span> 
     </span>
     <span class='ocr_line' id='line_1_37' title="bbox 2330 3993 2378 4050; baseline 0 0"><span class='ocrx_word' id='word_1_388' title='bbox 2330 3993 2378 4050; x_wconf 76' lang='lat'><strong>‹1‘</strong></span> 
     </span>
    </p>
   </div>
   <div class='ocr_carea' id='block_1_8' title="bbox 370 4023 2992 4197">
    <p class='ocr_par' dir='ltr' id='par_1_10' title="bbox 370 4023 2992 4197">
     <span class='ocr_line' id='line_1_38' title="bbox 524 4023 2992 4120; baseline 0 -21"><span class='ocrx_word' id='word_1_389' title='bbox 524 4045 786 4113; x_wconf 89' lang='lat' dir='ltr'><strong>quoniam</strong></span> <span class='ocrx_word' id='word_1_390' title='bbox 822 4064 922 4115; x_wconf 89' lang='lat' dir='ltr'><strong>pro</strong></span> <span class='ocrx_word' id='word_1_391' title='bbox 960 4047 1062 4102; x_wconf 90' lang='lat' dir='ltr'><strong>illa</strong></span> <span class='ocrx_word' id='word_1_392' title='bbox 1099 4067 1135 4102; x_wconf 92' lang='grc' dir='ltr'><strong>ιι</strong></span> <span class='ocrx_word' id='word_1_393' title='bbox 1172 4047 1395 4102; x_wconf 87' lang='lat' dir='ltr'><strong>cederet</strong></span> <span class='ocrx_word' id='word_1_394' title='bbox 1432 4046 1533 4099; x_wconf 85' lang='grc' dir='ltr'><strong>Ρω</strong></span> <span class='ocrx_word' id='word_1_395' title='bbox 1571 4062 1679 4113; x_wconf 91' lang='lat' dir='ltr'><strong>que</strong></span> <span class='ocrx_word' id='word_1_396' title='bbox 1718 4048 1877 4114; x_wconf 79' lang='lat' dir='ltr'><strong>(corr.</strong></span> <span class='ocrx_word' id='word_1_397' title='bbox 1916 4046 2049 4114; x_wconf 85' lang='lat' dir='ltr'><strong>qua.)</strong></span> <span class='ocrx_word' id='word_1_398' title='bbox 2083 4064 2131 4120; x_wconf 49' lang='lat' dir='ltr'><strong>,p</strong></span> <span class='ocrx_word' id='word_1_399' title='bbox 2169 4047 2340 4101; x_wconf 87' lang='lat' dir='ltr'><strong>antea</strong></span> <span class='ocrx_word' id='word_1_400' title='bbox 2363 4023 2412 4100; x_wconf 23' lang='grc' dir='ltr'><strong>ἰι</strong></span> <span class='ocrx_word' id='word_1_401' title='bbox 2448 4045 2672 4101; x_wconf 84' lang='lat' dir='ltr'><strong>cederet</strong></span> <span class='ocrx_word' id='word_1_402' title='bbox 2705 4046 2761 4099; x_wconf 93' lang='grc' dir='ltr'><strong><em>Β</em></strong></span> <span class='ocrx_word' id='word_1_403' title='bbox 2799 4048 2992 4114; x_wconf 77' lang='lat' dir='ltr'><strong>(deleta</strong></span> 
     </span>
     <span class='ocr_line' id='line_1_39' title="bbox 370 4125 2992 4197; baseline 0 -18"><span class='ocrx_word' id='word_1_404' title='bbox 370 4125 562 4194; x_wconf 77' lang='lat' dir='ltr'><strong>priore</strong></span> <span class='ocrx_word' id='word_1_405' title='bbox 598 4126 710 4180; x_wconf 82' lang='lat' dir='ltr'><strong>loco</strong></span> <span class='ocrx_word' id='word_1_406' title='bbox 746 4131 880 4181; x_wconf 75' lang='lat' dir='ltr'><strong>nota</strong></span> <span class='ocrx_word' id='word_1_407' title='bbox 915 4144 1052 4195; x_wconf 80' lang='lat' dir='ltr'><strong>quae</strong></span> <span class='ocrx_word' id='word_1_408' title='bbox 1078 4131 1155 4181; x_wconf 81' lang='lat' dir='ltr'><strong>est</strong></span> <span class='ocrx_word' id='word_1_409' title='bbox 1189 4143 1291 4197; x_wconf 90' lang='lat' dir='ltr'><strong>pro</strong></span> <span class='ocrx_word' id='word_1_410' title='bbox 1321 4131 1370 4180; x_wconf 79' lang='lat' dir='ltr'><strong>et</strong></span> <span class='ocrx_word' id='word_1_411' title='bbox 1396 4125 1771 4194; x_wconf 76' lang='lat' dir='ltr'><strong>superscripta</strong></span> <span class='ocrx_word' id='word_1_412' title='bbox 1798 4128 2099 4192; x_wconf 79' lang='lat' dir='ltr'><strong>posteriore</strong></span> <span class='ocrx_word' id='word_1_413' title='bbox 2135 4128 2248 4180; x_wconf 83' lang='lat' dir='ltr'><strong>loco</strong></span> <span class='ocrx_word' id='word_1_414' title='bbox 2276 4125 2458 4180; x_wconf 80' lang='lat' dir='ltr'><strong>eadem</strong></span> <span class='ocrx_word' id='word_1_415' title='bbox 2485 4132 2618 4181; x_wconf 76' lang='lat' dir='ltr'><strong>nota</strong></span> <span class='ocrx_word' id='word_1_416' title='bbox 2651 4128 2724 4194; x_wconf 82' lang='lat' dir='ltr'><strong>b).</strong></span> <span class='ocrx_word' id='word_1_417' title='bbox 2760 4128 2992 4194; x_wconf 64' lang='lat' dir='ltr'><strong>sonasse</strong></span> 
     </span>
    </p>
   </div>
   <div class='ocr_carea' id='block_1_9' title="bbox 378 4203 3053 4437">
    <p class='ocr_par' dir='ltr' id='par_1_11' title="bbox 378 4203 3053 4437">
     <span class='ocr_line' id='line_1_40' title="bbox 380 4203 2993 4277; baseline 0 -18"><span class='ocrx_word' id='word_1_418' title='bbox 380 4203 643 4272; x_wconf 81' lang='lat' dir='ltr'><strong>quoniam</strong></span> <span class='ocrx_word' id='word_1_419' title='bbox 680 4223 781 4275; x_wconf 89' lang='lat' dir='ltr'><strong>pro</strong></span> <span class='ocrx_word' id='word_1_420' title='bbox 820 4222 888 4260; x_wconf 85' lang='lat' dir='ltr'><strong>ea</strong></span> <span class='ocrx_word' id='word_1_421' title='bbox 923 4224 961 4259; x_wconf 91' lang='lat' dir='ltr'><strong>u</strong></span> <span class='ocrx_word' id='word_1_422' title='bbox 998 4206 1320 4262; x_wconf 78' lang='lat' dir='ltr'><strong>succederet</strong></span> <span class='ocrx_word' id='word_1_423' title='bbox 1500 4211 1567 4260; x_wconf 82' lang='lat'><strong>15</strong></span> <span class='ocrx_word' id='word_1_424' title='bbox 1604 4205 1717 4260; x_wconf 86' lang='lat' dir='ltr'><strong>siut</strong></span> <span class='ocrx_word' id='word_1_425' title='bbox 1753 4206 1855 4259; x_wconf 86' lang='grc' dir='ltr'><strong>Ρω</strong></span> <span class='ocrx_word' id='word_1_426' title='bbox 1894 4207 2026 4259; x_wconf 85' lang='lat' dir='ltr'><strong>suut</strong></span> <span class='ocrx_word' id='word_1_427' title='bbox 2061 4206 2116 4258; x_wconf 90' lang='grc' dir='ltr'><strong><em>Β</em></strong></span> <span class='ocrx_word' id='word_1_428' title='bbox 2295 4206 2381 4277; x_wconf 90' lang='lat' dir='ltr'><strong>ut]</strong></span> <span class='ocrx_word' id='word_1_429' title='bbox 2429 4207 2514 4261; x_wconf 89' lang='lat' dir='ltr'><strong>uti</strong></span> <span class='ocrx_word' id='word_1_430' title='bbox 2563 4211 2624 4260; x_wconf 75' lang='lat' dir='ltr'><strong>ut</strong></span> <span class='ocrx_word' id='word_1_431' title='bbox 2668 4208 2885 4261; x_wconf 78' lang='lat' dir='ltr'><strong>videtur</strong></span> <span class='ocrx_word' id='word_1_432' title='bbox 2919 4207 2993 4270; x_wconf 90' lang='lat' dir='ltr'><strong>B,</strong></span> 
     </span>
     <span class='ocr_line' id='line_1_41' title="bbox 378 4285 3053 4364; baseline 0 -26"><span class='ocrx_word' id='word_1_433' title='bbox 378 4286 472 4339; x_wconf 80' lang='lat' dir='ltr'><strong>sed</strong></span> <span class='ocrx_word' id='word_1_434' title='bbox 508 4285 680 4340; x_wconf 78' lang='lat' dir='ltr'><strong>deleta</strong></span> <span class='ocrx_word' id='word_1_435' title='bbox 714 4286 915 4339; x_wconf 77' lang='lat' dir='ltr'><strong>ultima</strong></span> <span class='ocrx_word' id='word_1_436' title='bbox 950 4286 1135 4340; x_wconf 80' lang='lat' dir='ltr'><strong>littera</strong></span> <span class='ocrx_word' id='word_1_437' title='bbox 1296 4287 1646 4356; x_wconf 77' lang='lat' dir='ltr'><strong>hyperbaton</strong></span> <span class='ocrx_word' id='word_1_438' title='bbox 1684 4288 1743 4339; x_wconf 87' lang='lat' dir='ltr'><strong>et</strong></span> <span class='ocrx_word' id='word_1_439' title='bbox 1777 4285 2000 4354; x_wconf 82' lang='lat' dir='ltr'><strong>hymnis</strong></span> <span class='ocrx_word' id='word_1_440' title='bbox 2038 4289 2097 4340; x_wconf 87' lang='lat' dir='ltr'><strong>et</strong></span> <span class='ocrx_word' id='word_1_441' title='bbox 2132 4286 2462 4356; x_wconf 79' lang='lat' dir='ltr'><strong>hyacinctus</strong></span> <span class='ocrx_word' id='word_1_442' title='bbox 2497 4287 2553 4340; x_wconf 89' lang='grc' dir='ltr'><strong><em>Β</em></strong></span> <span class='ocrx_word' id='word_1_443' title='bbox 2587 4286 2898 4357; x_wconf 79' lang='lat' dir='ltr'><strong>yperbatou</strong></span> <span class='ocrx_word' id='word_1_444' title='bbox 2933 4287 2994 4339; x_wconf 88' lang='lat' dir='ltr'><strong>et</strong></span> <span class='ocrx_word' id='word_1_445' title='bbox 3047 4358 3053 4364; x_wconf 27' lang='grc' dir='ltr'>Ι</span> 
     </span>
     <span class='ocr_line' id='line_1_42' title="bbox 379 4361 2839 4437; baseline 0.001 -20"><span class='ocrx_word' id='word_1_446' title='bbox 379 4381 582 4432; x_wconf 79' lang='lat' dir='ltr'><strong>ymnus</strong></span> <span class='ocrx_word' id='word_1_447' title='bbox 616 4366 676 4418; x_wconf 91' lang='lat' dir='ltr'><strong>et</strong></span> <span class='ocrx_word' id='word_1_448' title='bbox 708 4361 1005 4434; x_wconf 78' lang='lat' dir='ltr'><strong>yacinthus</strong></span> <span class='ocrx_word' id='word_1_449' title='bbox 1044 4366 1100 4419; x_wconf 93' lang='lat' dir='ltr'><strong><em>P</em></strong></span> <span class='ocrx_word' id='word_1_450' title='bbox 1276 4373 1341 4421; x_wconf 84' lang='grc'><strong>16</strong></span> <span class='ocrx_word' id='word_1_451' title='bbox 1379 4365 1692 4422; x_wconf 85' lang='lat' dir='ltr'><strong>necessario</strong></span> <span class='ocrx_word' id='word_1_452' title='bbox 1730 4365 1941 4419; x_wconf 89' lang='lat' dir='ltr'><strong>utimur</strong></span> <span class='ocrx_word' id='word_1_453' title='bbox 1978 4367 2081 4420; x_wconf 83' lang='lat' dir='ltr'><strong>Pm</strong></span> <span class='ocrx_word' id='word_1_454' title='bbox 2119 4366 2405 4437; x_wconf 83' lang='lat' dir='ltr'><strong>tangimur</strong></span> <span class='ocrx_word' id='word_1_455' title='bbox 2438 4367 2749 4422; x_wconf 87' lang='lat' dir='ltr'><strong>necessario</strong></span> <span class='ocrx_word' id='word_1_456' title='bbox 2783 4366 2839 4419; x_wconf 92' lang='grc' dir='ltr'><strong><em>Β</em></strong></span> 
     </span>
    </p>
   </div>
   <div class='ocr_carea' id='block_1_10' title="bbox 385 4443 2995 4515">
    <p class='ocr_par' dir='ltr' id='par_1_12' title="bbox 385 4443 2995 4515">
     <span class='ocr_line' id='line_1_43' title="bbox 385 4443 2995 4515; baseline 0.001 -19"><span class='ocrx_word' id='word_1_457' title='bbox 385 4448 446 4497; x_wconf 82' lang='grc'><strong>17</strong></span> <span class='ocrx_word' id='word_1_458' title='bbox 480 4446 539 4498; x_wconf 89' lang='lat' dir='ltr'><strong>et</strong></span> <span class='ocrx_word' id='word_1_459' title='bbox 566 4443 1007 4500; x_wconf 81' lang='lat' dir='ltr'><strong>demutationem</strong></span> <span class='ocrx_word' id='word_1_460' title='bbox 1037 4446 1093 4499; x_wconf 92' lang='lat' dir='ltr'><strong><em>P</em></strong></span> <span class='ocrx_word' id='word_1_461' title='bbox 1230 4452 1296 4501; x_wconf 88' lang='lat'><strong>18</strong></span> <span class='ocrx_word' id='word_1_462' title='bbox 1324 4446 1584 4515; x_wconf 88' lang='lat' dir='ltr'><strong>imperite</strong></span> <span class='ocrx_word' id='word_1_463' title='bbox 1615 4444 1761 4500; x_wconf 86' lang='lat' dir='ltr'><strong>sicut</strong></span> <span class='ocrx_word' id='word_1_464' title='bbox 1794 4461 1899 4514; x_wconf 87' lang='lat' dir='ltr'><strong>per</strong></span> <span class='ocrx_word' id='word_1_465' title='bbox 1926 4450 2251 4504; x_wconf 84' lang='lat' dir='ltr'><strong>custodiunt</strong></span> <span class='ocrx_word' id='word_1_466' title='bbox 2276 4448 2446 4502; x_wconf 88' lang='grc' dir='ltr'><strong>ΒΡω</strong></span> <span class='ocrx_word' id='word_1_467' title='bbox 2596 4452 2660 4500; x_wconf 85' lang='grc'><strong>19</strong></span> <span class='ocrx_word' id='word_1_468' title='bbox 2689 4448 2755 4500; x_wconf 91' lang='lat' dir='ltr'><strong>ut</strong></span> <span class='ocrx_word' id='word_1_469' title='bbox 2783 4444 2995 4513; x_wconf 88' lang='lat' dir='ltr'><strong>abripit</strong></span> 
     </span>
    </p>
   </div>
   <div class='ocr_carea' id='block_1_11' title="bbox 382 4548 2997 4979">
    <p class='ocr_par' dir='ltr' id='par_1_13' title="bbox 382 4548 2997 4979">
     <span class='ocr_line' id='line_1_44' title="bbox 1551 4548 1595 4578; baseline -0.045 0"><span class='ocrx_word' id='word_1_470' title='bbox 1551 4548 1595 4578; x_wconf 70' lang='lat'><strong>01.</strong></span> 
     </span>
     <span class='ocr_line' id='line_1_45' title="bbox 382 4585 2990 4659; baseline 0 -20"><span class='ocrx_word' id='word_1_471' title='bbox 382 4586 485 4639; x_wconf 85' lang='grc' dir='ltr'><strong>Ρω</strong></span> <span class='ocrx_word' id='word_1_472' title='bbox 521 4587 587 4641; x_wconf 86' lang='lat' dir='ltr'><strong>ut</strong></span> <span class='ocrx_word' id='word_1_473' title='bbox 612 4585 858 4655; x_wconf 84' lang='lat' dir='ltr'><strong>abripiat</strong></span> <span class='ocrx_word' id='word_1_474' title='bbox 881 4587 937 4640; x_wconf 89' lang='lat' dir='ltr'><em>B</em></span> <span class='ocrx_word' id='word_1_475' title='bbox 1081 4594 1150 4642; x_wconf 82' lang='lat'><strong>20</strong></span> <span class='ocrx_word' id='word_1_476' title='bbox 1186 4590 1422 4645; x_wconf 90' lang='lat' dir='ltr'><strong>uerbum</strong></span> <span class='ocrx_word' id='word_1_477' title='bbox 1458 4607 1572 4659; x_wconf 88' lang='lat' dir='ltr'><strong>quo</strong></span> <span class='ocrx_word' id='word_1_478' title='bbox 1609 4587 1650 4655; x_wconf 91' lang='lat' dir='ltr'><strong>(i</strong></span> <span class='ocrx_word' id='word_1_479' title='bbox 1677 4603 1944 4656; x_wconf 71' lang='lat' dir='ltr'><strong>superse-r.</strong></span> <span class='ocrx_word' id='word_1_480' title='bbox 1976 4590 2030 4658; x_wconf 86' lang='lat' dir='ltr'><strong>b)</strong></span> <span class='ocrx_word' id='word_1_481' title='bbox 2069 4589 2281 4658; x_wconf 88' lang='lat' dir='ltr'><strong>liquide</strong></span> <span class='ocrx_word' id='word_1_482' title='bbox 2317 4588 2671 4658; x_wconf 86' lang='lat' dir='ltr'><strong>praepositae</strong></span> <span class='ocrx_word' id='word_1_483' title='bbox 2700 4585 2910 4641; x_wconf 83' lang='lat' dir='ltr'><strong>fuerint</strong></span> <span class='ocrx_word' id='word_1_484' title='bbox 2934 4586 2990 4639; x_wconf 90' lang='grc' dir='ltr'><strong><em>Β</em></strong></span> 
     </span>
     <span class='ocr_line' id='line_1_46' title="bbox 383 4665 2995 4738; baseline 0.001 -19"><span class='ocrx_word' id='word_1_485' title='bbox 383 4665 615 4720; x_wconf 88' lang='lat' dir='ltr'><strong>uerbum</strong></span> <span class='ocrx_word' id='word_1_486' title='bbox 653 4682 766 4735; x_wconf 89' lang='lat' dir='ltr'><strong>quo</strong></span> <span class='ocrx_word' id='word_1_487' title='bbox 796 4666 847 4722; x_wconf 83' lang='lat' dir='ltr'><strong>.i.</strong></span> <span class='ocrx_word' id='word_1_488' title='bbox 876 4666 1088 4735; x_wconf 87' lang='lat' dir='ltr'><strong>liquide</strong></span> <span class='ocrx_word' id='word_1_489' title='bbox 1125 4668 1445 4738; x_wconf 86' lang='lat' dir='ltr'><strong>praeposite</strong></span> <span class='ocrx_word' id='word_1_490' title='bbox 1482 4667 1693 4724; x_wconf 89' lang='lat' dir='ltr'><strong>fuerint</strong></span> <span class='ocrx_word' id='word_1_491' title='bbox 1721 4670 1776 4721; x_wconf 89' lang='lat' dir='ltr'><strong><em>P</em></strong></span> <span class='ocrx_word' id='word_1_492' title='bbox 1805 4667 2048 4724; x_wconf 87' lang='lat' dir='ltr'><strong>uertitur</strong></span> <span class='ocrx_word' id='word_1_493' title='bbox 2083 4669 2143 4723; x_wconf 90' lang='lat' dir='ltr'><strong>in</strong></span> <span class='ocrx_word' id='word_1_494' title='bbox 2183 4686 2309 4724; x_wconf 87' lang='lat' dir='ltr'><strong>eam</strong></span> <span class='ocrx_word' id='word_1_495' title='bbox 2345 4668 2434 4723; x_wconf 89' lang='lat' dir='ltr'><strong>cui</strong></span> <span class='ocrx_word' id='word_1_496' title='bbox 2470 4667 2717 4736; x_wconf 84' lang='lat' dir='ltr'><strong>liquidae</strong></span> <span class='ocrx_word' id='word_1_497' title='bbox 2755 4666 2995 4736; x_wconf 87' lang='lat' dir='ltr'><strong>(liquida</strong></span> 
     </span>
     <span class='ocr_line' id='line_1_47' title="bbox 386 4743 2996 4818; baseline 0.001 -19"><span class='ocrx_word' id='word_1_498' title='bbox 386 4743 693 4812; x_wconf 70' lang='lat' dir='ltr'><strong>Putschius)</strong></span> <span class='ocrx_word' id='word_1_499' title='bbox 732 4745 1054 4814; x_wconf 83' lang='lat' dir='ltr'><strong>praeposita</strong></span> <span class='ocrx_word' id='word_1_500' title='bbox 1087 4746 1259 4801; x_wconf 82' lang='lat' dir='ltr'><strong>fuerit</strong></span> <span class='ocrx_word' id='word_1_501' title='bbox 1295 4767 1338 4801; x_wconf 88' lang='grc' dir='ltr'><strong><em>ω</em></strong></span> <span class='ocrx_word' id='word_1_502' title='bbox 1375 4754 1425 4803; x_wconf 84' lang='lat' dir='ltr'><strong>et</strong></span> <span class='ocrx_word' id='word_1_503' title='bbox 1454 4749 1762 4804; x_wconf 75' lang='lat' dir='ltr'><strong>Putschius.</strong></span> <span class='ocrx_word' id='word_1_504' title='bbox 1801 4767 1879 4802; x_wconf 78' lang='lat' dir='ltr'><strong>an</strong></span> <span class='ocrx_word' id='word_1_505' title='bbox 1914 4748 2180 4816; x_wconf 86' lang='lat' dir='ltr'><strong>uerbum,</strong></span> <span class='ocrx_word' id='word_1_506' title='bbox 2214 4764 2359 4817; x_wconf 85' lang='lat' dir='ltr'><strong>quae</strong></span> <span class='ocrx_word' id='word_1_507' title='bbox 2395 4748 2751 4818; x_wconf 88' lang='lat' dir='ltr'><strong>praepositae</strong></span> <span class='ocrx_word' id='word_1_508' title='bbox 2787 4747 2996 4801; x_wconf 84' lang='lat' dir='ltr'><strong>fuerint</strong></span> 
     </span>
     <span class='ocr_line' id='line_1_48' title="bbox 386 4824 2997 4897; baseline 0.003 -20"><span class='ocrx_word' id='word_1_509' title='bbox 386 4824 863 4894; x_wconf 80' lang='lat' dir='ltr'><strong>praepositiones?</strong></span> <span class='ocrx_word' id='word_1_510' title='bbox 1007 4828 1199 4880; x_wconf 88' lang='lat' dir='ltr'><strong>autem</strong></span> <span class='ocrx_word' id='word_1_511' title='bbox 1227 4842 1326 4885; x_wconf 88' lang='lat' dir='ltr'><strong>om.</strong></span> <span class='ocrx_word' id='word_1_512' title='bbox 1356 4829 1428 4895; x_wconf 85' lang='lat' dir='ltr'><strong>B,</strong></span> <span class='ocrx_word' id='word_1_513' title='bbox 1456 4830 1583 4884; x_wconf 79' lang='lat' dir='ltr'><strong>add.</strong></span> <span class='ocrx_word' id='word_1_514' title='bbox 1614 4828 1735 4882; x_wconf 84' lang='grc' dir='ltr'><strong>Ρω.</strong></span> <span class='ocrx_word' id='word_1_515' title='bbox 1765 4834 1816 4882; x_wconf 84' lang='lat' dir='ltr'><strong>et</strong></span> <span class='ocrx_word' id='word_1_516' title='bbox 1841 4830 2073 4894; x_wconf 75' lang='lat' dir='ltr'><strong>fortasse</strong></span> <span class='ocrx_word' id='word_1_517' title='bbox 2099 4830 2244 4894; x_wconf 76' lang='lat' dir='ltr'><strong>haec,</strong></span> <span class='ocrx_word' id='word_1_518' title='bbox 2271 4826 2520 4896; x_wconf 88' lang='lat' dir='ltr'><strong>liquidae</strong></span> <span class='ocrx_word' id='word_1_519' title='bbox 2559 4829 2693 4881; x_wconf 86' lang='lat' dir='ltr'><strong>suut</strong></span> <span class='ocrx_word' id='word_1_520' title='bbox 2727 4829 2997 4897; x_wconf 85' lang='lat' dir='ltr'><strong>quattuor</strong></span> 
     </span>
     <span class='ocr_line' id='line_1_49' title="bbox 386 4902 2725 4979; baseline 0.003 -24"><span class='ocrx_word' id='word_1_521' title='bbox 386 4902 409 4955; x_wconf 84' lang='lat'>1</span> <span class='ocrx_word' id='word_1_522' title='bbox 444 4921 499 4956; x_wconf 89' lang='lat' dir='ltr'><strong>m</strong></span> <span class='ocrx_word' id='word_1_523' title='bbox 534 4922 573 4957; x_wconf 88' lang='lat' dir='ltr'><strong>u</strong></span> <span class='ocrx_word' id='word_1_524' title='bbox 607 4923 660 4972; x_wconf 88' lang='lat' dir='ltr'><strong>r,</strong></span> <span class='ocrx_word' id='word_1_525' title='bbox 698 4921 812 4958; x_wconf 74' lang='lat' dir='ltr'><strong>non</strong></span> <span class='ocrx_word' id='word_1_526' title='bbox 846 4907 1028 4962; x_wconf 76' lang='lat' dir='ltr'><strong>minus</strong></span> <span class='ocrx_word' id='word_1_527' title='bbox 1063 4923 1226 4976; x_wconf 74' lang='lat' dir='ltr'><strong>quam</strong></span> <span class='ocrx_word' id='word_1_528' title='bbox 1262 4909 1408 4976; x_wconf 77' lang='lat' dir='ltr'><strong>quod</strong></span> <span class='ocrx_word' id='word_1_529' title='bbox 1442 4908 1660 4974; x_wconf 78' lang='lat' dir='ltr'><strong>seclusi,</strong></span> <span class='ocrx_word' id='word_1_530' title='bbox 1697 4907 1977 4979; x_wconf 84' lang='lat' dir='ltr'><strong>liquidae,</strong></span> <span class='ocrx_word' id='word_1_531' title='bbox 2015 4925 2082 4963; x_wconf 77' lang='lat' dir='ltr'><strong>ex</strong></span> <span class='ocrx_word' id='word_1_532' title='bbox 2115 4908 2362 4977; x_wconf 73' lang='lat' dir='ltr'><strong>maryine</strong></span> <span class='ocrx_word' id='word_1_533' title='bbox 2397 4907 2560 4962; x_wconf 77' lang='lat' dir='ltr'><strong>illata</strong></span> <span class='ocrx_word' id='word_1_534' title='bbox 2592 4910 2725 4962; x_wconf 76' lang='lat' dir='ltr'><strong>sunt</strong></span> 
     </span>
    </p>
   </div>
  </div>
 </body>
</html>
