3613 5528
618 415 750 480 284
1796 416 2040 471 BEDAE

616 527 660 565 p.
688 516 807 558 2⁷95.
835 518 890 557 os
915 516 965 557 r.

793 600 1031 662 Pendeo
1079 600 1305 681 pendes
1349 600 1621 682 pependi.
1695 603 1789 662 sin
1831 609 2027 671 autem
2076 599 2350 664 habuerit
2395 604 2925 685 praepositionem,
2972 622 3091 666 non
3136 605 3225 665 sic

619 707 968 791 declinatur,
1013 707 1116 769 sed
1166 707 1465 788 suspendo
1512 707 1829 788 suspendis
1875 707 2176 788 suspendi.

793 815 1019 877 Passim
1068 814 1288 896 ubique
1336 817 1653 895 significat:
1708 835 1782 876 ex
1829 833 1948 877 uno
1996 818 2153 876 enim
2208 834 2422 896 graeco
2477 816 2866 900 declinantur,
2927 819 3086 899 quod
3133 827 3226 880 est

617 921 976 1006 πανταχοῦ.
1050 923 1299 1003 perinde
1346 922 1668 1003 aequaliter
1714 923 1988 984 similiter
2033 942 2104 983 ex
2152 941 2271 984 uno
2317 942 2531 1003 graeco
2579 915 2843 1005 ὁμοίως.

793 1030 954 1091 Pello
1000 1027 1141 1111 pelli
1187 1038 1247 1092 et
1292 1030 1518 1111 pepuli,
1564 1029 1798 1111 depello
1844 1030 2061 1110 depuli.
2134 1039 2273 1110 peto
2319 1032 2504 1111 petivi
2547 1039 2608 1093 et
2652 1034 2815 1112 petii.
3279 1045 3305 1084 ⁶

793 1137 1172 1217 Prospiciens
1218 1137 1495 1217 periculi:
1544 1139 1669 1198 vice
1707 1139 1966 1198 nominis
2003 1139 2247 1217 ponitur
2293 1117 2702 1218 participium:
2750 1148 2811 1200 et
2854 1141 3226 1219 prospiciens

615 1244 967 1325 periculum.

793 1351 1084 1413 Perendie
1122 1351 1357 1427 dicitur,
1396 1354 1551 1412 sicut
1588 1350 1762 1413 hodie
1799 1342 1890 1412 {el
1930 1369 2096 1414 cras:
2132 1350 2497 1431 perendinus
2534 1346 2695 1433 ἀίεε,’
2710 1355 2867 1415 sicut
2902 1352 3228 1416 hodiernus

617 1459 936 1521 hesternus
983 1461 1294 1521 crastinus.

794 1566 1076 1628 Potamus
1114 1584 1249 1627 eum
1289 1567 1384 1626 cui
1422 1574 1629 1646 potum
1665 1567 2026 1645 porrigimus
2064 1573 2124 1626 et
2160 1573 2435 1647 potamus
2472 1568 2701 1648 vinum,
2746 1565 2905 1645 quod
2949 1565 3225 1627 bibimus,
3258 1579 3308 1618 ιο

743 1655 752 1660 ’
795 1673 993 1735 Probo
1039 1672 1285 1734 verbum
1341 1670 1636 1751 duplicem
1692 1673 2180 1752 significationem
2238 1672 2446 1734 habet:
2504 1672 2825 1752 probamus
2870 1674 3030 1734 enim
3076 1691 3226 1752 quae

619 1780 919 1862 eligimus,
973 1780 1033 1841 id
1089 1789 1182 1842 est
1235 1777 1657 1860 approbamus,
1712 1778 2035 1858 probamus
2092 1798 2242 1858 quae
2301 1779 2491 1860 qualia
2548 1782 2669 1841 sint
2722 1789 3104 1862 temptamus,
3164 1789 3229 1841 ut

620 1881 864 1969 (psalm.
911 1888 1051 1963 138,
1096 1882 1210 1969 23)
1257 1881 1514 1968 ‘proba
1557 1903 1683 1968 me,
1730 1886 1935 1968 deus,
1980 1893 2049 1946 et
2096 1888 2282 1948 scito
2330 1905 2451 1947 cor
2498 1881 2774 1948 meum'.
3116 1946 3133 1956 ‚

797 1994 978 2055 Pecto
1035 2003 1240 2076 caput,
1299 2011 1420 2054 non
1474 1995 1738 2074 pectin03
1793 2011 2039 2074 pexum,
2094 2011 2213 2054 non
2268 1995 2663 2075 pectinatum3
2720 1996 2861 2074 pexi
2904 2004 3123 2057 memet
3168 2003 3230 2057 et

619 2109 855 2180 pectam
901 2120 1051 2162 craS.
1414 2163 1422 2171 ,
3257 2116 3306 2156 1⁶

796 2208 1112 2289 Praesagio
1157 2209 1459 2288 praesagis
1505 2207 1905 2287 praesagiunt.

796 2314 1121 2395 Pauperies
1168 2314 1445 2375 damnum
1495 2322 1616 2394 est,
1662 2321 1982 2394 paupertas
2027 2315 2154 2393 ipsa
2193 2314 2481 2377 condicio.

797 2405 1063 2482 Patrium
1109 2420 1257 2482 dicis
1305 2440 1336 2481 a
1380 2422 1598 2503 patria,
1642 2428 1956 2512 paternum
2004 2439 2037 2481 a
2082 2429 2269 2500 patre.

797 2528 1015 2590 Pinnas
1062 2546 1399 2609 murorum,
1442 2547 1669 2609 pennas
1714 2530 1909 2590 avium
1955 2527 2226 2591 dicimus,

797 2635 989 2697 Pecus
1035 2653 1210 2695 omne
1256 2635 1470 2696 animal
1515 2644 1764 2715 excepto
1812 2635 2051 2696 homine
2098 2637 2416 2697 vocitatum
2465 2645 2574 2698 est.
3255 2649 3306 2689 ²⁰
3414 2703 3422 2710 ,

796 2741 1069 2825 Polenta,
1141 2761 1260 2804 non
1334 2742 1574 2823 pulenta
1640 2741 1958 2804 dicendum
2021 2751 2142 2825 est,
2204 2761 2275 2804 eo
2343 2743 2500 2824 quod
2574 2743 2647 2806 ad
2711 2762 2857 2806 usus
2922 2743 3228 2807 hominum

620 2850 913 2932 poliatur.-

796 2958 1132 3019 Praemium
1179 2976 1318 3018 cum
1363 2957 1754 3039 diphthongo,
1817 2960 2078 3038 pretium
2103 2976 2332 3037 premo
2378 2976 2593 3037 precor
2637 2977 2747 3038 per
2793 2958 3122 3039 simplicem
3167 2979 3228 3042 e3

618 3064 925 3146 prehendo
983 3084 1220 3145 qnoque
1268 3075 1329 3127 et
1382 3068 1762 3146 interpretor.
1846 3066 2078 3146 precari
2135 3074 2229 3125 est
2285 3083 2524 3149 rogare,
2578 3064 2887 3145 deprecari
2943 3085 3227 3128 excusare

619 3172 711 3232 vel
762 3191 1047 3253 purgare:
1102 3171 1397 3252 Vergilius
1439 3167 1614 3256 (Aen.
1663 3174 1806 3234 XII
1845 3165 2000 3255 931)
2059 3165 2417 3252 ‘equidem
2474 3173 2729 3252 merui,
2784 3190 2915 3234 nec
2971 3172 3306 3253 depre·²⁵

619 3297 743 3341 cor
787 3275 1079 3360 inquit'.

794 3386 992 3449 Pluris
1049 3387 1301 3449 dicimus
1357 3387 1514 3467 quod
1570 3389 1794 3449 maiore
1835 3387 1846 3464 Ι
1887 3381 2115 3448 summa
2164 3394 2414 3468 taxatur,
2474 3386 2678 3466 plures
2723 3404 2865 3446 vero
2912 3385 2984 3447 de
3032 3385 3226 3448 multi·

622 3492 843 3555 tudine.
916 3494 1120 3573 plures
1168 3497 1547 3575 comparativi
1593 3492 1813 3574 gradus
1861 3500 1980 3575 est,
2024 3495 2199 3554 cuius
2244 3493 2534 3572 positivus
2579 3490 2766 3553 multi.

801 3601 1088 3663 Poculum
1136 3620 1235 3662 vas
1283 3613 1400 3683 est,
1445 3603 1608 3681 potio
1657 3600 1817 3681 quod
1862 3600 2153 3661 hauritur.
2531 3588 2537 3595 ”

796 3706 1048 3786 Pignera
1095 3723 1325 3789 rerum‘,
1370 3710 1616 3788 pignora
1661 3706 1919 3769 filiorum
1966 3714 2027 3767 et
2072 3706 2467 3767 affectionum.
3254 3720 3308 3760 so

801 3937 828 3985 1
868 3932 1104 4005 pendes]
1141 3931 1341 4003 pendis
1381 3932 1437 3988 P
1538 3932 1782 4002 pependi
1817 3948 1919 3987 om.
1953 3930 2009 3984 P
2122 3937 2154 3986 2
2193 3924 2471 4002 suspendo
2501 3932 2793 4003 suspendis
2830 3929 3094 4000 suspendi
3133 3929 3231 3987 sL

621 4011 897 4081 suspendo
925 4015 1228 4085 suspendes
1256 4011 1546 4085 suspendit
1572 4028 1682 4066 non
1709 4011 1974 4082 suspendi
1994 4011 2070 4066 M
2093 4013 2430 4083 suspendens
2450 4012 2716 4084 suspendi
2741 4030 2854 4068 non
2882 4009 3147 4081 suspendi
3178 4009 3235 4063 P

718 4097 753 4144 4
789 4091 1028 4149 Perinde
1064 4095 1376 4166 aequaliter
1412 4100 1486 4149 ex*
1517 4093 1613 4151 §L
1652 4091 1885 4147 Perinde
1922 4090 2254 4163 simpliciter
2289 4109 2357 4148 ex
2395 4093 2471 4148 M
2574 4098 2606 4147 ὅ
2643 4092 2795 4164 pello
2833 4090 3002 4162 pellis
3035 4090 3261 4167 pepuli

623 4172 912 4228 Ghavisius
939 4192 1000 4244 p.
1038 4179 1171 4241 245,
1208 4180 1244 4230 3
1351 4173 1568 4245 pepuli]
1607 4172 1789 4242 repuli
1830 4171 1886 4225 P
1990 4172 2189 4243 petivi]
2228 4173 2346 4243 peti
2381 4174 2452 4227 M
2556 4180 2589 4228 6
2625 4171 2739 4227 uici
2777 4172 2853 4227 M
2966 4176 2999 4224 9
3038 4170 3229 4225 crasti-

621 4269 725 4307 nus
762 4269 861 4308 om.
901 4254 958 4307 P
1097 4262 1164 4312 10
1199 4254 1459 4312 bibimus.
1515 4252 1805 4308 Primitiae
1852 4253 2079 4308 tantum
2120 4253 2414 4328 pluraliter
2450 4254 2635 4309 Probo
2674 4252 2808 4308 ML
2952 4257 3017 4306 11
3055 4251 3230 4321 probo

620 4334 854 4389 uerbum
892 4335 1197 4392 crastinum
1234 4335 1516 4407 duplicem
1558 4333 1615 4388 P
1789 4332 2090 4401 probamus
2135 4350 2279 4402 quae
2327 4333 2600 4405 elegimus
2641 4333 2698 4388 P
2738 4333 3038 4402 probamus
3081 4332 3231 4388 enim

622 4413 773 4484 quod
809 4415 1073 4486 eligimus
1111 4417 1165 4471 L
1312 4423 1376 4472 12
1413 4416 1714 4486 probamus
1751 4414 1941 4467 autem
1979 4428 2124 4480 quae
2152 4415 2454 4481 posteriore
2489 4415 2602 4468 loco
2638 4413 2714 4467 L
2834 4419 2902 4467 14
2940 4414 3000 4467 et
3034 4428 3137 4468 om.
3179 4410 3235 4466 P

734 4500 798 4549 18
834 4485 1080 4565 petrium
1117 4495 1356 4552 dicimus
1394 4497 1448 4550 L
1612 4499 1679 4548 19
1717 4492 1940 4547 Pennas
1975 4507 2260 4547 murorum
2296 4492 2496 4563 pinnas
2533 4493 2723 4548 auium
2761 4492 2817 4547 P
2972 4497 3042 4546 20
3078 4491 3231 4548 uoci-

621 4573 856 4630 tandum
893 4577 979 4630 est.
1014 4576 1110 4634 ςΙι
1267 4582 1333 4632 21
1374 4575 1526 4646 quod
1560 4574 1633 4628 ad
1670 4590 1801 4627 usus
1839 4570 2131 4626 hominum
2167 4573 2414 4642 poliatur
2450 4573 2548 4632 ςΙι
2585 4573 2736 4643 quod
2772 4590 2903 4627 usus
2942 4571 3230 4627 hominum

621 4654 859 4727 policiat
904 4656 960 4709 P
999 4656 1148 4725 quod
1195 4662 1326 4711 usus
1370 4658 1529 4725 (corr.
1577 4657 1704 4724 usu)
1750 4653 2002 4709 omnium
2047 4652 2294 4721 poliatur
2340 4654 2417 4708 M
2591 4659 2659 4708 23
2704 4651 3048 4724 Praemium]
3097 4651 3230 4707 Pro-

624 4734 866 4791 oemium
905 4736 1001 4794 eL
1127 4742 1196 4791 24
1232 4735 1471 4807 precari]
1510 4750 1737 4806 precare
1775 4733 1833 4786 P
1951 4736 2018 4786 2⁷
2058 4730 2292 4803 maiore]
2330 4732 2546 4789 maiora
2581 4733 2718 4788 PM
2836 4734 3062 4787 texatur
3099 4731 3155 4785 P

623 4820 692 4870 28
739 4815 1047 4885 posit-inum
1087 4816 1227 4870 PM
1233 4816 1286 4869 L
1430 4821 1498 4870 29
1546 4815 1695 4884 quod
1740 4813 1851 4868 PL
1897 4828 2041 4883 quae
2079 4812 2155 4867 M
2290 4817 2360 4867 30
2405 4829 2587 4867 rerum
2634 4828 2733 4867 oni.
2774 4811 2825 4864 L
2967 4810 3228 4882 pignora]

623 4893 858 4964 pignera
892 4893 951 4946 P
