3613 5528
664 409 796 472 504
1644 408 1991 466 ARVSIANI
2029 410 2268 466 MESSII

662 520 706 557 p.
736 510 825 550 sse.
856 511 934 550 25⁷
965 510 1013 550 1..

838 594 1213 657 Postremum
1260 595 1450 678 vides,
1507 594 1568 655 id
1624 603 1717 656 est
1772 598 2089 657 novissime
2146 595 2338 677 vides,
2394 594 2529 657 Ter.
2575 594 2793 656 Andria
2842 596 2948 668 (ΙΙ
2987 595 3156 670 1‚22)
3207 595 3273 655 si

658 701 726 762 id
776 702 981 784 sacis,
1029 701 1238 764 hodie
1285 711 1733 782 postremum
1782 721 1884 763 me
1931 703 2129 764 vides
2178 750 2190 764 .

835 808 951 870 Per
1005 818 1266 891 tempuS,
1321 810 1380 871 id
1438 817 1529 870 est
1584 819 1945 889 opportune,
2001 808 2135 870 Ter.
2182 810 2330 871 And.
2386 811 2517 882 (IV
2565 810 2749 886 4,·14)
2806 829 2841 870 o
2897 809 3270 890 ChremeS,

658 935 789 997 per
836 926 1117 998 tempus
1163 916 1464 978 advenis
1512 911 1576 998 ,Ι

833 1023 1056 1085 Praeeo
1132 1023 1266 1105 tibi,
1339 1023 1458 1084 Cic.
1532 1023 1605 1084 de
1681 1024 1855 1085 domo
1930 1043 2034 1085 sua
2111 1023 2395 1098 (52,133)
2463 1033 2583 1084 aut
2657 1023 2825 1084 mihi
2900 1025 3326 1104 praeeatiss

655 1141 930 1212 postem
979 1133 1295 1192 teneatis
1344 1178 1356 1190 .

832 1239 988 1300 Pluit
1034 1238 1129 1299 illa
1177 1257 1269 1320 re,
1316 1237 1484 1318 Verg.
1532 1257 1730 1318 georg.
1778 1238 1887 1298 ΗΠ
1935 1239 2082 1312 (80)

1835 1365 1970 1406 non
2013 1345 2310 1406 densior
2354 1351 2517 1406 aere
2565 1344 2834 1424 grando

1064 1472 1190 1515 nec
1236 1453 1320 1514 de
1367 1471 1717 1515 concussa
1766 1460 2038 1513 tantum
2086 1451 2273 1533 pluit
2316 1451 2485 1513 ilice
2532 1450 2815 1531 glandis
2860 1499 2875 1513 .

833 1560 1067 1632 Queror
1105 1559 1260 1621 illam
1302 1578 1455 1642 rem,
1503 1558 1672 1639 Ver'g.
1710 1561 1855 1621 Aen.
1893 1559 1917 1619 Ι
1955 1560 2140 1633 (385)
2179 1577 2305 1621 nec
2342 1558 2547 1639 plura
2585 1567 3005 1638 querentem
3052 1577 3262 1639 passa
3295 1579 3351 1618 ιο

656 1667 919 1750 Venus,
967 1667 1081 1729 Sal.
1128 1665 1329 1729 bist!
1377 1686 1527 1728 nam
1577 1666 1810 1747 Syllae
1858 1667 2414 1729 dominationem
2462 1669 2669 1747 queri
2721 1685 2854 1728 non
2900 1665 3207 1727 audebat
3247 1714 3260 1728 .

654 1793 876 1854 queror
921 1775 994 1835 de
1041 1773 1136 1835 illa
1176 1792 1268 1856 re,
1314 1772 1435 1835 Cic.
1472 1792 1581 1854 pro
1620 1772 1893 1836 Cluentio
1933 1774 2132 1850 (2213)
2181 1773 2301 1835 sed
2350 1775 2704 1837 nefarium
2750 1776 3002 1836 matris
3047 1774 3258 1853 pelli-

653 1891 887 1943 catum
934 1883 1129 1942 ferre
1178 1899 1311 1941 non
1359 1888 1631 1963 posset,
1679 1882 1760 1942 de
1799 1900 1938 1961 quo
1976 1900 2061 1944 ne
2100 1884 2309 1962 queri
2345 1880 2632 1960 quidem
2669 1900 2744 1943 se
2783 1884 2936 1943 sine
2975 1880 3257 1943 scelere

651 1988 1142 2049 arbitraretur
1189 2035 1202 2048 .
1251 2005 1472 2067 queror
1517 1995 1715 2050 tecum
1761 2007 1872 2069 pro
1919 1987 2072 2068 apud
2120 1998 2206 2071 te,
2253 1989 2372 2050 Cic.
2418 2007 2528 2069 pro
2565 1987 2757 2069 Oppio
2804 1996 3254 2068 questusque

653 2111 920 2156 mecum
978 2103 1086 2156 est
1133 2143 1146 2156 .
1194 2094 1454 2175 querella
1512 2103 1603 2156 est
1658 2096 1797 2156 sacti
1855 2097 1971 2176 tui,
2025 2095 2144 2157 Cic.
2191 2098 2251 2156 in
2308 2096 2583 2157 Pisonem
2632 2097 2782 2170 (1,1)
2838 2098 2971 2157 iam
3026 2094 3255 2177 vides,
3289 2115 3346 2156 ιε

650 2201 917 2284 bellua,
971 2204 1199 2264 iamne
1257 2204 1514 2284 sentis,
1571 2221 1748 2282 quae
1805 2204 1902 2263 sit
1961 2202 2319 2263 hominum
2367 2202 2686 2282 querella
2736 2205 2999 2265 frontis
3046 2200 3256 2264 tuae‘?

828 2309 1019 2391 Quae,
1065 2309 1309 2390 malum,
1354 2310 1467 2370 ista
1514 2311 1664 2370 ratio
1702 2318 1794 2370 est
1833 2328 1868 2366 *
1905 2311 2087 2388 igitur
2123 2311 2235 2371 ista
2272 2311 2449 2390 ratio,
2495 2327 2633 2371 eum
2669 2318 2962 2372 statueras
2999 2312 3256 2392 eripere,

649 2416 720 2477 ad
776 2419 1051 2478 iniuriam
1108 2416 1399 2497 eripiendi
1455 2416 1721 2478 fraudem
1779 2416 2023 2478 sceleris
2070 2416 2417 2497 adiungere,
2472 2415 2607 2478 Ter.
2664 2416 2871 2480 Heaut.
2919 2419 3024 2491 (II
3063 2418 3179 2490 3,7
3182 2418 3255 2490 7)

649 2543 823 2604 quas
880 2523 1130 2586 malum
1188 2523 1515 2603 ambages
1570 2523 1740 2585 mibi
1801 2542 2096 2585 narrare
2153 2525 2443 2604 incipit,
2498 2509 2654 2585 idem
2701 2523 2850 2585 Eun.
2897 2525 3029 2598 (IV
3076 2524 3254 2597 7‚10)

649 2633 768 2711 qui
817 2630 1240 2718 malum-alii
1288 2677 1301 2691 .
3285 2653 3345 2692 20

825 2737 1075 2810 Quietus
1122 2737 1194 2799 ab
1243 2737 1358 2799 illis
1405 2737 1613 2820 rebus,
1670 2736 1784 2799 Sal.
1832 2736 1969 2800 hist.
2017 2737 2042 2797 1
2089 2739 2402 2817 quietam
2460 2757 2491 2799 a
2547 2737 2765 2800 bellis
2819 2740 3189 2801 civitatem
3239 2787 3254 2801 .

646 2849 817 2926 quies
845 2846 1077 2907 illarum
1108 2864 1329 2928 rerum,
1365 2844 1534 2923 Verg.
1573 2864 1733 2924 geor.
1773 2845 1879 2905 1111
1920 2846 2102 2919 (184)
2140 2845 2466 2907 omnibus
2505 2865 2639 2908 una
2687 2849 2892 2926 quies
2938 2865 3254 2927 operum.

823 2953 1077 3025 Quicum
1132 2972 1242 3033 pro
1298 2972 1433 3014 cum
1489 2970 1634 3033 quo,
1692 2951 1812 3012 Cic.
1869 2970 1978 3031 pro
2026 2951 2269 3023 Quintio
2325 2953 2533 3027 (⁶325)
2590 2954 2875 3033 quicum
2942 2953 3073 3014 tibi
3142 2972 3253 3015 so-

644 3062 872 3121 cietas
918 3059 1263 3121 adfinitas
1310 3067 1464 3119 erat
1509 3105 1523 3119 .
1572 3060 1812 3138 quicum
1860 3076 1970 3137 pro
2018 3076 2154 3119 cum
2202 3078 2344 3141 qua,
2389 3059 2560 3140 Verg.
2607 3062 2749 3144 Aen.
2798 3059 2875 3120 x!
2925 3061 3116 3134 (820)

1606 3166 1853 3226 Accam
1901 3184 1982 3226 ex
2028 3166 2455 3246 aequalibus
2504 3187 2728 3252 unam,
3283 3188 3339 3228 2⁵

645 3363 700 3367 —
739 3363 756 3367 -
813 3362 874 3367 -ῂ
1171 3275 1460 3354 quicum
1508 3275 1772 3355 partiri
1819 3291 2029 3335 curas
2075 3283 2285 3353 atque
2334 3277 2431 3336 ita
2479 3277 2671 3336 satur
2718 3323 2732 3337 .

821 3361 1003 3456 coa-ex
1027 3362 1349 3457 ‘ramas-a·
1430 3409 1457 3455 1
1507 3399 1743 3472 Andria]
1790 3400 1935 3456 adel.
1981 3400 2204 3468 andria,
2258 3402 2351 3456 sea
2396 3403 2564 3458 deleto
2607 3402 2751 3460 adel.
2932 3408 2965 3456 5
3011 3402 3251 3475 Ptaeeo]

643 3480 784 3536 Preo
953 3481 1199 3552 precatis
1372 3487 1438 3536 10
1478 3481 1660 3546 Quero
1689 3483 1874 3552 primo
1911 3483 2023 3538 loeo
2196 3489 2261 3538 13
2311 3501 2422 3538 non
2467 3487 2658 3554 posset
2702 3483 2817 3538 scel
2863 3483 2934 3538 de
2970 3501 3110 3554 quo,
3156 3487 3253 3539 sed

642 3564 811 3618 deleto
849 3563 962 3618 scel
1162 3566 1229 3614 15
1265 3560 1324 3614 in
1362 3560 1561 3617 Pisone
1606 3562 1721 3618 iam
1768 3563 1963 3618 videns
2008 3564 2198 3620 bellua
2241 3563 2357 3620 iam
2402 3582 2504 3619 nec
2550 3563 2723 3619 sentis
2897 3570 2960 3619 17
3009 3565 3249 3637 malum]

641 3641 859 3712 malim,
898 3644 1024 3697 item
1051 3648 1245 3712 postea
1280 3650 1350 3699 19
1388 3649 1438 3699 et
1474 3649 1554 3701 20
1696 3650 1764 3699 25
1805 3645 2036 3717 Accam]
2076 3647 2159 3701 Ac
2196 3663 2323 3700 cum

819 3774 852 3824 ὅ
887 3770 953 3823 ut
990 3767 1129 3825 mihi
1163 3768 1444 3839 praeeatis
1480 3771 1809 3840 postemque
1854 3769 2093 3825 teneatis
2131 3769 2346 3838 Cicero,
2390 3770 2536 3841 quod
2578 3771 2696 3840 ipse
2730 3770 3053 3825 Arusianus
3098 3771 3249 3843 legit,

639 3850 739 3904 aut
775 3848 915 3903 mihi
950 3850 1230 3919 praeeatis
1265 3852 1366 3904 aut
1411 3852 1630 3920 postem
1674 3850 1915 3905 teneatis
1949 3868 2017 3906 ex
2057 3850 2110 3904 G
2145 3851 2318 3907 edidit
2353 3850 2771 3906 Lindemamms
2938 3851 3247 3925 praeeatis]

638 3930 881 4001 pareatis
928 3931 1132 3986 codices
1178 3930 1455 3986 Ciceronis
1635 3937 1697 3985 11
1750 3929 1860 3985 Sal.
1910 3929 2040 3985 hist.
2088 3929 2136 4000 I]
2184 3929 2333 3984 Don.
2368 3931 2434 3984 in
2474 3929 2594 3985 Ter.
2636 3928 2859 3986 Phorm.
2899 3932 2984 3986 II
3017 3936 3153 3999 3‚24
3190 3936 3251 3989 et

639 4010 938 4065 Sallustius
976 4010 1129 4066 ‘nam
1167 4012 1353 4082 Syllae
1390 4011 1832 4068 dominationem
1867 4009 2027 4080 queri
2061 4026 2175 4064 non
2211 4008 2501 4077 audebat’‚
2538 4011 2597 4064 et
2630 4008 2975 4080 interpositis
3012 4011 3245 4082 quibus-

638 4092 768 4146 dam
814 4090 1066 4160 sequitur
1116 4091 1252 4162 ‘qua
1298 4091 1581 4159 offensm’,
1638 4093 1746 4146 hoc
1790 4092 1882 4146 est
1927 4089 2308 4145 dominatione
2355 4090 2541 4159 Syllae
2579 4133 2594 4145 .
2632 4107 2765 4146 nam
2808 4093 2897 4145 ita
2947 4092 3061 4159 fere
3113 4093 3249 4147 haec

636 4172 974 4227 emendanda
1017 4177 1147 4227 aunt
1190 4214 1201 4227 .
1237 4173 1391 4242 apud
1426 4173 1774 4228 drusianam
1811 4170 2068 4227 Sallustii
2110 4172 2410 4241 exemplum
2453 4187 2568 4226 non
2610 4171 2856 4226 indicato
2900 4171 3043 4226 libro
3084 4188 3153 4227 xc
3194 4172 3249 4226 G

636 4253 883 4308 ediderat
909 4252 1326 4324 Lindemannus
1470 4259 1536 4308 13
1575 4269 1632 4308 se
1671 4253 1789 4307 sine
1827 4252 2034 4308 scelere
2070 4268 2231 4323 posse
2268 4252 2634 4309 arbitraretur
2667 4254 2749 4308 vel
2784 4250 2903 4306 sine
2940 4251 3150 4307 scelere
3187 4270 3246 4309 se

634 4348 799 4403 posse
836 4331 1204 4389 arbitraretur
1238 4334 1445 4389 codices
1482 4333 1759 4388 Ciceronis
1906 4337 1970 4386 15
2008 4331 2125 4387 iam
2160 4332 2317 4403 inde,
2354 4334 2568 4403 bellua,
2613 4333 2730 4388 iam
2766 4348 2836 4386 ne
2872 4331 3046 4387 sentis
3082 4350 3151 4388 ex
3191 4334 3247 4389 G

635 4414 808 4469 edidit
843 4413 1287 4481 Lindemannus,
1321 4413 1506 4469 iamne
1545 4413 1647 4482 (vel
1682 4412 1818 4481 iam)
1864 4410 2022 4467 vides
2066 4413 2236 4468 belna
2279 4411 2464 4471 iamne
2512 4414 2684 4470 sentis
2720 4413 2927 4470 codices
2964 4411 3247 4471 Ciceronis

708 4498 774 4547 17
814 4492 969 4559 Quae
1016 4493 1251 4565 malum]
1302 4493 1413 4548 Cic.
1455 4491 1702 4562 Philipp.
1743 4491 1806 4544 X
1842 4496 1972 4558 9,18
2019 4508 2190 4560 quae,
2237 4495 2476 4566 malum,
2523 4498 2611 4552 est
2651 4495 2764 4551 ista
2806 4493 2978 4562 ratio,
3022 4511 3247 4566 semper

636 4572 862 4643 optimis
899 4573 1080 4629 causis
1117 4576 1506 4629 veteranorum
1543 4589 1747 4628 nomen
1777 4578 2092 4643 opponere?
2110 4573 2324 4644 reliqua
2349 4578 2497 4632 unde
2517 4578 2693 4647 petita
2717 4577 2858 4641 sint,
2892 4590 3005 4629 non
3031 4581 3245 4631 constat

710 4658 776 4707 19
812 4652 1038 4725 incipit]
1076 4652 1284 4723 occipit
1316 4652 1603 4708 Terentius
1745 4658 1816 4708 28
1843 4652 2006 4708 iussit
2029 4652 2180 4708 bona
2205 4653 2476 4723 proscribi
2504 4655 2650 4723 eius,
2684 4652 2912 4725 quicum
2948 4653 3243 4710 familiari-

634 4733 722 4786 tas
759 4733 969 4798 fuerat‚
1017 4732 1253 4788 societas
1291 4734 1440 4802 erat,
1485 4733 1745 4789 adfinitas
1781 4733 1975 4788 liberis
2012 4731 2173 4788 istius
2212 4731 2354 4787 vivis
2392 4733 2587 4790 divelli
2622 4733 2778 4789 nullo
2816 4734 2980 4789 modo
3017 4737 3245 4804 poterat

637 4810 821 4867 Oicero
964 4819 1031 4868 25
1071 4815 1279 4869 Accam
1317 4830 1384 4868 ex
1420 4813 1748 4883 aequalibus
1784 4830 1952 4868 unam
1991 4813 2352 4884 Adloquitur,
2404 4816 2519 4871 fida
2563 4820 2692 4871 ante
2739 4814 2879 4870 alias
2925 4832 3070 4885 quae
3121 4817 3245 4872 sola

636 4891 931 4963 Camillae,
971 4892 1205 4960 Quicum
1243 4893 1445 4964 partiri
1482 4911 1668 4964 curas,
1706 4896 1875 4965 atque
1911 4895 2053 4951 haec
2090 4895 2171 4951 ita
2205 4895 2358 4950 fatur
2408 4897 2681 4969 Veryaius
