3613 5528
1538 434 1930 491 EXCERPTA
2899 436 3029 501 323

420 552 463 589 p.
493 540 531 579 s.
557 539 583 578 4
610 539 671 578 H.

420 624 798 703 auctoritate,
838 589 1321 684 cousuetudine.
1360 624 1609 684 Ratione
1649 618 1987 703 quatenus?
2035 621 2379 683 Secundum
2416 624 2633 684 artium
2666 623 2983 685 traditores
3015 673 3027 686 .

421 729 575 801 Quid
621 725 1017 791 auctoritate?
1062 728 1344 792 Veterum
1392 731 1621 792 scilicet
1666 730 2007 793 lectionum.
2084 728 2238 800 Quid
2279 728 2760 793 consuetudine?
2806 730 3030 793 Eorum

421 855 571 918 quae
619 856 651 898 e
698 837 890 897 medio
939 835 1219 916 loquendi
1267 857 1381 899 usu
1427 837 1639 918 placita
1685 838 2114 917 adsumptaque
2162 844 2320 897 sunt.

1517 1101 1636 1167 DE
1698 1099 1929 1167 VOOE

365 1299 389 1338 5
599 1282 715 1342 Vox
765 1283 904 1362 quid
954 1281 1089 1344 est?
1161 1284 1277 1344 Aru·
1324 1286 1479 1346 ictus
1527 1284 1731 1346 auditu
1780 1284 2079 1345 sensibilis
2118 1333 2130 1345 .
2170 1283 2344 1344 Vocis
2392 1287 2623 1364 species
2662 1294 2808 1364 quot
2845 1282 3029 1345 sunt?
3076 1298 3189 1350 189ss

420 1388 577 1449 Duae
626 1436 640 1450 .
697 1393 863 1464 Quae
910 1387 1093 1452 sunt?
1167 1391 1489 1452 Articulata
1527 1399 1589 1452 et
1626 1391 1871 1452 confusa
1923 1439 1935 1452 .
1973 1391 2297 1453 Articulata
2337 1409 2486 1470 quae
2526 1388 2660 1453 est?
2709 1391 3030 1452 Hominum

420 1503 645 1557 tantum
692 1498 886 1560 modo.
956 1496 1121 1558 Vnde
1169 1497 1475 1558 articulata
1523 1498 1679 1559 dicta
1737 1501 1865 1559 est?
1947 1498 2116 1569 Quod
2180 1499 2430 1560 articulo
2493 1499 2811 1560 scribentis
2871 1518 3028 1560 com-

415 1604 703 1684 prehendi
768 1606 956 1685 possit
1018 1654 1030 1667 .
1088 1604 1252 1676 Quae
1309 1613 1402 1666 est
1457 1601 1748 1666 confusa?
1823 1605 1985 1676 Quae
2045 1605 2227 1666 scribi
2285 1623 2402 1666 nou
2458 1614 2688 1688 potest,
2754 1613 2821 1667 ut
2885 1613 3027 1686 puta

416 1709 572 1773 velut
630 1714 826 1773 ovium
884 1711 1141 1795 balatuS,
1196 1714 1334 1792 equi
1389 1711 2003 1794 hinnitus‚·mugitus
2050 1711 2216 1774 bovis
2256 1708 2267 1793 1
2310 1762 2322 1774 .
2371 1714 2618 1775 Praeter
2664 1714 2770 1775 has
2834 1713 3029 1775 nullae

342 1818 562 1879 waliae
610 1838 786 1881 voces
833 1815 1018 1880 sunt?
1075 1819 1267 1880 Sonos
1322 1837 1560 1899 quoquc
1619 1838 1828 1881 omues
1884 1839 2059 1882 voces
2115 1820 2393 1903 dicimuS,
2459 1829 2528 1882 ut
2584 1817 3030 1900 ‘fractasque

419 1925 500 1986 ad
570 1925 788 1987 litora
860 1921 1121 1987 voces'.
1234 1925 1357 1986 Vox
1432 1926 1757 2007 corporalis
1822 1935 1941 2009 est,
2015 1946 2087 1989 an
2161 1925 2596 2009 incorporalis?
2688 1928 3030 1989 Secundum

421 2034 638 2095 stoicos
686 2033 1041 2116 corporaliS,
1090 2037 1190 2114 qui
1231 2052 1360 2095 eam
1398 2035 1485 2095 sic
1522 2034 1841 2115 deliniunt,
1887 2043 1956 2095 ut
1994 2052 2103 2095 nos
2141 2037 2201 2095 in
2239 2037 2532 2116 principio
2572 2035 2986 2116 respondimus
3018 2083 3030 2096 .

420 2140 584 2201 Plato
632 2147 832 2202 autem
871 2160 989 2202 non
1040 2161 1171 2202 esse
1219 2160 1424 2202 vocem
1465 2159 1685 2221 corpus
1734 2148 1903 2220 putat
1949 2162 1965 2203 :
2012 2135 2154 2201 ‘nou
2203 2144 2361 2202 enim
2407 2135 2774 2222 percussus',
2821 2143 3031 2222 inquil,

421 2242 572 2328 ‘aer,
628 2246 732 2308 sed
789 2246 957 2327 plaga
1011 2251 1139 2328 ipsa
1197 2257 1386 2336 atque·
1429 2249 1769 2330 percussio,
1835 2247 1892 2307 id
1951 2255 2044 2308 est
2098 2243 2250 2310 vox'.
2338 2248 2712 2311 Democritus
2767 2266 2907 2309 vero
2964 2268 3031 2308 ac

342 2368 392 2407 15
421 2352 630 2414 deinde
660 2353 955 2435 Epicurus
986 2374 1056 2416 ex
1095 2354 1363 2416 indivisis
1393 2354 1744 2435 corporibus
1772 2372 1977 2416 vocem
2008 2362 2283 2417 constare
2313 2355 2545 2437 dicunt,
2585 2373 2804 2436 corpus
2832 2363 3030 2417 antem

421 2479 551 2521 esse
598 2469 699 2523 aut
745 2462 1011 2524 efficiens
1058 2471 1161 2540 aut
1204 2464 1450 2542 patiens.

561 2767 594 2814 2
631 2761 887 2817 ueterum
926 2760 1143 2818 scilicet
1179 2760 1486 2817 lectionum
1526 2760 1578 2816 V
1610 2763 1864 2817 ueterum
1903 2762 2171 2830 (ceterum
2204 2762 2297 2833 M)
2335 2761 2552 2820 scilicet
2577 2762 2863 2821 actionum
2897 2763 3032 2818 ΜΒ

494 2857 749 2911 eorumq3
797 2842 857 2896 in
901 2842 1085 2897 medio
1121 2841 1264 2896 ΒΜ
1295 2857 1485 2897 eorum
1532 2842 1831 2897 verborum
1881 2858 2024 2910 quae
2063 2859 2094 2896 e
2130 2842 2316 2899 medio
2364 2843 2416 2896 V
2450 2884 2463 2897 .
2502 2862 2636 2900 nam
2674 2863 2741 2901 ea
2778 2863 2809 2900 e
2846 2846 3031 2901 medio

418 2921 685 2992 loquendi
721 2940 823 2977 usu
860 2921 1072 2992 placita
1109 2923 1402 2978 adsumere
1451 2921 1743 2977 consuevit
1787 2922 2102 2991 Diomedes,
2151 2923 2251 2978 ubi
2294 2941 2434 2993 quae
2470 2940 2497 2979 e
2532 2926 2713 2981 codice
2760 2925 3033 2980 Victorini

420 3003 692 3072 adscripsi
727 3019 795 3057 ex
830 3003 1082 3059 Audaci-s
1129 3004 1270 3059 libro
1305 3003 1580 3058 Beruensi
1617 3004 1796 3073 petita
1843 3008 2003 3057 erant
2146 3010 2177 3058 5
2215 3003 2362 3075 Vox]
2410 3007 2478 3073 cf.
2518 3005 2702 3061 Dcom.
2745 3023 2804 3076 p.
2843 3011 3030 3072 420‚9

431 3081 743 3137 Wilmcmns
786 3084 852 3138 de
908 3083 1069 3138 Varr.
1119 3084 1244 3139 libr.
1289 3101 1515 3154 qramm.
1554 3101 1616 3153 p.
1662 3089 1752 3139 81.
1827 3083 2079 3138 Audaces
2124 3092 2378 3155 exempta
2424 3104 2491 3141 ex
2538 3086 2808 3141 Vaticano
2853 3086 3033 3141 codice

419 3164 590 3218 edidit
606 3164 806 3219 Maius
833 3166 987 3221 class.
1008 3171 1152 3220 auct.
1167 3182 1216 3222 υ.
1249 3164 1343 3219 VI
1347 3182 1410 3235 p.
1432 3170 1561 3234 589,
1596 3162 1842 3218 Audacis
1862 3162 1931 3217 de
1952 3162 2144 3220 Scauri
2183 3166 2496 3235 (denscausi
2533 3169 2669 3237 cod.)
2709 3170 2768 3222 et
2805 3166 3028 3221 Palladi

418 3243 577 3300 libris
606 3248 868 3315 excerpta
894 3245 1187 3316 (inscripta
1214 3246 1369 3314 cod).
1436 3245 1558 3303 Vox
1595 3249 1679 3301 est
1712 3261 1810 3300 aer
1846 3245 1991 3299 ictus
2027 3245 2225 3301 auditu
2262 3247 2500 3316 (auditui
2529 3250 2666 3316 cod.)
2704 3245 2983 3303 sensibilis
3012 3290 3026 3304 .

417 3326 570 3381 vocis
618 3328 807 3382 autem
854 3326 996 3381 duae
1044 3328 1173 3381 sunt
1218 3328 1429 3396 partes,
1479 3325 1780 3382 articulata
1826 3327 1887 3380 et
1934 3324 2167 3381 confusa
2204 3368 2216 3381 .
2255 3325 2559 3382 articulata
2604 3331 2693 3383 est
2741 3327 3030 3384 hominum

417 3408 664 3474 tantum,
717 3423 861 3475 quae
908 3405 1077 3461 scribi
1123 3409 1336 3477 potest,
1381 3407 1441 3461 id
1479 3407 1564 3462 est
1602 3407 1818 3462 ‘orator
1852 3405 2009 3460 venit
2044 3406 2104 3460 et
2140 3405 2373 3475 docuit',
2422 3410 2482 3463 et
2522 3406 2675 3463 dicta
2711 3407 3029 3475 articulata,

418 3485 574 3556 quod
612 3485 857 3541 articulo
898 3486 1026 3558 [sic]
1075 3486 1367 3542 scribentis
1415 3486 1791 3557 conprehendi
1835 3485 2017 3555 possit
2054 3528 2065 3541 .
2106 3483 2338 3541 confusa
2385 3489 2471 3542 est
2514 3504 2657 3557 quae
2704 3487 2875 3542 scribi
2919 3504 3031 3542 non

416 3567 629 3635 potest,
668 3567 732 3620 ut
767 3568 905 3636 puta
943 3567 1100 3621 velut
1127 3566 1318 3622 ovium
1344 3567 1594 3634 balatus,
1633 3565 1765 3636 equi
1790 3563 2067 3632 hinnitus,
2104 3564 2353 3634 mugitus
2381 3565 2568 3635 bovis,
2605 3566 2845 3621 latratus
2876 3564 3032 3621 canis

418 3647 479 3701 et
514 3648 715 3704 cetera.
790 3648 888 3702 sed
924 3647 1226 3703 articulata
1259 3665 1399 3718 vox,
1456 3663 1799 3717 quamquam
1845 3645 1921 3700 sit
1966 3644 2187 3714 prolixa
2221 3661 2256 3699 *
2293 3646 2476 3702 oratio
2523 3646 2762 3703 solvitur
2800 3649 2859 3701 et
2895 3647 3034 3701 facit

418 3741 731 3781 sermonem
770 3770 783 3784 .
822 3726 1024 3783 iterum
1065 3744 1376 3783 samonem
1412 3727 1582 3784 solvis
1621 3728 1679 3782 et
1724 3724 1863 3779 facit
1900 3724 2176 3793 syllabam
2207 3764 2218 3776 .
2250 3724 2299 3779 si
2337 3743 2470 3782 vero
2510 3728 2786 3797 syllabam
2823 3728 3027 3796 solvas,

416 3808 669 3861 remanet
702 3806 918 3877 littera,
966 3810 1025 3863 et
1059 3808 1173 3863 iam
1210 3825 1321 3864 non
1357 3807 1614 3879 procedit
1648 3806 1799 3861 ultra
1846 3803 2016 3874 (ultro
2054 3804 2192 3873 eod.)
2243 3805 2509 3861 resolutio
2548 3850 2560 3862 .
2600 3825 2767 3863 sonos
2805 3824 3027 3877 quoque

419 3905 611 3944 omnes
648 3904 814 3944 voces
852 3888 1116 3955 dicimus,
1153 3892 1219 3943 ut
1259 3888 1603 3957 ‘fractasque
1641 3902 1676 3939 a
1711 3885 1880 3940 litore
1917 3884 2128 3940 voces’.
2202 3885 2507 3940 secundum
2544 3887 2804 3957 physicos
2842 3880 3029 3943 aufem

418 3984 527 4022 vox
578 3968 884 4039 corporalis
932 3972 1044 4039 est,
1089 3969 1186 4040 qui
1235 3985 1360 4024 eam
1406 3968 1487 4022 sic
1534 3965 1832 4034 definiunt,
1887 3967 1953 4019 ut
2008 3982 2108 4020 nos
2158 3965 2217 4019 in
2262 3965 2541 4036 principio
2590 3969 2978 4038 respondimus
3016 4010 3028 4023 .

416 4047 581 4102 Plato
619 4049 806 4103 autem
844 4065 956 4103 non
993 4064 1114 4103 esse
1151 4064 1347 4103 vocem
1385 4063 1582 4118 corpus
1628 4050 1817 4117 putat:
1869 4046 2001 4102 ‘non
2048 4044 2196 4100 enim
2248 4048 2585 4116 percussus’,
2634 4048 2844 4117 inquit,
2895 4048 3031 4117 ‘aer,

417 4126 515 4181 sed
550 4126 724 4197 plaga
769 4126 893 4197 ipsa
940 4131 1111 4198 atque
1155 4128 1468 4200 percussio,
1515 4127 1574 4183 id
1622 4130 1708 4183 est
1753 4127 1883 4183 vox'
1925 4144 1960 4182 *
1998 4145 2066 4183 ex
2110 4127 2414 4183 individuis
2465 4129 2790 4198 corporibus
2836 4146 3030 4185 vocem

418 4210 675 4263 constare
712 4208 931 4277 dicunt,
970 4225 1168 4278 corpus
1206 4210 1397 4264 autem
1436 4225 1553 4264 esse
1590 4210 1690 4263 aut
1717 4207 1964 4263 efficiens
1992 4209 2093 4261 aut
2127 4205 2347 4277 patiens
2491 4208 2650 4263 aditu
2689 4209 2765 4264 M
2903 4210 3033 4263 sunt

411 4294 543 4359 post
580 4292 719 4360 quot
755 4307 855 4345 om.
884 4290 958 4356 B,
996 4291 1123 4345 add.
1166 4290 1243 4343 M
1362 4297 1394 4345 6
1433 4289 1589 4343 Duae
1619 4330 1631 4342 .
1663 4288 1819 4353 Quae
1847 4289 1979 4342 sunt
2016 4289 2068 4343 V
2098 4290 2256 4345 Duae
2285 4290 2418 4343 sunt
2443 4289 2589 4342 ΒΜ
2702 4289 3031 4344 articulatas

419 4370 480 4423 et
520 4369 792 4425 confusas.
839 4370 942 4425 Int.
991 4369 1245 4425 Articula
1298 4386 1442 4440 quae
1498 4369 1586 4423 est
1631 4368 1708 4421 M
1846 4376 1874 4424 7
1924 4371 2011 4424 est
2059 4374 2185 4438 post
2240 4368 2393 4423 dicta
2440 4384 2540 4422 om.
2578 4368 2737 4434 ΒΜ,
2793 4369 2922 4423 add.
2984 4367 3034 4420 V

455 4449 721 4504 articulos
751 4447 1043 4505 scribentis
1062 4451 1118 4504 Β
1191 4455 1224 4504 9
1253 4449 1501 4519 mugitus
1530 4448 1691 4504 bouis
1717 4452 1941 4518 praeter
1968 4448 2071 4503 has
2099 4448 2289 4503 nullae
2325 4448 2472 4504 aliae
2511 4465 2677 4504 uoces
2705 4450 2836 4503 sunt
2862 4466 3029 4504 sonos

418 4531 608 4595 (sonus
656 4530 753 4599 M)
798 4547 1017 4599 quoque
1063 4531 1181 4585 sine
1226 4530 1654 4599 interroqatione
1706 4534 1757 4584 et
1810 4529 2156 4598 responsione
2200 4527 2344 4582 ΒΜ
2483 4533 2549 4582 10
2595 4529 2919 4599 fractusque
2974 4530 3031 4582 Β

418 4608 735 4678 fractesque
786 4610 860 4663 M
893 4630 911 4662 .·
959 4609 1115 4679 Verq.
1160 4609 1302 4664 Aen.
1342 4610 1470 4663 III
1503 4615 1614 4665 556
1762 4618 1824 4665 11
1868 4609 1986 4664 Vox
2034 4608 2344 4678 corporalis
2384 4640 2449 4648 —
2491 4613 2560 4663 16
2596 4609 2846 4679 patiens,
2892 4625 3031 4679 quae

419 4689 619 4743 omissa
652 4693 783 4744 sunt
820 4691 974 4758 apud
1012 4690 1381 4756 Victorinum,
1418 4691 1675 4759 leyuntur
1711 4691 1866 4760 apud
1893 4690 2132 4745 Gellium
2158 4694 2297 4745 noct.
2328 4694 2427 4745 att.
2468 4688 2520 4742 V
2541 4694 2614 4745 15
2725 4689 3030 4745 secundum

420 4766 645 4822 istoicos
691 4768 747 4822 Β
893 4775 959 4823 13
1003 4785 1118 4824 non
1173 4768 1315 4840 esse]
1376 4785 1488 4825 non
1534 4774 1622 4824 est
1669 4771 1742 4824 M
1883 4775 1945 4825 15
1995 4787 2063 4825 ex
2108 4769 2415 4825 individuis
2463 4767 2787 4839 corporibus
2834 4786 3028 4824 vocem

421 4849 674 4901 constare
728 4846 924 4902 dicunt
977 4847 1188 4902 Gellius
1330 4848 1596 4905 indeuisis
1650 4851 1726 4905 M
1865 4850 2143 4923 constare]
2201 4867 2505 4906 consonare
2551 4849 2694 4904 ΒΜ
2839 4852 3027 4906 autem

407 4934 544 4983 ‚esse
580 4918 635 4971 Β
672 4918 861 4973 autem
901 4921 986 4974 est
1025 4920 1096 4973 M
1132 4925 1183 4975 et
1220 4919 1431 4977 Gellius
