3613 5528
1239 426 1381 482 ΑΕΒ
1417 428 1514 483 DE
1552 427 2131 484 ORTHOGRAPHIA
2857 429 2991 495 125

380 524 737 573 amnne

557 609 875 689 Indigenas
939 608 1212 671 homines
1281 611 1591 696 dicuntur,
1671 613 1950 693 indigites
2009 611 2090 673 dii
2153 611 2255 690 [ne
2310 616 2496 693 geniti
2553 613 2842 696 indegites
2909 613 2991 675 dii

379 716 685 795 indidem}

559 823 794 885 Circum
851 824 1036 905 pedes
1085 834 1225 886 sunt
1269 824 1552 906 obsequia
1602 845 1938 908 servorum,
1993 834 2129 887 ante
2184 827 2366 906 pedes
2413 830 2763 890 amicorum:
2818 827 2983 888 Iuve-

382 932 530 993 nalis
576 926 838 1011 ‘togati
884 939 1047 992 ante
1094 928 1364 1012 pedes'.

328 1052 355 1091 5
556 1038 738 1099 Insita
793 1037 972 1099 arbor
1027 1046 1119 1099 est
1174 1041 1272 1100 cui
1328 1042 1549 1113 incisae
1606 1030 1865 1103 alienum
1928 1060 2173 1121 germen
2229 1041 2577 1124 includitur3
2643 1042 2828 1103 adsita
2884 1026 2998 1103 cui*

383 1145 662 1206 incolumi
699 1145 875 1227 aliud,
914 1145 1072 1224 quod
1111 1147 1419 1229 sustineat,
1457 1147 1827 1228 adiungitur:
1874 1148 2154 1211 Horatius
2194 1144 2360 1229 ‘qua
2406 1148 2715 1230 populus
2752 1150 2984 1211 adsita

381 1246 681 1334 surgit'‚
727 1254 946 1333 quippe
994 1270 1146 1332 quae
1193 1252 1414 1314 vitibus
1461 1257 1859 1317 maritaretur.

556 1357 804 1420 Fremor
850 1367 944 1421 est
988 1378 1262 1421 murmur
1308 1360 1646 1437 hominum,
1693 1363 1968 1423 fremitus
2014 1364 2293 1425 ferarum.
2341 1353 2350 1359 ⁶

556 1465 797 1527 Flavum
863 1465 1116 1540 dicimus
1180 1466 1467 1549 rubeum,
1541 1472 1695 1531 sicut
1759 1465 1991 1530 ‘flava
2058 1467 2354 1553 Ceres'3
2427 1472 2663 1534 furvum
2730 1474 2988 1553 nigrum,

304 1589 352 1627 10
381 1565 658 1633 ‘furvae
706 1591 923 1653 regna
967 1569 1511 1657 Proserpinae'3
1559 1576 1784 1637 fulvum
1832 1579 2002 1656 nigro
2041 1578 2325 1661 rubeum,
2371 1579 2627 1640 ferinum
2675 1585 2736 1639 et
2780 1596 2988 1657 super-

379 1677 549 1761 bum,
595 1682 752 1741 sicut
797 1680 1021 1743 fulvum
1070 1681 1301 1743 leonem
1348 1689 1410 1743 et
1455 1682 1671 1745 fidvam
1719 1683 1974 1763 aquilam
2021 1693 2081 1746 et
2126 1685 2351 1747 fulvum
2398 1704 2608 1747 aurum
2656 1692 2717 1746 et
2762 1680 2985 1745 ‘fulva

377 1804 655 1865 pugnas
700 1787 783 1849 de
830 1787 1017 1850 nube
1066 1784 1449 1871 tuentem',
1495 1809 1646 1868 quae
1693 1791 1941 1854 haberet
1986 1795 2224 1872 igneum
2271 1792 2488 1872 aliquid
2537 1793 2612 1853 dc
2657 1791 2896 1853 caelesti
2935 1797 2995 1851 et

379 1892 683 1955 sordidum
730 1895 804 1956 de
849 1894 1088 1974 lugubri
1134 1903 1236 1956 aut
1281 1904 1444 1957 certe
1491 1897 1563 1958 de
1602 1898 1798 1959 Aenea
1843 1899 2223 1982 iracundiam,
2263 1897 2273 1980 Ι
2313 1900 2387 1960 de
2425 1900 2628 1960 Turno
2666 1900 2987 1960 tristitiam.

381 2000 603 2061 fulvum
649 2009 813 2062 certe
861 2021 1091 2085 aurum,
1138 2004 1236 2063 cui
1271 2003 1343 2063 ad
1381 2003 1659 2065 decorem
1707 2004 2041 2085 splendoris
2080 2009 2170 2075 sui
2220 2006 2420 2086 nigelli
2465 2005 2682 2085 aliquid
2730 2004 2982 2065 additur.

302 2121 353 2161 15
558 2107 903 2170 Postulatur
959 2109 1182 2190 aliquid
1237 2108 1516 2190 honeste,
1568 2113 1838 2191 poscitur
1885 2111 2181 2192 improbe:
2237 2112 2445 2173 Cicero
2492 2114 2553 2172 in
2602 2112 2987 2173 frumentaria

380 2208 780 2293 ‘incipiunt
824 2215 1228 2297 postulare,
1271 2234 1603 2299 poscere,
1649 2213 1961 2279 minari'.

490 2345 509 2357 ·
554 2321 734 2383 Alvus
771 2325 1037 2385 virorum
1076 2330 1238 2384 recte
1277 2322 1514 2406 dicitur,
1560 2331 1769 2385 uterus
1805 2325 2143 2407 mulierum,
2187 2333 2396 2387 venter
2433 2328 2494 2387 in
2531 2335 2788 2406 utroque
2828 2346 2991 2390 sexu.

558 2427 858 2509 Supplicia
903 2428 976 2490 de
1025 2432 1339 2491 tormentis
1385 2430 1638 2492 dicimus
1684 2437 1745 2491 et
1791 2430 1865 2491 de
1911 2432 2209 2512 precibus,

559 2636 587 2682 1
625 2628 930 2700 Indigenas
956 2660 1023 2668 —
1051 2628 1324 2699 indidem]
1353 2627 1623 2699 Indigene
1651 2629 1905 2685 homines
1934 2630 2194 2688 dicuntur
2219 2631 2537 2704 indigentes
2567 2632 2768 2704 digene
2796 2633 2991 2704 geniti.

380 2708 612 2781 Negene
639 2709 748 2764 tibi
777 2710 847 2766 de
875 2710 931 2764 Β
963 2708 1263 2782 Indigenes
1300 2710 1623 2780 (Indigenas
1651 2711 1717 2781 p)
1754 2710 2008 2768 homines
2036 2712 2321 2769 dicuntur:
2360 2714 2646 2785 Indigetes
2675 2713 2770 2769 dii.
2835 2713 2991 2770 Idem

380 2790 599 2859 (itidem
628 2793 693 2861 p)
730 2791 1011 2862 indigetes
1040 2790 1187 2847 unde
1225 2791 1405 2864 geniti
1437 2790 1518 2847 dii
1554 2806 1651 2861 sp.
1706 2793 1938 2858 fortasse
1972 2793 2270 2866 indigenae
2295 2795 2551 2851 homines
2580 2793 2857 2865 dicuntur,
2885 2794 2992 2848 hoc

380 2874 469 2925 est
502 2870 753 2928 indidem
786 2870 995 2943 geniti,
1032 2871 1311 2942 indigetes
1347 2871 1408 2926 di
1524 2876 1556 2924 3
1596 2870 1829 2945 circum]
1869 2873 2077 2928 circum
2114 2890 2252 2931 corr.
2290 2893 2483 2931 cursus
2522 2875 2598 2929 M
2711 2878 2748 2928 4
2781 2873 2990 2944 togati]

381 2952 577 3007 quen.
613 2956 713 3006 sat.
754 2956 809 3018 7,
844 2956 955 3007 142
1127 2957 1159 3005 5
1186 2951 1405 3006 incisae
1441 2950 1601 3005 Beda
1630 2967 1689 3019 p.
1728 2957 1902 3022 2788,
1939 2954 2207 3010 inscissae
2247 2956 2322 3009 M
2353 2956 2503 3010 inste
2539 2955 2595 3009 Β
2770 2962 2803 3009 6
2840 2955 2992 3011 inco-
3100 2937 3111 2947 ⁶

377 3030 516 3086 lomi
554 3033 630 3108 M
794 3031 931 3103 qua]
970 3032 1105 3100 quia.
1138 3031 1194 3085 Β
1230 3048 1267 3100 q
1305 3032 1382 3085 Μ
1386 3052 1404 3084 .·
1440 3031 1583 3085 Hor.
1621 3032 1772 3100 epist.
1816 3033 1901 3086 II
1933 3039 1993 3104 2,
2029 3040 2140 3091 170
2176 3053 2289 3105 qua
2323 3036 2564 3107 populus
2602 3035 2788 3091 adsita
2825 3037 2991 3092 certis

382 3111 683 3169 Limitibus
718 3112 907 3168 vicina.
939 3110 1150 3183 refugit
1184 3111 1368 3183 iurgia
1493 3117 1526 3166 8
1562 3112 1836 3182 murmur]
1874 3130 2064 3170 rumor
2101 3129 2135 3173 ς
2269 3122 2301 3170 9
2339 3115 2599 3189 Flavum]
2637 3116 2909 3172 Flaueum
2938 3116 2993 3170 Β

486 3193 654 3265 flava]
695 3193 868 3249 flaues
904 3190 987 3244 B.-
1035 3190 1191 3262 Very.
1229 3205 1409 3263 yeory.
1448 3194 1491 3247 Ι
1523 3198 1599 3248 96
1741 3191 1967 3247 furuum
2004 3195 2252 3266 nigrum:
2299 3195 2569 3252 Horatius
2608 3213 2778 3265 quam
2814 3212 2991 3266 paene

378 3273 574 3329 furuae
610 3291 788 3345 regna
822 3270 1193 3342 Proserpinae
1220 3289 1292 3341 p:
1330 3273 1470 3327 Hor.
1511 3289 1675 3328 carm.
1716 3272 1802 3325 II
1834 3276 1925 3340 13,
1960 3278 2035 3329 21
2185 3282 2253 3330 10
2288 3276 2487 3348 regna]
2525 3275 2718 3345 regine
2758 3276 2895 3330 MB

377 3355 609 3421 sortasse
650 3353 868 3410 fulvum
917 3370 1044 3408 cum
1088 3352 1250 3424 nigro
1295 3352 1531 3407 rubeum
1674 3352 1913 3407 ferinum
1950 3355 2010 3409 et
2054 3355 2356 3425 superbum
2401 3373 2502 3411 om.
2540 3355 2700 3411 Beda
2735 3371 2798 3424 p.
2835 3359 2992 3411 2785

487 3440 554 3490 11
593 3452 816 3504 aurum,
853 3436 920 3489 ut
956 3432 1228 3505 Virgilius
1263 3433 1421 3487 fulva.
1455 3449 1676 3503 pugnas
1707 3450 1775 3503 p:
1826 3434 1983 3504 Ver-9.
2012 3435 2154 3492 Aen.
2184 3436 2333 3490 XII
2366 3441 2478 3493 792
2620 3442 2685 3491 12
2714 3453 2993 3507 pugnasse

380 3515 451 3570 de
486 3516 633 3572 nube
673 3517 748 3570 M
778 3531 1061 3586 pugnasse
1098 3514 1186 3568 Du
1220 3513 1370 3585 pube
1408 3512 1463 3566 Β
1623 3514 1861 3570 haberet
1895 3516 2149 3588 igneum]
2188 3516 2397 3571 habere
2434 3534 2561 3572 eum
2595 3516 2654 3569 Β
2817 3521 2881 3570 13
2922 3516 2991 3572 de

377 3611 587 3650 aeneae
627 3596 703 3649 Μ
866 3592 1115 3649 tristiam
1151 3594 1207 3648 Β
1381 3601 1450 3649 14
1495 3594 1712 3649 fulvum
1748 3612 1849 3651 om.
1888 3596 1944 3649 B
2115 3597 2350 3653 addetur
2384 3597 2441 3651 B
2612 3602 2679 3650 15
2716 3595 2989 3668 poscitur]

376 3676 602 3744 patrem
636 3676 691 3729 Β
834 3682 898 3730 16
937 3674 1240 3746 incipiunt]
1292 3674 1402 3732 Cic.
1439 3675 1505 3730 in
1551 3675 1702 3732 Verr.
1741 3682 1845 3733 act.
1882 3693 1981 3732 sec.
2021 3677 2148 3730 III
2181 3681 2270 3747 34,
2309 3682 2383 3733 78
2511 3682 2577 3731 18
2615 3677 2674 3731 et
2710 3676 2779 3732 de
2814 3676 2990 3748 preci·

378 3753 484 3808 bus
520 3753 727 3811 EXPL.
768 3757 844 3809 M
876 3758 937 3811 el:
970 3754 1229 3827 precibus
1267 3755 1474 3811 diuinis
1511 3770 1545 3814 ς
3069 3775 3078 3780 ·
