3613 5528
569 393 700 458 526
1441 391 1815 464 [connum
1858 391 2306 463 monroms]

567 507 614 544 p.
640 495 761 537 2198.
790 496 896 536 2199
923 495 971 534 P.

743 578 1127 641 Altitudinem
1182 587 1244 640 et
1296 579 1639 640 alimentum
1694 587 1756 640 et
1810 578 2160 639 alimoniam.
2262 577 2512 639 altitudo
2577 580 3011 639 incrementum
3076 583 3171 636 est

570 689 863 767 corporiS,
910 687 1255 747 alimentum
1299 688 1734 748 incrementum
1780 687 2049 766 infantis,
2094 672 2369 746 alimonia
2417 703 2633 745 nomen
2672 684 3058 746 derivativum
3094 682 3169 743 ab

571 794 764 856 alendi
811 795 901 854 via
946 795 1114 873 quasi
1160 792 1448 872 particula
1494 795 1688 855 animi.

745 901 1001 981 Aequale
1057 910 1118 961 et
1171 899 1492 981 aequabile.
1594 899 1854 979 aequalis
1907 900 2153 961 alterius
2196 905 2468 961 'staturae
2524 917 2632 979 par
2692 907 2809 981 est,
2864 898 3171 978 aequabile

569 1008 727 1089 quod
774 1012 1016 1088 aequari
1061 1017 1274 1088 potest.
3226 1020 3255 1058 ὁ

745 1115 1004 1177 luscium
1041 1124 1103 1177 et
1138 1116 1423 1176 nescium.
1508 1117 1733 1176 inscius
1779 1114 1997 1194 aliquid
2047 1116 2263 1195 nescit,
2310 1116 2548 1175 nescius
2596 1113 2739 1175 nihil
2788 1114 2976 1174 novit:
3020 1113 3173 1175 alter

569 1225 628 1282 in
675 1230 844 1303 parte
892 1229 1078 1303 errat,
1124 1222 1272 1283 alter
1318 1224 1377 1283 in
1426 1230 1566 1283 toto.

746 1329 1003 1391 Glaciem
1052 1338 1112 1390 et
1157 1331 1367 1390 nivem.
1458 1328 1675 1408 glacies
1721 1337 1815 1390 est
1860 1347 2010 1408 quae
2057 1339 2154 1389 ex·
2186 1331 2346 1391 coitu
2403 1347 2588 1409 aquae
2645 1337 3015 1412 constagnat‚
3070 1331 3171 1390 nix

569 1444 881 1498 ventorum
926 1439 1048 1497 ritu
1094 1436 1265 1497 cadit.

748 1543 1125 1605 Contrarium
1163 1551 1222 1604 et
1262 1542 1678 1604 adversarium.
1771 1545 2136 1605 contrarium
2184 1545 2537 1625 negotium,-
2558 1543 2931 1605 adversarius
2976 1543 3169 1604 homo.
3203 1559 3257 1597 ιο

747 1649 977 1712 Gallum
1025 1659 1085 1712 et
1130 1649 1432 1712 Gallicum.
1525 1650 1725 1712 Gallus
1771 1653 2038 1732 natione,
2083 1650 2341 1713 Gallicus
2387 1670 2459 1712 ex
2505 1650 2703 1712 Gallia.

747 1759 978 1821 Acuere
1024 1766 1087 1819 et
1131 1776 1420 1819 exacuere
1465 1759 1902 1838 praepositione
1950 1757 2412 1838 distinguuntur.

748 1866 1047 1927 Incertum
1113 1875 1175 1925 et
1238 1863 1502 1925 dubium.
1592 1866 1891 1925 incertum
1945 1882 2055 1925 nec
2111 1873 2346 1945 tenipus
2400 1884 2512 1927 nec
2571 1884 2886 1927 numerum
2942 1868 3173 1947 recipit,

571 1972 817 2034 dubium
864 1992 896 2033 a
942 1971 1175 2033 duobus
1219 1972 1445 2051 incipit.
1940 2025 1944 2030 .

748 2078 1064 2140 Ambulare
1130 2085 1192 2139 et
1252 2075 1634 2138 inambulare.
1741 2075 2041 2138 ambulare
2107 2079 2402 2157 incipiunt
2463 2080 2746 2161 infantes,
2810 2079 3176 2142 inambulant
3206 2095 3259 2136 15

570 2186 854 2247 homines

747 2293 1033 2355 Modulari
1100 2301 1159 2354 et
1221 2291 1531 2353 moderari.
1642 2291 1934 2353 modulari
1997 2301 2090 2354 est
2161 2311 2401 2354 carmen
2465 2313 2500 2352 *
2565 2294 2861 2356 moderari
2932 2294 3174 2355 modum

572 2404 896 2482 imponere.

749 2508 1068 2570 Barbaram
1113 2507 1473 2569 locutionem
1519 2518 1581 2568 et
1625 2506 2052 2569 barbarismon.
2142 2508 2391 2570 barbara
2441 2509 2662 2569 locutio
2707 2511 2949 2591 proprie
3002 2527 3173 2590 pere-

572 2618 739 2696 grina
784 2624 903 2699 est,
947 2615 1344 2677 barbarismos
1391 2615 1457 2676 fit
1501 2616 1678 2677 etiam
1724 2616 1785 2675 in
1833 2614 1998 2675 latini
2044 2619 2337 2676 sermonis
2383 2616 2701 2677 locutione.
3202 2632 3258 2670 20

750 2723 972 2785 Cadere
1020 2731 1080 2785 et
1125 2722 1417 2785 decidere.
1510 2722 1668 2784 cadit
1712 2723 1890 2784 etiam
1937 2724 1996 2783 in
2043 2722 2245 2803 plano,
2291 2722 2513 2784 decidit
2558 2743 2629 2785 ex
2675 2723 2810 2786 alto.

752 2830 1094 2893 Subsidium
1141 2839 1202 2893 et
1245 2829 1608 2911 praesidium
1665 2837 1727 2890 et
1780 2829 2080 2891 auxilium.
2172 2829 2503 2892 subsidium
2561 2831 2717 2911 quod
2774 2831 2982 2893 subest
3036 2831 3176 2893 defi·

574 2936 893 3020 cientibuS,
934 2936 944 3013 Ι
983 2937 1344 3018 praesidium
1382 2939 1732 3018 imponitur,
1778 2935 2061 2998 auxilium
2106 2939 2487 3017 repentinum
2533 2947 2639 3000 est.
2715 2941 2795 3000 ita
2843 2938 3174 3001 subsidium

576 3046 648 3106 ad
695 3044 988 3106 secundos
1037 3061 1209 3104 casus
1254 3053 1671 3126 praeparatur,
1715 3043 2078 3125 praesidium
2124 3043 2197 3104 ad
2245 3045 2575 3106 custodiam
2619 3045 2970 3128 collocatur,
3015 3049 3176 3108 auxi-

576 3151 721 3212 lium
768 3159 836 3211 ut
879 3153 1070 3230 prosit
1116 3168 1188 3210 ex
1233 3152 1534 3230 insperato
1580 3152 1757 3211 venit.
1991 3203 1999 3211 .
3201 3168 3258 3209 2⁵

751 3255 1092 3318 Distrahere
1141 3266 1200 3318 et
1246 3257 1528 3319 diducere
1577 3268 1638 3319 et
1682 3257 1978 3319 divellere.
2070 3258 2402 3319 distrahere
2450 3279 2482 3320 a
2529 3260 2843 3335 trahendo,
2894 3259 3177 3321 diducere

574 3385 605 3427 a
652 3364 951 3447 ducendo,
997 3364 1277 3425 divellere
1323 3381 1357 3424 a
1402 3364 1686 3426 vellendo.

751 3644 786 3691 4
822 3635 1073 3706 Aequale
1099 3635 1260 3691 Beda
1286 3641 1506 3704 262‚26
1654 3641 1718 3689 10
1747 3635 1902 3688 Inter
1929 3634 2306 3689 adversarium
2337 3638 2394 3689 et
2421 3636 2776 3691 contrarium.
2824 3639 3176 3694 adversarius

576 3717 763 3772 animo
810 3720 924 3786 est,
973 3716 1282 3773 contrarius
1329 3716 1454 3772 loco
1492 3718 1547 3785 (1.
1586 3717 1795 3783 locum)
1834 3714 2111 3785 significat
2145 3715 2260 3770 cod.
2302 3715 2483 3771 Mont.
2660 3722 2721 3770 11
2765 3717 2916 3773 Inter
2952 3718 3177 3775 Gallum

574 3800 632 3852 et
667 3797 935 3868 gallicum
973 3799 1032 3851 et
1066 3797 1406 3868 gallicanum
1436 3842 1448 3854 .
1480 3796 1704 3852 Gallum
1742 3794 1978 3849 dicimus
2015 3794 2299 3849 hominem
2335 3795 2394 3849 in
2431 3796 2620 3851 Gallia.
2653 3798 2874 3866 natum,
2911 3799 3179 3870 gallicum

574 3878 725 3947 quod
754 3896 820 3932 ex
849 3878 1036 3933 Gallia
1061 3882 1257 3934 natum
1287 3883 1445 3949 (corr.
1472 3878 1675 3947 latum)
1715 3878 1826 3944 est,
1863 3876 2205 3945 gallicanum
2240 3895 2452 3933 morem
2490 3875 2725 3932 dicimus
2763 3878 2856 3934 vel
2887 3879 3180 3950 negotium

575 3959 691 4013 cod.
732 3953 912 4013 Mont.
1058 3963 1124 4013 21
1166 3957 1374 4013 Cadere
1410 3958 1570 4012 Beda
1606 3960 1815 4024 267,13

757 4198 785 4245 1
825 4188 1170 4245 Alitudinem
1225 4196 1275 4245 et
1328 4191 1522 4247 deinde
1569 4190 1784 4245 alitudo
1833 4203 1867 4248 5
2046 4196 2078 4245 2
2125 4188 2393 4245 alimonia.
2439 4188 2813 4245 deriuatiuum
2860 4191 2931 4246 ab
2977 4193 3179 4249 alendo

578 4270 738 4342 quasi
773 4269 1052 4340 particula
1090 4271 1262 4326 animi
1299 4285 1333 4330 5
1370 4314 1384 4327 .
1419 4273 1651 4340 fortasse
1696 4270 1768 4325 ab
1815 4269 2003 4326 alendi
2046 4269 2106 4324 vi
2149 4269 2240 4324 vel
2285 4269 2443 4339 quasi
2486 4267 2767 4339 particula.
2813 4272 2985 4327 animi
3147 4282 3181 4330 4

580 4356 669 4409 est
702 4368 804 4407 om.
843 4366 877 4408 5
1022 4358 1089 4406 10
1126 4350 1477 4407 Contrarium
1514 4382 1582 4392 -
1619 4352 1786 4405 homo
1826 4368 1859 4409 5
1897 4349 2250 4407 Contrarium
2287 4350 2346 4405 et
2380 4348 2761 4404 adversarium
2798 4351 2965 4408 homo
3003 4394 3017 4409 .
3058 4397 3068 4407 .
3112 4398 3124 4410 .
3166 4399 3178 4410 .

577 4431 770 4502 negoti
808 4474 820 4485 .
861 4474 873 4485 .
915 4475 926 4485 .
955 4432 1023 4486 N
1044 4475 1058 4489 .
1087 4433 1300 4502 reliqua
1325 4433 1390 4487 in
1416 4433 1617 4488 detrita
1651 4432 1854 4487 codicis
1888 4432 2169 4500 scn'ptura
2193 4446 2309 4485 non
2334 4436 2718 4498 apparuerunt
2861 4438 2924 4487 11
2956 4432 3180 4489 Gallum

580 4545 647 4555 -
676 4512 862 4568 Gallia.
887 4527 922 4570 5
952 4511 1175 4567 Gallum
1204 4514 1263 4567 et
1287 4512 1552 4581 gallicum
1583 4515 1593 4579 1
1628 4551 1819 4569 .....
1848 4509 2115 4580 gallicum
2142 4510 2326 4579 gallus
2364 4509 2590 4565 natione
2628 4510 2864 4580 gallicus
2900 4513 3039 4582 galli
3078 4556 3091 4567 .
3122 4557 3134 4569 .
3166 4560 3179 4573 .

579 4592 646 4646 Ν
679 4631 693 4644 .
733 4591 957 4647 Gallum
995 4595 1054 4647 et
1089 4591 1357 4664 gallicum
1393 4593 1477 4648 bis
1510 4594 1718 4661 scripta
1752 4607 1862 4645 esse
1894 4591 2151 4646 videntur
2188 4593 2252 4647 in
2287 4592 2467 4647 codice
2611 4596 2676 4644 12
2715 4590 3095 4664 distinguntur
3120 4596 3187 4649 N

655 4679 719 4728 17
756 4672 1035 4729 modulari
1071 4676 1157 4728 est
1193 4672 1452 4729 carminis
1486 4672 1682 4728 modos
1719 4670 1904 4727 facere
1942 4670 2246 4728 Fabricius
2283 4716 2295 4727 .
2333 4673 2565 4740 sortasse
2608 4671 2885 4727 modulari
2930 4675 3018 4729 est
3064 4691 3178 4729 car-

579 4796 747 4852 minis
880 4799 1161 4853 moderari
1187 4800 1275 4853 est
1299 4798 1527 4853 modum
1555 4798 1840 4871 imponere
1869 4811 1904 4856 5
2039 4804 2108 4853 20
2137 4761 2506 4853 barbarismgs
2533 4797 2599 4852 fit
2622 4797 2691 4853 N
2819 4804 2887 4854 26
2907 4799 3180 4856 deducere

571 4878 764 4951 priore
798 4879 913 4936 loco
946 4879 1032 4944 N,
1069 4885 1295 4950 utroque
1329 4893 1365 4939 5
