3613 5528
631 381 719 444 94
1824 383 2040 438 CAPRI

628 492 672 529 p.
700 483 806 522 2240
833 483 882 523 P.

809 566 1107 628 Eventura
1170 566 1315 627 mihi
1379 584 1662 645 praesago
1722 570 2024 648 praesagis
2083 569 2406 649 praesagit,
2470 586 2579 628 uos
2639 571 3074 650 praesagimuS,
3141 588 3245 630 vos

628 676 1000 755 praesagitiS,
1044 673 1127 735 illi
1172 683 1550 754 praesagant.

804 779 913 840 Hic
966 788 1211 861 pecten,
1266 780 1363 841 hic
1422 780 1568 860 lien,
1624 781 1720 841 hic
1778 784 1938 862 rien,
1995 783 2079 841 sic
2127 781 2347 843 tibicen
2397 781 2611 842 fidicen
2658 781 2859 842 liticen
2906 781 3245 844 dicendum.

627 905 868 965 praeses
913 887 1205 966 praesidis
1253 888 1407 947 facit.

708 1039 720 1045 .
802 979 1021 1053 Ambos
1069 1003 1130 1053 et
1175 993 1325 1053 duos
1372 997 1707 1055 accusativo
1755 996 2040 1076 dicimuS,
2086 994 2259 1055 ambo
2307 1003 2368 1055 et
2414 996 2535 1057 duo
2582 997 2960 1056 nominativo.

803 1101 956 1160 Acer
1002 1101 1273 1160 inermus
1318 1100 1589 1160 infirmus
1637 1100 1862 1161 faciunt
1906 1100 2215 1180 pluraliter
2263 1102 2386 1161 acri
2430 1104 2645 1162 inermi
2682 1102 2917 1161 infirmi.
2993 1109 3053 1161 at
3089 1103 3243 1161 acris

627 1209 874 1267 inermis
931 1207 1181 1267 infirmis
1236 1209 1298 1266 in
1359 1206 1570 1286 plurali
1640 1225 1891 1268 numero
1953 1208 2179 1269 faciunt
2238 1227 2408 1270 acres
2468 1211 2729 1269 inermes
2789 1208 3071 1269 infirmes,
3155 1210 3244 1268 sic

626 1312 852 1373 hilarus
899 1312 1072 1374 hilari
1118 1314 1283 1393 facit,
1328 1311 1532 1373 hilaris
1578 1313 1814 1375 hilares,
2665 1390 2689 1410 Ι

804 1419 1008 1481 Nostri
1056 1429 1400 1481 nostrorum
1445 1428 1720 1481 nostrum
1766 1424 1928 1483 veuit
1976 1441 2009 1482 a
2056 1441 2195 1484 nos:
2243 1424 2329 1484 sic
2376 1424 2559 1484 vestri
2598 1431 2934 1483 vestrorum
2972 1430 3238 1482 vestrum

628 1527 790 1586 venit
835 1544 869 1585 a
915 1544 1033 1587 vos.

804 1630 916 1692 Vas
966 1636 1116 1694 vasis
1165 1635 1303 1695 facit
1360 1639 1633 1715 genetivo
1681 1636 1994 1716 singulari3
2051 1648 2111 1697 et
2166 1636 2361 1697 dativo
2415 1635 2630 1716 plurali
2688 1637 2839 1697 vasis
2895 1638 3060 1715 facit,
3122 1654 3241 1696 non

634 1739 888 1821 vasibus,
934 1750 996 1801 et
1040 1743 1313 1820 genetivo
1361 1761 1662 1824 vasorum,
1710 1761 1829 1803 non
1877 1761 2141 1804 vasuum.

805 1847 967 1909 Odea
1013 1866 1216 1909 musea
1264 1866 1508 1928 serapea
1556 1851 1676 1909 isea
1724 1849 2020 1909 mausolea
2069 1849 2325 1910 caducea
2373 1850 2707 1910 dicendum.

804 1953 936 2015 Non
983 1964 1076 2015 est
1121 1954 1327 2029 sorbo,
1376 1953 1480 2015 sed
1528 1954 1772 2037 sorbeo,
1819 1974 1930 2016 nec
1978 1955 2200 2037 sorbsi,
2247 1956 2350 2017 sed
2398 1955 2620 2017 sorbui.
2695 1958 2781 2016 sic
2829 1962 2889 2016 et
2934 1955 3236 2037 absorbui,

630 2080 750 2121 non
800 2059 1101 2143 absorbsi,
1148 2071 1216 2123 ut
1262 2060 1552 2122 Lucanus,
3277 2071 3333 2111 1⁶

724 2178 728 2182 *
805 2167 1077 2249 Coactus,
1114 2186 1233 2228 uon
1272 2177 1480 2228 coctus
1518 2167 1852 2254 dicendum.
1928 2168 2228 2250 abscondi,
2268 2188 2386 2229 non
2424 2169 2714 2230 absconsi.
2781 2172 2868 2230 sic
2908 2179 2968 2231 et
2994 2168 3244 2230 abscon-

627 2274 815 2354 ditus,
862 2293 981 2335 non
1027 2274 1354 2336 absconsus
1401 2275 1745 2357 dicendum,
1792 2284 1854 2336 et
1898 2275 2180 2358 lassatus,
2227 2294 2345 2337 non
2392 2277 2599 2338 lassus

803 2380 966 2442 Alter
1013 2401 1045 2443 e
1093 2380 1354 2463 duobuS‚
1401 2400 1557 2443 unus
1603 2401 1635 2442 e
1685 2381 1879 2443 tribus
1925 2383 2017 2443 vel
2061 2382 2351 2463 pluribus

803 2487 1095 2550 Descendi
1142 2492 1202 2550 in
1250 2489 1464 2551 solium
1511 2492 1728 2570 maiuS,
1775 2507 1896 2550 non
1944 2492 2242 2551 maiorem.

804 2593 948 2654 Bina
993 2613 1060 2654 ac
1108 2597 1263 2655 trina
1301 2594 1549 2655 dicenda
1586 2604 1728 2657 sunt
1765 2613 1918 2674 quae
1958 2603 2098 2656 sunt
2136 2615 2373 2676 semper
2409 2597 2676 2679 pluralia,
2724 2606 2789 2659 ut
2827 2592 3029 2657 ‘binos
3067 2595 3241 2657 ludos
3275 2603 3332 2643 8⁰

626 2699 977 2781 plerumque
1024 2705 1420 2780 spectavimus
1469 2721 1587 2764 uno
1634 2696 1790 2784 die'3
1840 2703 1925 2762 sic
1973 2703 2162 2763 trinos
2209 2706 2527 2766 circenses.

802 2808 1046 2870 Fruitus
1094 2827 1226 2871 sum
1271 2810 1370 2871 illa
1417 2829 1512 2872 re:
1557 2820 1790 2871 veteres
1837 2808 2117 2871 dixerunt
2164 2806 2417 2874 ‘fruitus
2463 2815 2556 2874 vix
2603 2812 2763 2873 illam
2808 2806 2993 2873 rem’.

3275 970 3303 1010 5

3274 1503 3328 1543 10

807 3016 835 3063 1
884 3024 1156 3079 praesago
1213 3041 1273 3049 —
1326 3010 1689 3081 praesagant]
1736 3012 1898 3066 immo
1943 3010 2239 3081 praesagio
2285 3041 2351 3050 —
2400 3009 2789 3081 praesagiunt:
2845 3012 2916 3078 cf.
2964 3010 3243 3065 Μοίαπ.

624 3090 661 3144 l.
711 3089 887 3142 VIII
921 3107 981 3159 p.
1021 3094 1148 3159 397,
1196 3094 1231 3144 3
1275 3089 1570 3160 praesagio
1617 3092 1676 3144 et
1720 3091 2070 3161 praemgior,
2118 3091 2277 3145 Beda
2314 3107 2373 3159 p.
2413 3096 2566 3146 2795
2613 3090 2908 3162 praesagio
2955 3088 3246 3161 praesagis
3321 3103 3328 3108 ·

624 3168 990 3239 praesagiunt
1131 3175 1166 3222 4
1202 3169 1339 3224 facit
1375 3186 1475 3224 om.
1504 3168 1623 3223 ΒΟ
1760 3177 1792 3224 5
1830 3170 2042 3224 Ambos
2081 3172 2140 3224 et
2175 3169 2315 3225 duos
2354 3170 2433 3239 (in
2463 3172 2590 3227 add.
2621 3174 2669 3241 c)
2708 3172 3031 3227 accusativo
3060 3170 3244 3225 Ambo

624 3251 684 3303 et
720 3249 829 3304 duo
868 3249 949 3318 (in
985 3248 1112 3303 add.
1152 3250 1201 3317 c)
1239 3248 1586 3304 nominatiuo
1626 3250 1673 3304 Ο
1704 3251 1888 3306 Ambo
1927 3252 1982 3305 et
2034 3249 2143 3304 duo
2179 3248 2241 3303 in
2276 3250 2622 3306 nominatiuo
2661 3252 2856 3307 ambos
2892 3253 2951 3306 et
2998 3249 3136 3304 duos
3184 3248 3246 3303 in

624 3328 946 3384 accusatiuo
983 3328 1039 3381 B
1184 3334 1215 3382 6
1253 3330 1398 3386 Acer
1434 3329 1664 3384 inermis
1700 3330 1952 3384 infirmus
1988 3328 2129 3384 facit
2174 3333 2331 3400 (corr.
2370 3329 2606 3400 faciunt)
2653 3331 2949 3401 pluraliter
2985 3329 3246 3386 acerrimi

621 3407 831 3462 infirmi
875 3409 937 3462 at
981 3408 1126 3462 acris
1171 3408 1399 3463 inermis
1443 3408 1678 3462 infirmis
1722 3408 1999 3477 pluralem
2045 3410 2206 3477 (corr.
2244 3409 2370 3474 -les)
2415 3409 2630 3465 faciunt
2673 3427 2829 3466 acres
2875 3412 3117 3466 inermes
3162 3407 3247 3463 iu·

624 3488 809 3543 firmes
855 3489 934 3542 sic
980 3488 1192 3542 hilarus
1238 3488 1405 3544 hilari
1452 3486 1592 3543 facit
1636 3488 1831 3542 hilaris
1869 3490 1929 3542 et
1963 3487 2172 3541 hilares
2212 3488 2258 3540 C
2289 3488 2434 3543 Acer
2468 3488 2696 3544 inermis
2733 3490 2984 3544 infirmus
3031 3489 3249 3545 faciunt

625 3584 781 3622 acres
826 3567 1066 3623 inermes
1112 3569 1357 3625 infirmes
1403 3568 1484 3624 sic
1531 3569 1744 3624 hilarus
1794 3565 1964 3621 hilari
2007 3566 2144 3620 facit
2193 3564 2385 3621 hilaris
2434 3569 2493 3623 et
2538 3568 2747 3625 hilares
2783 3569 2840 3623 Β
3019 3574 3052 3622 9
3100 3568 3249 3624 sicut

626 3646 801 3701 uestri
833 3647 890 3701 Β
1035 3653 1102 3700 11
1141 3648 1255 3702 Uas
1292 3648 1444 3703 uasis
1482 3649 1623 3704 facit
1656 3666 1768 3703 non
1806 3647 2036 3703 nasibus
2074 3649 2133 3700 et
2167 3661 2428 3701 uasorum
2465 3650 2615 3703 uasis
2663 3649 2924 3721 genetiuo
2975 3647 3246 3717 singulari

626 3725 782 3782 Odea
817 3726 893 3779 M
942 3727 1056 3781 Uas
1089 3771 1100 3783 .
1134 3770 1146 3782 .
1186 3732 1305 3796 (uas
1345 3770 1357 3782 .
1398 3770 1411 3783 .
1452 3772 1464 3784 .
1502 3746 1639 3784 corr.
1680 3746 1817 3783 uasa
1856 3728 1923 3798 0)
1960 3725 2110 3780 uasis
2147 3724 2288 3779 facit
2324 3743 2436 3781 non
2472 3728 2700 3785 nasibus
2739 3732 2797 3786 et
2833 3746 3094 3784 uasorum
3131 3745 3245 3784 non

626 3822 861 3861 uasuum
897 3806 1047 3861 uasis
1084 3807 1223 3862 facit
1258 3807 1574 3877 genitiuum
1602 3808 1945 3879 singularem
1981 3809 2040 3862 et
2075 3806 2268 3862 datiuo
2306 3807 2515 3877 plurali
2551 3810 2703 3865 uasis
2740 3808 3055 3879 genitiuum
3083 3825 3245 3863 uaso-

625 3905 750 3941 rum
779 3886 935 3943 Odea
964 3885 1091 3942 ΒΟ.
1149 3904 1409 3956 vaenum,
1447 3889 1592 3957 quod
1626 3906 1693 3943 ex
1720 3889 1835 3944 ΒΟ
1865 3890 2067 3959 recepi,
2105 3888 2302 3957 leyitur
2328 3889 2393 3942 in
2419 3890 2600 3944 codice
2629 3889 2874 3944 Charisii
2907 3906 2962 3958 p.
2992 3893 3120 3956 146,
3147 3894 3244 3945 24.

626 3984 705 4022 an
748 3973 979 4022 vasum?
1153 3973 1217 4021 13
1266 3967 1489 4037 serapia
1532 3967 1650 4022 ΒΟ
1788 3969 1937 4025 issea
1982 3970 2258 4023 mausolia
2309 3968 2356 4023 Ο
2494 3970 2778 4024 cauducea
2825 3968 2901 4021 M
3041 3974 3105 4023 15
3154 3972 3243 4041 ut]

626 4049 685 4102 et
719 4045 834 4101 ΒΟ
937 4047 1219 4118 Lucanus]
1260 4046 1514 4102 Phar-sal.
1546 4048 1715 4101 IIII
1747 4053 1859 4102 100
1895 4049 2179 4118 absorpsit
2213 4049 2435 4120 penitus
2472 4067 2656 4120 rupes,
2693 4065 2799 4118 quo
2836 4050 3074 4118 exemplo
3111 4065 3247 4103 usus

625 4132 703 4181 eat
741 4127 1070 4182 Priscianus
1107 4128 1141 4182 l.
1181 4129 1289 4181 IX
1315 4146 1375 4198 p.
1414 4133 1539 4194 491,
1575 4133 1645 4182 14
1792 4135 1859 4184 16
1897 4129 2182 4184 Abscondi
2218 4146 2330 4184 non
2367 4129 2695 4185 abscondidi
2731 4128 3095 4183 absconditus
3132 4146 3247 4184 non

625 4209 928 4263 absconsus
956 4214 1207 4278 excerpta
1239 4209 1741 4278 Montepessulana.
1771 4208 2102 4264 abscondidi
2129 4210 2430 4275 defendunt
2450 4210 2774 4264 Priscian&
2800 4209 2836 4263 1.
2861 4208 2924 4261 X
2943 4226 3000 4277 p.
3024 4214 3154 4276 516,
3173 4215 3242 4265 11

625 4294 674 4342 et
708 4289 932 4344 Nonius
965 4305 1022 4357 p.
1052 4293 1141 4355 75,
1170 4294 1263 4355 21,
1301 4288 1614 4344 abscondor
1650 4289 1949 4344 absconsus
1985 4292 2044 4344 et
2078 4290 2437 4347 absconditus
2465 4290 2752 4345 Diomedes
2779 4304 2842 4358 p.
2874 4293 3003 4355 375,
3030 4295 3106 4344 25

625 4371 706 4425 sic
734 4386 834 4426 om.
863 4370 979 4424 ΒΟ
1103 4375 1166 4423 17
1206 4369 1502 4423 dicendum
1532 4370 1592 4422 et
1626 4366 1866 4423 lassatus
1893 4386 2005 4424 nou
2034 4370 2214 4426 lassus
2243 4389 2342 4426 om.
2372 4371 2601 4441 BGs'p,
2631 4372 2758 4426 add.
2791 4368 2868 4423 M
2997 4374 3062 4423 18
3100 4368 3247 4424 alter

626 4451 695 4505 de
733 4451 948 4506 duobus
986 4467 1126 4504 unus
1164 4465 1231 4502 ex
1268 4449 1521 4519 pluribus
1561 4449 1654 4504 uel
1689 4448 1871 4503 tribus
1900 4463 1933 4505 ς
2053 4467 2084 4505 e
2121 4451 2300 4507 tribus
2335 4451 2427 4507 vel
2464 4449 2740 4521 pluribus]
2782 4466 2813 4504 e
2852 4447 3106 4518 pluribus
3147 4451 3241 4507 uel

625 4530 805 4584 tribus
843 4529 1036 4585 ΜΒΟ
1169 4534 1233 4582 19
1270 4527 1332 4582 in
1368 4528 1571 4583 solium
1608 4527 1862 4583 discendi
1900 4531 2058 4596 (corr.
2099 4529 2383 4599 descendi)
2421 4531 2601 4585 maius
2641 4528 2699 4585 Ο.
2744 4530 2976 4595 sorta-sse
3013 4530 3240 4584 ascendi

622 4610 682 4664 in
719 4610 920 4664 solium
957 4610 1137 4665 maius
1334 4628 1445 4665 non
1481 4609 1539 4663 in
1579 4610 1850 4663 maiorem
1889 4610 1964 4662 M
2164 4616 2235 4664 20
2270 4609 2414 4665 Bina
2452 4640 2517 4650 --
2557 4610 2832 4665 circenses
2878 4624 2979 4663 om.
3018 4606 3243 4678 ΒΟςΡ,

625 4689 752 4743 add.
791 4688 868 4743 Μ
966 4696 1032 4744 21
1073 4688 1493 4759 expectauimus
1530 4689 1606 4742 M
1715 4694 1783 4743 22
1822 4687 2027 4744 fruitus
2063 4707 2187 4743 sum
2223 4689 2326 4744 ina
2360 4705 2422 4744 re
2458 4691 2678 4744 ueteres
2716 4688 3003 4754 dixerunt,
3041 4685 3242 4742 fruitus

623 4785 722 4824 nos
758 4769 917 4825 illam
952 4786 1070 4825 rem
1107 4784 1140 4826 ς
1175 4768 1377 4823 fruitus
1416 4786 1539 4822 sum
1577 4766 1734 4821 illam
1763 4786 1881 4823 rem
1910 4771 2129 4824 ueteres
2166 4768 2439 4825 dixerunt
2475 4785 2586 4823 non
2624 4767 2828 4823 fruitus
2865 4768 2970 4822 illa
2997 4780 3059 4819 re
3084 4784 3131 4835 p

622 4847 826 4903 fruitus
863 4848 955 4902 uix
992 4849 1152 4904 illam
1188 4864 1307 4903 rem
1344 4847 1417 4900 M
1447 4847 1649 4902 fruitus
1678 4865 1783 4901 uex
1820 4848 1979 4903 illam
2006 4866 2126 4904 rem
2158 4848 2206 4904 Ο
2235 4866 2351 4904 non
2388 4847 2592 4903 fruitus
2631 4865 2753 4901 sum
2789 4848 2947 4901 illam
2985 4861 3104 4900 rem
3141 4847 3245 4904 Bc
