3613 5528
606 395 738 460 350
1739 398 1837 452 AV
1845 397 2053 455 DACIS

604 510 647 546 p.
674 497 728 538 so
755 497 817 537 H.

603 584 953 664 composita,
1019 591 1285 643 ceterum
1342 582 1619 665 simplex,
1677 583 1938 664 alioquin
1993 587 2334 665 composita.
2415 584 2738 646 Rationalis
2793 587 3013 666 speciei
3067 603 3204 670 con-

602 690 937 751 iunctiones
998 699 1145 770 quot
1203 687 1385 752 sunt?
1470 690 1732 752 Numero
1805 694 2011 772 viginti
2082 702 2143 754 et
2204 700 2483 773 quattuor
2562 694 2671 755 hae
2747 703 2888 756 suut
2961 702 3207 776 tantum,

601 796 984 877 quamobrem
1032 801 1384 880 composita,
1429 801 1782 879 praesertim
1829 799 2107 883 simplex,
2152 804 2295 863 item
2343 801 2617 885 simplex,
2662 803 2922 881 itemque
2970 818 3206 880 compo—

602 907 741 984 sita,
768 907 848 966 ita
877 905 1156 987 simplex,
1192 907 1391 985 itaque
1421 909 1773 988 composita,
1821 909 1957 986 quia
1988 908 2253 990 simplex,
2290 912 2569 989 quoniam
2598 909 2864 991 simplex,
2903 911 3205 989 quoniam-

601 1010 841 1090 quidem
898 1014 1247 1093 composita,
1312 1023 1674 1094 quapropter
1728 1017 2083 1096 composita,
2149 1033 2502 1094 quamquam
2567 1018 2922 1097 composita,
2986 1018 3206 1096 quippe
3260 1031 3289 1072 5

601 1118 877 1200 simplex,
925 1121 1029 1198 qui
1074 1119 1351 1201 simplex,
1397 1122 1561 1198 atqui
1608 1123 1959 1202 composita,
2015 1120 2278 1201 alioquin
2325 1124 2678 1203 composita,
2735 1124 2892 1183 enim
2939 1121 3205 1204 simplex,

603 1228 820 1288 etenim
885 1228 1236 1308 composita,
1310 1227 1609 1287 enimvero
1674 1229 2027 1309 composita,
2100 1247 2243 1308 ergo
2310 1229 2585 1311 simplex,
2655 1229 2788 1290 ideo
2863 1231 3206 1311 composita,

600 1335 781 1412 igitur
827 1332 1104 1414 simplex,
1150 1333 1374 1394 scilicet
1421 1337 1775 1415 composita,
1833 1343 2101 1396 ceterum
2157 1335 2430 1417 simplex,
2493 1344 2808 1417 propterea
2865 1339 3205 1417 composita.

781 1439 941 1501 Ordo
996 1441 1483 1501 coniunctionum
1544 1442 1646 1520 qui
1716 1437 1850 1502 est?
1941 1441 2071 1512 Quo
2146 1452 2434 1523 apparent
2505 1445 2977 1525 coniunctioueS,
3055 1462 3204 1523 quae

600 1549 884 1628 praeponi
950 1546 1204 1609 debeant
1261 1556 1516 1628 tantum,
1581 1566 1729 1626 quae
1792 1547 2073 1628 subiungi
2136 1557 2394 1631 tantum,
2460 1568 2609 1629 quae
2674 1559 2735 1611 et
2797 1554 3082 1631 praeponi
3145 1560 3207 1614 et
3234 1569 3287 1609 10

602 1653 881 1733 subiungi
929 1701 943 1715 .
989 1662 1439 1733 praeponuntur
1485 1656 1936 1715 coniunctiones
1982 1664 2212 1717 tantum
2261 1675 2510 1717 numero
2558 1667 2784 1738 septem
2831 1658 2967 1740 hae,
3024 1667 3082 1720 at
3137 1677 3206 1720 ac

601 1768 693 1822 ast
751 1762 843 1821 sin
912 1763 1207 1822 sinautem
1262 1780 1396 1821 nam
1443 1779 1477 1818 *
1539 1809 1552 1822 .
1613 1760 2058 1841 subiunguntur
2130 1765 2579 1826 coniunctiones
2652 1773 2883 1827 tantum
2956 1785 3205 1828 numero

604 1878 883 1948 quattuor
928 1868 1069 1950 hae,
1125 1888 1194 1929 ve
1242 1887 1357 1948 que
1405 1887 1480 1929 ne
1529 1887 1765 1949 quoque
1815 1916 1828 1929 .
1873 1871 1990 1931 iam
2047 1879 2280 1932 ceterae
2340 1875 2789 1935 coniunctiones
2848 1873 2937 1952 [et
2991 1893 3205 1954 propo-

603 1986 828 2039 nuntur
848 1985 908 2038 et
937 1975 1408 2056 subiunguntur]
1432 1979 1694 2057 exceptis
1724 1995 1903 2056 supra
1932 1976 2108 2039 dictis
2136 1980 2655 2042 coniunctionibus
2677 1990 2736 2043 et
2754 1990 3206 2063 praeponuntur

602 2093 662 2146 et
708 2082 1165 2163 subiunguntur.
2135 2073 2152 2128 .‘
3235 2104 3285 2144 ιε

778 2191 992 2271 Figura
1048 2191 1264 2253 accidit
1309 2190 1829 2253 coniunctionibus
1877 2210 1949 2251 an
2011 2181 2174 2253 non?
2256 2194 2510 2275 Accidit,
2570 2197 2655 2256 sic
2719 2197 2806 2256 uti
2867 2204 2927 2257 et
2986 2198 3207 2258 ceteris

600 2299 871 2381 partibus
917 2300 1217 2360 orationis
1294 2294 1503 2369 Quae?
1576 2297 1834 2377 Simplex
1894 2306 1955 2359 et
2011 2303 2334 2379 composita
2383 2348 2395 2361 .
2443 2321 2594 2381 quae
2650 2311 2849 2364 autem
2896 2306 2973 2364 sit
3018 2305 3205 2383 figura

601 2408 847 2489 simplex
896 2415 956 2468 et
1000 2404 1217 2485 quibus
1263 2424 1333 2466 ex
1381 2404 1562 2467 rebus
1610 2413 1671 2466 et
1716 2413 1862 2484 quot
1918 2405 2109 2467 modis
2166 2407 2268 2468 fiat
2320 2410 2508 2487 figura
2564 2412 2915 2492 composita,
2970 2411 3086 2472 iam
3141 2413 3202 2472 in

601 2517 839 2576 nomine
886 2515 1031 2574 satis
1075 2514 1473 2573 tractavimus

781 2621 1074 2682 Accentus
1146 2621 1631 2683 coniunctionum
1705 2630 1850 2701 quot
1924 2618 2106 2682 sunt?
2195 2618 2518 2702 Quinque?
2604 2620 2764 2694 Qui?
2850 2623 3204 2702 Productus,
3231 2639 3284 2680 20

601 2738 941 2811 correptuS,
1000 2734 1239 2810 acutuS,
1297 2746 1542 2809 pressus
1554 2779 1571 2812 ,
1628 2725 1676 2808 †
1707 2728 1934 2790 etheria
1993 2735 2274 2812 utraque,
2332 2729 2391 2791 id
2453 2739 2546 2793 est
2604 2730 2904 2795 distinctio
2964 2741 3026 2795 et
3085 2751 3204 2794 non

600 2839 900 2900 distinctio
940 2885 953 2898 .
993 2856 1152 2898 nuuc
1197 2836 1259 2897 hi
1313 2839 1492 2898 certis
1539 2836 2059 2898 coniunctionibus
2103 2856 2213 2917 per
2251 2840 2482 2918 species
2519 2838 2642 2900 dati
2678 2838 3151 2904 observabuntur
3190 2890 3204 2904 .

599 2954 659 3008 at
706 2964 843 3007 vero
892 2947 1078 3006 ceteri
1116 2953 1397 3006 accentus
1433 2964 1541 3025 per
1580 2952 1811 3006 ceteras
1850 2946 2079 3024 species
2117 2947 2602 3008 coniunctionum
2641 2949 2969 3031 naturales,
3014 2949 3075 3010 id
3111 2958 3206 3011 est

562 3099 576 3116 .
600 3053 896 3134 simplices
905 3101 924 3135 ,
971 3070 1101 3114 esse
1150 3052 1493 3132 probantur.

778 3160 931 3222 Sunt
975 3163 1452 3240 coniunctioneS,
1513 3177 1692 3241 quae,
1752 3178 1890 3220 cum
1937 3159 2067 3220 aliis
2127 3159 2397 3239 partibus
2457 3163 2742 3251 orationis
2790 3165 3205 3248 respondeant,
3230 3178 3285 3218 25

598 3268 904 3330 intellectu
952 3276 1148 3330 tamen
1194 3267 1650 3348 discernuntur,
1695 3274 1763 3327 ut
1808 3285 1907 3349 ve,
1954 3268 2006 3327 si
2051 3285 2171 3328 non
2219 3286 2357 3329 cum
2404 3272 2800 3332 commotione
2846 3273 3023 3334 animi
3066 3292 3202 3353 pro-

598 3377 934 3457 nuntiatur,
979 3378 1094 3437 erit
1139 3376 1506 3456 coniunctiO,
1552 3382 1619 3435 ut
1665 3368 2046 3434 ‘Pariusve
2101 3369 2368 3464 lapis'3·
2402 3378 2454 3436 si
2509 3395 2649 3438 vero
2709 3398 2814 3441 vae
2861 3398 2998 3442 cum
3045 3398 3202 3442 com-

602 3485 858 3545 motione
898 3484 1077 3543 animi
1121 3483 1488 3563 proferatur,
1535 3483 1650 3542 erit
1695 3482 2061 3563 interiectio,
2107 3489 2174 3542 ut
2221 3476 2348 3543 ‘vae
2404 3485 2622 3546 misero
2671 3482 2840 3548 mihi'
2887 3535 2899 3547 .
2948 3506 3203 3570 quoque,

600 3593 650 3651 si
696 3609 816 3668 pro
874 3588 1124 3650 ablativo
1172 3607 1311 3650 casu
1360 3607 1480 3651 non
1536 3587 1918 3668 respondeat,
1974 3590 2090 3649 erit
2143 3591 2482 3652 coniunctio
2493 3640 2512 3672 ,
2570 3600 2639 3653 ut
2691 3594 2850 3672 apud
2897 3593 3203 3674 Virgilium

999 3722 1071 3774 tu
1119 3732 1403 3794 quoque
1450 3711 1815 3774 litoribus
1861 3716 2141 3774 nostris
2186 3714 2446 3777 Aeneia
2494 3718 2738 3778 nutrix
2788 3767 2801 3778 .
3228 3733 3284 3773 so

780 4008 806 4056 1
846 4000 1248 4058 coniunctionis
1282 4001 1339 4055 Β
1483 4009 1514 4057 6
1553 4000 1733 4072 atqui]
1773 4000 1947 4070 adqui
1984 4018 2124 4058 corr.
2161 4001 2340 4072 adque
2377 4002 2433 4056 Β
2578 4010 2609 4059 9
2648 4003 2746 4075 qui
2782 4007 2892 4079 est]
2936 4008 3037 4078 qui
3071 4011 3203 4064 sunt

595 4085 652 4138 Β
800 4090 864 4138 10
903 4083 1144 4139 debeant
1178 4083 1397 4138 tantum
1434 4084 1521 4138 est
1557 4098 1701 4151 quae
1738 4079 2002 4151 subiungi
2028 4083 2084 4135 Β
2230 4087 2291 4135 11
2332 4087 3200 4160 praeponunturconiunctiones

596 4165 817 4218 tantum
854 4180 1081 4221 numero
1128 4166 1345 4235 septem
1390 4163 1461 4218 he
1507 4161 1580 4217 ad
1627 4162 1732 4216 hac
1777 4163 1865 4217 ast
1909 4163 1995 4216 sin
2040 4162 2315 4218 sinautem
2359 4179 2489 4218 nam
2524 4165 2581 4219 Β
2617 4171 3037 4238 praeponuntur
3072 4186 3198 4224 eon·

596 4242 907 4299 iunctiones
944 4262 1176 4299 numero
1212 4246 1339 4299 octo
1374 4244 1484 4298 hae
1519 4245 1767 4310 tantum,
1805 4246 1868 4297 at
1901 4259 1968 4297 ac
2007 4246 2097 4298 ast
2132 4243 2249 4299 sive
2288 4261 2385 4299 sen
2419 4245 2512 4299 vel
2550 4246 2636 4299 sin
2674 4246 2950 4304 sinautem
2986 4249 3202 4306 Probus

554 4396 557 4399 A
588 4343 650 4395 p.
670 4329 887 4393 144,24.
927 4325 1180 4380 lacunam
1200 4326 1461 4392 indicavi,
1499 4341 1608 4393 qua
1628 4340 1745 4378 una
1761 4340 1829 4377 ex
1845 4327 2042 4391 septem
2061 4323 2539 4382 coniunctionibus
2557 4330 2951 4399 praepositivis
2977 4331 3201 4397 excidit,
3259 4344 3266 4370 ¹

596 4406 648 4460 si
681 4406 838 4460 modo
881 4410 1101 4474 septem,
1147 4421 1261 4461 non
1302 4420 1396 4459 sex
1441 4405 1511 4459 ab
1548 4404 1777 4459 Audace
1822 4403 2132 4471 adscriptae
2175 4411 2332 4459 erant
2477 4414 2542 4462 12
2581 4409 2989 4480 subiunguntur
3032 4427 3193 4481 prae—

596 4484 903 4553 positiones
939 4485 1162 4539 tantum
1198 4501 1425 4540 numero
1472 4485 1687 4553 septem‘
1725 4483 1993 4552 quattuor
2036 4483 2142 4538 hae
2188 4502 2293 4540 uae
2340 4504 2482 4555 quae
2529 4504 2633 4544 nae
2672 4506 2894 4561 quoque
2928 4491 2985 4545 Β
3132 4499 3197 4548 17

597 4565 696 4636 sit]
744 4565 811 4618 fit
844 4564 898 4618 Β
1061 4571 1127 4619 21
1177 4581 1404 4635 praesus
1462 4568 1520 4621 et
1572 4564 1730 4620 heria
1778 4565 2019 4633 utraque
2068 4565 2125 4618 Β
2164 4607 2176 4618 .
2213 4565 2441 4635 hyphen
2497 4574 2547 4623 et
2600 4568 2873 4625 diastolen
2928 4575 3200 4628 commum·

596 4645 815 4699 nomine
850 4646 1302 4715 comprehendisse
1335 4646 1551 4701 videtur
1584 4645 1974 4714 yrammatieus
2114 4650 2183 4699 23
2221 4648 2525 4720 naturales]
2565 4650 2804 4706 morales
2829 4652 2886 4706 Β
3029 4660 3097 4708 26
3134 4656 3201 4709 ut

596 4724 698 4779 aut
730 4739 836 4778 uae
874 4722 922 4777 si
957 4741 1069 4779 non
1107 4725 1474 4781 commotione
1510 4724 1682 4780 animi
1718 4724 2149 4794 pronuntiantur
2184 4727 2240 4781 Β
2384 4735 2452 4785 27
2490 4729 2753 4786 Pariusve
2789 4731 2960 4804 lapis]
2998 4732 3198 4804 papius

598 4802 692 4856 uel
725 4805 888 4874 papis
922 4804 978 4858 Β
989 4826 1006 4857 .·
1054 4804 1208 4873 Very.
1246 4804 1384 4859 Aen.
1426 4806 1468 4859 I
1502 4810 1611 4861 593
1783 4803 1831 4858 si
1868 4820 1997 4858 uero
2035 4822 2105 4859 ue
2142 4807 2443 4864 commotio
2476 4853 2487 4864 .
2519 4826 2588 4865 ne
2623 4811 2679 4864 Β
2861 4811 2908 4867 si
2942 4813 3197 4870 ablatiuo

598 4899 730 4938 casu
765 4884 1101 4954 respondeat
1134 4884 1190 4938 B
1333 4891 1403 4942 30
1439 4889 1501 4941 tu
1539 4883 1785 4955 quoque]
1839 4883 1991 4955 Verq.
2031 4885 2169 4941 Aen.
2220 4887 2355 4942 VII
2387 4893 2418 4942 1
2509 4934 2514 4938 ,
