3613 5528
591 385 722 451 384
1709 383 2056 440 DOSITHEI

588 498 631 536 p.
663 488 725 527 14.
756 487 806 527 15
834 488 891 527 Η.

592 572 920 654 Gnaevum,
976 589 1133 632 nunc
1189 569 1357 650 volgo
1405 569 1645 632 brevius
1691 569 1963 631 audimus
2011 570 2303 652 Gnaeum,
2359 572 2535 632 etiam
2592 574 2642 632 si
2700 574 2954 633 nominis
3011 590 3188 633 causa

590 680 881 759 ponimus
974 698 1003 739 r
1049 677 1245 740 littera
1292 695 1625 739 consonans
1672 677 2037 739 semivocalis
2084 678 2304 759 liquida
2352 684 2413 738 et
2456 681 2841 759 praeponitur
2890 677 3188 740 vocalibus

590 796 652 847 et
695 784 1102 867 subiungitur,
1169 795 1234 847 ut
1297 804 1497 846 ramus
1561 804 1751 868 arma3
1815 788 1956 848 item
2005 786 2468 848 consonantibus
2533 786 2938 867 subiungitur,
3002 796 3068 846 ut
3123 789 3186 847 in

590 893 820 955 Crasso.
914 913 943 953 s
990 893 1186 954 littera
1233 911 1566 954 consonans
1614 893 1981 954 semivocalis
2029 902 2147 954 tam
2193 896 2580 974 praeponitur
2627 893 2926 955 vocalibus
2982 912 3191 955 conso-

591 1000 986 1081 nantibusque
1036 1019 1210 1081 quam
1257 993 1669 1082 subiungitur}
1693 998 2019 1082 vocalibuS,
2075 1007 2143 1061 ut
2187 1003 2330 1061 satis
2378 1001 2563 1062 statis
2655 1020 2691 1061 x
2738 1001 2932 1063 littera
2980 1019 3188 1062 conso·
3217 1015 3244 1055 5

592 1127 740 1170 naus
804 1106 1170 1169 semivocalis
1234 1106 1449 1187 duplex
1513 1108 1577 1167 in
1643 1106 1834 1169 media
1903 1116 2129 1168 tantum
2194 1115 2361 1188 parte
2427 1106 2794 1169 locutionum
2857 1107 3011 1188 apud
3080 1126 3189 1169 uos

594 1215 890 1277 vocalibus
928 1218 1290 1297 praeposita,
1328 1225 1394 1276 ut
1432 1215 1724 1295 fraxinus3
1770 1213 2082 1295 aliquando
2114 1217 2350 1297 finiens,
2397 1222 2463 1277 ut
2491 1225 2723 1277 vertex:
2768 1218 2829 1276 in
2859 1217 3190 1296 peregrinis

592 1333 820 1385 tantum
879 1323 1217 1385 nominibus
1274 1324 1464 1403 prima
1522 1324 1793 1403 ponitur,
1860 1331 1926 1383 ut
1991 1326 2054 1383 in
2109 1321 2341 1384 Xantho
2397 1321 2671 1386 Xenone:
2736 1332 2874 1384 nota
2936 1324 3192 1404 numeri,

592 1450 727 1494 cum
774 1431 982 1493 decem
1028 1432 1333 1511 significat.

770 1539 816 1599 B
854 1538 1049 1601 littera
1079 1557 1410 1600 consonans
1447 1548 1611 1601 muta
1650 1547 1766 1600 tam
1802 1539 2192 1619 praeponitur
2229 1536 2527 1600 vocalibus
2566 1556 2741 1617 quam
2779 1537 3190 1617 subiungitur:
3223 1551 3276 1590 ιο

593 1649 981 1727 praeponitur
1028 1656 1086 1709 et
1133 1644 1612 1728 semivocalibus,
1667 1653 1737 1706 ut
1789 1648 1852 1705 in
1907 1644 2224 1706 Blesamio:
2279 1646 2608 1725 propinqua
2665 1664 2702 1725 p
2759 1644 3018 1726 litterae,
3076 1663 3191 1725 qua

594 1773 770 1833 saepe
819 1761 1106 1835 mutatur,
1156 1761 1220 1815 ut
1266 1758 1627 1833 supponunt.
1718 1768 1751 1811 c
1796 1749 1992 1811 littera
2039 1767 2371 1811 consonans
2418 1759 2579 1812 muta
2627 1758 2746 1812 tam
2802 1753 3190 1831 praeponitur

595 1859 893 1922 vocalibus
940 1859 1522 1939 consonantibusque
1570 1877 1744 1939 quam
1790 1856 2197 1936 subiungitur,
2245 1866 2313 1918 ut
2357 1859 2597 1938 capiens
2644 1857 2956 1920 scelestus:
3058 1868 3194 1918 nota

596 1970 1022 2049 praenominis,
1071 1985 1207 2029 cum
1252 1971 1380 2030 sola
1424 1969 1641 2028 Gaium
1686 1968 2028 2042 siqnificat;
2073 1969 2213 2026 item
2259 1969 2514 2040 numeri,
2562 1983 2697 2027 cum
2737 1973 2974 2027 centum
3016 1967 3194 2045 signi·

598 2078 749 2137 licat.
824 2076 859 2136 d
892 2075 1085 2136 littera
1116 2092 1447 2136 consonans
1474 2082 1638 2134 muta
1669 2081 1786 2134 tam
1824 2072 2210 2153 praeponitur
2247 2071 2545 2133 vocalibus
2583 2091 2757 2152 quam
2797 2071 3192 2153 subiungitur,
3222 2083 3274 2124 15

598 2192 664 2244 ut
710 2182 881 2244 datus
927 2180 1188 2243 additus:
1243 2163 1574 2262 propinqua
1622 2179 1835 2240 litteris
1882 2177 2346 2239 consonantibus
2401 2180 2522 2261 his,
2577 2198 2606 2241 s
2652 2199 2685 2241 c
2730 2198 2768 2260 g
2813 2179 2832 2241 l
2879 2198 2917 2260 p
2965 2197 2995 2239 r
3043 2197 3102 2239 m
3148 2187 3191 2259 t,

744 2362 925 2417 Codex
960 2362 1385 2431 Sanyallensi8.¹
1429 2367 1456 2415 1
1498 2359 1811 2431 Gnaevum]
1851 2359 2124 2415 Gnaeium
2268 2361 2316 2415 si
2351 2360 2410 2415 in
2448 2360 2687 2416 nominis
2830 2367 2862 2414 3
2900 2362 2964 2415 ut
2999 2360 3056 2414 in
3093 2379 3195 2416 om.

706 2451 737 2498 6
774 2441 1128 2511 loqutionum
1308 2449 1341 2497 8
1387 2442 1725 2513 nominibus]
1774 2458 1977 2497 nomen
2137 2443 2203 2495 ut
2253 2444 2423 2496 xanto
2593 2447 2654 2494 13
2710 2440 3014 2496 scaelestus
3063 2444 3200 2496 notu.

597 2525 829 2595 prenoffi
864 2542 962 2576 και
999 2526 1109 2593 σηῇ
1145 2538 1271 2576 cum
1309 2523 1533 2576 centum
1572 2540 1738 2576 οποτε
1778 2541 1809 2589 ρ
1846 2519 2032 2591 signif.

742 2691 809 2740 13
848 2682 888 2738 C
928 2685 1060 2738 nota
1097 2681 1500 2753 praenominis,
1547 2698 1674 2737 cum
1711 2681 1833 2737 sola.
1869 2679 2070 2736 Gaium
2107 2682 2290 2752 notat,
2337 2682 2474 2737 item
2519 2682 2763 2752 numeri,
2811 2700 2937 2777 cum
2974 2685 3199 2738 centum

600 2766 881 2838 significat.
915 2766 1203 2821 Diomedes
1230 2781 1291 2834 Ρ.
1330 2768 1459 2833 424,
1463 2769 1501 2819 8

600 3000 931 3089 ἀκούομεν
977 3004 1261 3084 Γναῖον,
1315 2997 1427 3065 καὶ
1473 2994 1592 3064 ἐὰν
1639 2992 1971 3084 ὀνόματος
2017 2998 2208 3065 ἕνεκα
2262 3002 2552 3083 τίθεμεν.
2644 3024 2680 3064 r
2723 2996 2992 3086 γράμμα
3039 2998 3201 3085 σύμ-

600 3134 833 3196 φωνον
862 3103 1217 3195 ἡμίφωνον
1246 3101 1461 3191 ὑγρὸν
1488 3103 1600 3172 καὶ
1627 3104 2064 3193 προτάσσεται
2092 3104 2500 3191 φωνηέντων
2537 3104 2649 3171 καὶ
2683 3101 3125 3172 ὑποτάσσεται
3187 3160 3202 3174 .

601 3214 847 3304 ὁμοίως
902 3210 1295 3301 συμφωνοις
1348 3208 1818 3296 ὑποτάσσεται,
1874 3207 1964 3290 ὥς
2018 3212 2090 3278 έν
2144 3213 2235 3303 τῷ
2371 3262 2386 3278 .
2430 3235 2462 3278 s
2505 3210 2774 3299 γράμμα
2830 3211 3201 3300 σύμφωνον

601 3321 956 3411 ἡμίφωνον
984 3321 1093 3388 καὶ
1120 3318 1558 3406 προτάσσεται
1587 3317 1996 3403 φωνηέντων
2025 3317 2137 3385 καὶ
2165 3315 2551 3405 συμφώνων
2577 3318 2687 3385 καὶ
2714 3315 3158 3388 ὑποτάσσεται
3191 3320 3200 3409 Ι

600 3428 901 3517 φωνήεσι
1038 3480 1052 3494 .
1095 3452 1143 3493 x
1188 3423 1456 3512 γράμμα
1503 3422 1875 3511 σύμφωνον
1921 3422 2278 3512 ἡμίφωνον
2327 3428 2612 3492 διπλοῦν
2660 3426 2732 3493 ἐν
2769 3427 2946 3517 μέσῳ
2984 3425 3203 3513 μόνον
3259 3449 3286 3489 5

601 3537 783 3625 μέρει
829 3533 1039 3621 λόγου
1083 3530 1239 3620 παρ’
1291 3531 1448 3620 ἡμῖν
1494 3533 1918 3618 φωνηέντων
1959 3530 2508 3619 προτασσόμενον
2642 3583 2661 3618 ,
2708 3529 2907 3602 ὁπότε
2965 3532 3039 3603 δὲ
3093 3535 3206 3603 καὶ

603 3642 707 3711 ἐπὶ
751 3644 1012 3726 τέλους,
1060 3637 1151 3720 ὡς
1193 3638 1269 3707 τό
1404 3692 1419 3707 .
1467 3639 1540 3707 ἐν
1586 3653 1726 3719 τοῖς
1773 3640 1987 3721 ξένοις
2031 3638 2245 3726 μόνον
2292 3634 2578 3726 ὀνόμασι
2616 3643 2883 3725 πρῶτον
2920 3646 3203 3727 τίθεται,

604 3746 693 3830 ὥς
739 3751 812 3817 έν
858 3751 948 3840 τῷ
1086 3800 1100 3814 .
1150 3759 1428 3835 σημεῖον
1477 3745 1551 3814 δὲ
1597 3743 1928 3834 ἀριθμοῦ,
1977 3743 2173 3814 ὁπότε
2222 3746 2379 3814 δέκα
2427 3752 2752 3833 σημαίνει.

782 3855 1124 3943 Βγράμμα
1156 3853 1525 3942 σύμφωνον
1555 3851 1836 3941 ἄφωνον
1863 3853 1974 3921 καὶ
2002 3850 2439 3939 προτάσσεται
2468 3854 2879 3940 φωνηέντων
2906 3854 3016 3921 καὶ
3045 3850 3206 3921 ὑπο-

602 3963 935 4032 τάσσεται·
973 3961 1408 4050 προτάσσεται
1438 3960 1512 4029 δὲ
1547 3960 1659 4028 καὶ
1695 3958 2069 4048 ἡμιφώνων
2193 3981 2208 3995 ·
2238 3963 2541 4045 ἔγγιστον
2576 3962 2698 4027 τοῦ
2736 3985 2774 4046 p
2805 3959 3207 4048 γράμματος,
3239 3986 3291 4025 ιο

603 4069 761 4139 καθ’
835 4066 869 4139 ὃ
936 4068 1252 4148 πολλάκις
1314 4065 1712 4135 ἀλλάσσεται
1857 4120 1871 4134 .
1919 4092 1954 4134 c
1998 4065 2266 4154 γράμμα
2323 4065 2695 4153 σύμφωνον
2752 4064 3034 4154 ἄφωνον
3098 4068 3210 4135 καὶ

604 4176 1044 4266 προτάσσεται
1111 4176 1523 4263 φωνηέντων
1595 4175 1705 4243 καὶ
1779 4171 2167 4262 συμφώνων
2240 4172 2351 4240 καὶ
2424 4169 2867 4241 ὑποτάσσεται
3020 4193 3035 4208 ·
3097 4172 3210 4240 καὶ

609 4298 886 4372 σημεῖον
933 4287 1516 4371 χρηματισμοῦ,
1574 4279 1803 4350 ὁπότε
1861 4279 2109 4368 μόνον
2155 4277 2409 4348 Γάϊον
2464 4285 2861 4367 σημαίνει·
2919 4276 3211 4367 ὁμοίως

607 4389 990 4479 ἀριθμοῦ,
1038 4387 1233 4459 ὁπότε
1281 4388 1517 4459 ἑκατὸν
1563 4395 1889 4477 σημαίνει.
1981 4397 2025 4456 d
2066 4386 2334 4475 γράμμα
2371 4387 2740 4475 σύμφωνον
2780 4385 3063 4475 ἄφωνον
3099 4388 3211 4455 καὶ

608 4497 1048 4586 προτάσσεται
1119 4501 1254 4566 τῶν
1327 4499 1738 4585 φωνηέντων
1812 4496 1921 4563 καὶ
1994 4491 2436 4565 ὑποτάσσεται
2614 4548 2629 4563 .
2695 4498 3002 4582 ἔγγιστον
3076 4498 3208 4563 τῶν
3240 4520 3293 4559 15

793 4722 820 4768 1
842 4717 1135 4785 τιθεμενοι
1163 4733 1391 4784 γραμμα
1525 4720 1557 4767 3
1587 4729 1958 4768 υποτασσεται
1992 4730 2064 4773 ως
2091 4729 2154 4765 το
2183 4730 2246 4765 εν
2274 4731 2336 4767 το
2479 4729 2506 4765 s
2533 4727 2631 4765 om.
2778 4716 2816 4763 4
2845 4726 3213 4778 προτασσεται

616 4813 867 4865 φωνησσι
914 4815 1011 4849 και
1048 4813 1200 4866 συμφ
1241 4814 1408 4850 οποτε
1445 4810 1822 4850 ὑποτάσσεται
1865 4810 1956 4861 <pm
2118 4796 2149 4845 5
2187 4810 2222 4846 x
2258 4808 2360 4849 om.
2523 4797 2554 4845 9
2591 4790 2636 4843 Β
2673 4804 2774 4843 om.
2939 4796 3003 4843 11
3044 4806 3075 4844 c
3110 4805 3216 4846 om.

687 4883 752 4932 13
791 4875 1173 4948 χρηματισμοῦ
1212 4907 1279 4916 -
1321 4883 1387 4930 14
1422 4870 1675 4946 ἀριθμοῦ
1712 4889 1811 4929 om.
1957 4870 1995 4924 d
2029 4886 2132 4926 om.
