3613 5528
1304 397 1402 451 DE
1440 395 2023 453 ORTHOGRAPHIA
2844 394 2974 460 203

363 516 407 552 p.
435 501 554 542 2814.
584 501 634 541 15
663 501 712 540 P.

364 587 521 647 enim
565 584 725 646 illius
772 594 863 646 est
909 584 1106 663 aliquo
1155 591 1216 644 et
1260 582 1448 664 unde,
1492 582 1606 644 hoc
1653 591 1746 644 est
1790 601 1864 643 ex
1911 582 2107 662 aliquo
2155 581 2302 643 loco.
2377 581 2479 643 sed
2529 590 2693 643 certe
2740 600 2810 656 n,
2858 599 2977 641 non

367 710 425 752 m
464 693 602 773 erit,
648 692 786 770 quia
825 686 1032 752 ‘unde’
1071 693 1152 751 ita
1191 689 1490 752 scribitur.
1559 700 1617 752 et
1655 688 1914 770 aliquobi
1962 708 2177 769 aeque:
2224 708 2295 749 ex
2332 688 2529 768 aliquo
2569 690 2728 749 euim
2773 696 2834 749 et
2878 687 2981 748 ubi

365 807 481 879 est,
525 797 638 864 hoc
677 805 770 859 est
804 800 867 859 in
907 798 1103 876 aliquo
1150 796 1299 857 loco.
1372 797 1476 858 sed
1524 797 1633 858 hae
1670 795 1951 877 syllabae,
2000 814 2150 875 quae
2188 795 2403 856 litteris
2451 814 2487 873 q
2521 814 2565 887 ,u
2605 814 2639 854 o
2688 802 2980 876 constant,

366 923 483 966 non
529 904 956 986 exaudiuntur,
1000 904 1293 985 perscribi
1343 914 1537 966 tamen
1584 902 1904 965 debebunt.

313 1038 339 1078 5
538 1011 626 1072 Re
689 1014 1050 1092 praepositio
1097 1029 1218 1073 non
1266 1030 1616 1093 numquam,
1670 1028 1806 1071 cum
1855 1009 1926 1070 ad
1975 1018 2369 1071 consonantes
2416 1010 2669 1085 accedit,
2723 1013 2982 1090 geminat

367 1118 518 1194 iuas,
563 1118 723 1198 quod
770 1118 1123 1199 plerumque
1170 1121 1323 1200 apud
1373 1120 1648 1198 antiquos
1695 1126 1815 1199 est,
1868 1126 1931 1178 ut
1981 1117 2135 1178 duco
2184 1116 2479 1196 redduco,
2534 1117 2679 1177 cado
2726 1117 2982 1197 reccido,

367 1225 474 1286 tuli
518 1225 754 1306 rettuli,
800 1225 955 1306 pello
1002 1226 1294 1307 reppello,
1341 1225 1416 1286 do
1463 1224 1675 1306 reddo,
1719 1225 1851 1304 lego
1899 1223 2147 1305 relleg03
2192 1223 2351 1284 unde
2411 1223 2712 1303 relliquias
2763 1232 2824 1284 et
2869 1224 2981 1285 rel-

371 1331 650 1412 ligionem
689 1332 977 1394 scribunt.
1053 1333 1209 1412 quod
1249 1332 1404 1413 apud
1448 1340 1655 1412 poetas
1700 1333 1783 1391 ita
1821 1339 2099 1411 oportere
2148 1330 2329 1391 scribi
2368 1332 2793 1412 concesserim,
2841 1339 2981 1391 tam-

366 1440 477 1499 etsi
514 1439 669 1519 apud
709 1448 977 1500 oratores
1014 1458 1253 1519 quoque
1288 1441 1562 1519 antiquos
1597 1446 1717 1519 est3
1756 1436 1929 1499 nobis
1966 1440 2081 1498 iarn
2121 1437 2301 1497 decor
2332 1446 2394 1499 et
2428 1438 2634 1499 levitas
2663 1435 2981 1498 obtinenda

289 1571 339 1611 ιο
365 1555 481 1627 est,
526 1548 632 1625 qui
677 1549 967 1609 maximus
1015 1548 1247 1608 fructus
1295 1555 1387 1607 est
1432 1546 1757 1607 latinitatis

541 1652 788 1715 Tamtus
835 1661 896 1714 et
949 1662 1225 1732 quamtus
1283 1656 1345 1714 in
1391 1653 1588 1714 medio
1644 1671 1703 1713 m
1761 1651 1981 1714 habere
2028 1651 2272 1713 debent:
2328 1670 2505 1732 quam
2553 1655 2710 1714 enim
2758 1661 2819 1714 et
2866 1662 2982 1715 tam

367 1768 484 1841 est,
539 1760 696 1821 unde
755 1740 1073 1839 quamtitas
1130 1769 1408 1841 quamtus
1463 1769 1699 1822 tamtus.
1786 1777 1898 1820 nec
1954 1759 2239 1837 quosdam
2288 1767 2543 1839 moveat,
2603 1761 2653 1820 si
2700 1779 2739 1820 n
2787 1769 2983 1821 sonat:

367 1868 444 1927 ita
493 1868 652 1927 enim
691 1885 871 1946 supra
909 1868 1114 1949 docui,
1160 1885 1199 1929 n
1239 1886 1450 1929 sonare
1487 1866 1734 1948 dehere,
1783 1868 2018 1927 tametsi
2060 1868 2121 1926 in
2161 1867 2458 1945 scriptura
2496 1885 2551 1930 m
2590 1869 2849 1947 positum
2889 1870 2983 1929 sit.

545 1974 966 2053 Quaecumque
1016 1973 1194 2035 verba
1239 1977 1431 2055 primo
1477 1974 1607 2035 loco
1655 1973 1728 2034 ab
1767 1992 1795 2033 s
1833 1973 2031 2034 littera
2076 1974 2390 2053 incipient,
2437 1991 2505 2033 ea
2552 1992 2689 2033 cum
2734 1992 2981 2055 praepo*-

294 2104 342 2145 15
369 2082 579 2142 sitione
636 2100 706 2141 ex
761 2084 1087 2161 composita
1141 2082 1396 2143 litteram
1455 2080 1702 2141 eandem
1748 2098 1777 2140 s
1823 2078 2043 2140 habere
2100 2078 2429 2161 debebunt,
2486 2089 2684 2141 cetera
2742 2083 2981 2141 minime

367 2189 602 2248 onerari
646 2197 911 2270 oportet,
958 2197 1024 2249 ut
1071 2188 1214 2249 salio
1263 2188 1497 2269 exsilio,
1545 2196 1749 2266 specto
1788 2194 2087 2266 exspecto.
2129 2185 2138 2260 Ι
2176 2188 2426 2247 aestimo
2467 2188 2739 2247 existimo
2786 2207 2816 2248 s
2862 2207 2981 2248 non

367 2293 609 2368 habent,
665 2297 821 2355 sicut
875 2313 1065 2374 aequo
1122 2313 1415 2375 exaequo,
1479 2302 1618 2376 peto
1674 2301 1888 2373 expeto
1946 2311 2133 2372 aeque
2190 2310 2311 2353 non
2371 2291 2607 2354 habent.
2691 2313 2808 2373 quo
2865 2295 2982 2355 dis-

368 2401 614 2461 crimine
672 2401 840 2463 facile
898 2402 1260 2482 intellegitur
1315 2402 1471 2463 aliud
1531 2419 1663 2462 esse
1721 2408 1923 2481 pecto,
1979 2398 2134 2460 aliud
2193 2407 2425 2480 spect03
2480 2408 2540 2460 et
2595 2401 2727 2461 ideo
2783 2400 2855 2461 ab
2912 2421 2982 2461 eo

371 2506 523 2585 quod
572 2517 664 2569 est
706 2517 910 2589 pecto,
955 2509 1014 2569 id
1053 2518 1145 2570 est
1181 2511 1453 2590 pectino,
1498 2526 1635 2569 cum
1674 2508 2070 2586 compositum
2109 2508 2293 2568 fuerit
2330 2516 2606 2589 expecto,
2652 2527 2680 2568 s
2727 2507 2983 2568 litteram

298 2639 348 2676 so
377 2632 491 2674 non
537 2614 740 2697 habet3
786 2615 859 2676 ab
896 2635 968 2676 eo
1006 2635 1146 2677 vero
1185 2616 1343 2696 quod
1391 2622 1484 2675 est
1525 2622 1755 2695 specto,
1803 2614 1862 2674 id
1911 2621 2003 2673 est
2038 2614 2128 2673 rei
2165 2612 2416 2674 alicuius
2454 2614 2793 2693 spectaculo
2832 2622 2987 2695 utor,

375 2739 508 2782 cum
545 2724 941 2803 compositum
980 2725 1163 2785 fuerit
1200 2732 1501 2804 exspecto,
1539 2741 1567 2781 s
1605 2721 1882 2802 litteram,
1920 2722 2077 2782 sicut
2113 2738 2292 2800 supra
2331 2721 2606 2803 diximuS,
2648 2706 2984 2784 necessario

372 2829 604 2889 retinet.
690 2832 832 2891 item
890 2849 1136 2892 exscreo
1193 2850 1329 2892 cum
1386 2850 1414 2890 s
1473 2847 1708 2891 screare
1766 2829 2083 2909 significat,
2140 2830 2266 2888 sine
2324 2847 2352 2888 s
2409 2847 2630 2890 creare.
2714 2829 2984 2890 exsilium

551 3053 611 3101 11
663 3047 896 3103 Tamtus
944 3046 1167 3103 Cornut.
1206 3052 1338 3124 152,
1374 3052 1410 3103 3
1593 3051 1658 3099 14
1707 3044 2103 3113 Quaecumque
2142 3043 2316 3098 verba
2351 3044 2647 3114 Papirian.
2679 3050 2806 3114 159,
2843 3049 2914 3100 14

375 3129 439 3177 22
475 3125 735 3181 exsilium
775 3127 998 3187 Coronat.
1037 3135 1170 3197 152,
1207 3134 1243 3184 6

515 3337 543 3385 1
583 3331 814 3402 aliquon
845 3337 903 3389 et.
930 3335 1077 3389 unde
1107 3332 1157 3387 Ο
1259 3348 1327 3386 ex
1355 3329 1498 3386 alico
1528 3332 1651 3387 loco
1679 3330 1788 3385 AO
1899 3349 1938 3384 n
1964 3347 2076 3385 non
2104 3348 2163 3384 m
2191 3329 2299 3386 erit
2326 3346 2474 3398 quon
2501 3330 2648 3385 uude
2677 3330 2759 3385 ita
2790 3329 2980 3385 scribi·

373 3410 462 3463 tur
486 3410 542 3464 Β
571 3428 607 3465 n
637 3429 695 3465 m
724 3413 833 3469 erit:
858 3433 892 3485 q
923 3415 1069 3470 unde
1097 3414 1181 3468 ita
1209 3410 1469 3467 scribitur
1496 3411 1550 3464 A
1586 3418 1622 3465 ᾗ
1647 3430 1703 3466 m
1733 3411 1842 3467 erit:
1880 3410 2015 3481 quia
2041 3411 2191 3466 unde
2224 3427 2323 3482 per
2350 3413 2387 3464 n
2416 3410 2675 3465 scribitur
2706 3409 2755 3465 0
2855 3417 2888 3465 2
2927 3416 2987 3467 et

373 3487 621 3559 aliquobi
649 3508 827 3562 aeque
856 3494 1047 3564 aliquo
1076 3490 1192 3546 AC
1215 3493 1274 3545 et
1301 3489 1554 3558 aliquobi
1581 3509 1647 3546 ex
1674 3491 1868 3561 aliquo
1896 3492 1952 3545 B
2060 3498 2093 3546 3
2125 3493 2350 3547 constat:
2375 3492 2429 3546 A
2541 3497 2574 3544 4
2611 3489 2895 3546 debebunt
2929 3491 2985 3545 Β

374 3567 577 3624 debent:
603 3573 657 3625 A
687 3572 855 3629 debet
885 3573 933 3629 0
1032 3578 1064 3627 5
1093 3587 1206 3626 non
1236 3586 1521 3639 nunquam
1547 3571 1603 3625 Β
1630 3588 1936 3640 numquam
1965 3570 2082 3626 AG
2177 3578 2209 3626 6
2238 3571 2304 3626 ut
2329 3587 2431 3625 om.
2457 3569 2566 3626 BG
2660 3570 2902 3639 redduco
2930 3571 2985 3624 Β

373 3648 575 3705 reduco
604 3651 720 3707 AG
826 3654 1014 3710 recido
1043 3653 1162 3708 AB
1183 3652 1229 3707 G
1334 3657 1363 3706 ’1
1396 3648 1564 3705 retuli
1591 3651 1741 3721 pello
1769 3652 1982 3721 repello
2010 3652 2193 3707 ABG
2295 3651 2368 3707 do
2397 3668 2495 3706 om.
2526 3651 2583 3704 B
2688 3651 2902 3721 rellego
2934 3652 2986 3705 Β

374 3729 561 3801 relego
597 3732 652 3786 A
670 3732 720 3787 0
854 3735 1144 3806 relliquias
1173 3733 1231 3788 et
1256 3731 1607 3800 relligionem
1633 3734 1687 3786 A
1717 3732 1986 3802 reliquias
2015 3734 2074 3788 el:
2098 3730 2427 3800 religionem
2458 3729 2507 3784 0
2528 3730 2796 3800 reliquias
2824 3735 2984 3802 (co-rr.

374 3811 660 3882 relliquias
687 3815 741 3882 b)
771 3815 942 3870 etiam
971 3814 1302 3885 religionem
1332 3812 1387 3865 B
1506 3818 1539 3866 8
1568 3812 1721 3882 quod
1748 3814 1899 3882 apud
1924 3814 1981 3867 Β
2021 3828 2166 3883 quae
2194 3812 2335 3880 aput
2359 3808 2468 3863 AO
2578 3819 2865 3867 concessor
2904 3812 2989 3867 ita

375 3891 478 3949 etsi
505 3891 622 3949 AG
718 3902 749 3950 9
780 3895 948 3951 decor
968 3896 1025 3950 et
1043 3894 1099 3948 Β
1120 3894 1343 3949 deceret:
1364 3890 1424 3962 Ο,
1452 3908 1552 3947 om.
1573 3893 1628 3946 A
1733 3899 1798 3948 10
1826 3910 1970 3964 quae
1989 3894 2047 3961 0,
2077 3910 2213 3948 corr.
2235 3892 2335 3960 qui
2350 3891 2425 3960 B,
2454 3908 2567 3960 qua
2595 3891 2650 3945 A
2755 3898 2815 3946 11
2839 3892 2985 3948 Tan-

376 3973 464 4029 tus
491 3976 550 4028 et
578 3977 821 4043 quantus
848 3976 907 4030 in
928 3974 1112 4030 medio
1135 3993 1192 4028 m
1221 3974 1427 4031 habere
1457 3972 1663 4027 debent
1690 3989 1858 4041 quam
1879 3976 1939 4029 et
1965 3977 2085 4029 tam
2102 3971 2251 4028 unde
2280 3970 2564 4041 quantitas
2592 3974 2833 4040 quantus
2861 3976 2987 4027 tan-

377 4053 463 4106 tus
507 4068 610 4107 nec
655 4055 928 4123 quosdam
973 4059 1201 4110 moueat
1243 4056 1299 4109 B
1363 4054 1575 4109 Tantus
1622 4054 1681 4107 et
1725 4056 1966 4122 quantus
2011 4056 2164 4109 tatus
2208 4068 2313 4107 nec
2359 4052 2627 4120 quosdam
2672 4055 2899 4108 moueat
2946 4052 2994 4106 Ο

377 4132 588 4189 Tantus
625 4135 684 4191 et
721 4136 924 4203 qua-tus
961 4152 1063 4204 per
1098 4153 1156 4189 m
1193 4151 1229 4189 a
1262 4135 1382 4188 tam
1419 4135 1478 4187 el:
1525 4149 1692 4201 quam
1728 4150 1833 4188 nec
1872 4135 2142 4203 quosdam
2180 4135 2408 4189 moueat
2443 4134 2514 4186 A.
2565 4134 2988 4188 emendationem

375 4213 744 4281 praebuerunt
787 4220 1039 4285 excerpta
1086 4214 1320 4270 Cornuti
1502 4218 1566 4267 12
1613 4213 1674 4284 n]
1723 4230 1835 4269 non
1880 4218 2109 4282 utroque
2154 4214 2266 4268 loco
2313 4214 2368 4266 A
2551 4219 2614 4267 13
2661 4213 2886 4269 tametsi
2931 4212 2986 4265 Β

378 4295 490 4348 taffi
536 4292 655 4351 AG
866 4300 931 4349 15
977 4294 1171 4350 littera
1208 4294 1442 4351 eandem
1480 4311 1506 4347 s
1556 4292 1761 4360 habere
1800 4293 2087 4348 debebunt:
2119 4293 2175 4347 Β
2216 4292 2469 4347 litt-eram
2509 4292 2742 4347 eandem
2780 4292 2985 4346 habere

378 4379 511 4445 deb—t
545 4392 600 4445 A
637 4390 831 4447 littera
865 4390 1100 4446 eandem
1136 4390 1343 4446 babere
1379 4390 1549 4445 debet
1586 4390 1635 4445 G
1775 4397 1841 4445 16
1879 4390 2046 4446 exilio
2084 4392 2276 4460 specto
2315 4392 2548 4460 expect-o
2585 4389 2706 4443 AB
2813 4406 2839 4442 s
2874 4404 2987 4442 non

379 4469 609 4542 babent]
649 4470 699 4528 si
732 4488 846 4526 non
881 4470 1094 4526 habent
1133 4469 1181 4525 Ο
1304 4477 1369 4527 17
1410 4471 1560 4540 quod
1597 4469 1915 4526 discrimine
1952 4470 2007 4523 B
2154 4473 2218 4523 18
2256 4468 2412 4523 aliud
2447 4468 2666 4539 specto]
2703 4467 2857 4522 aliud
2895 4486 2986 4522 ex·

380 4552 564 4618 specto
600 4549 656 4604 A
769 4556 832 4604 19
871 4567 998 4605 cum
1026 4566 1126 4605 om.
1165 4550 1284 4606 AC
1386 4550 1645 4621 expecto]
1684 4553 1945 4619 exspecto
1977 4549 2027 4605 0
2128 4556 2196 4603 20
2233 4566 2347 4604 non
2382 4549 2555 4603 babet
2577 4579 2644 4588 -
2675 4553 2739 4601 21
2781 4565 2807 4601 s
2834 4547 2986 4602 litte-

380 4645 496 4683 ram
524 4645 626 4687 om.
654 4628 775 4684 Ao
873 4647 982 4686 non
1012 4631 1226 4687 habent
1249 4632 1305 4686 Β
1415 4636 1480 4685 21
1512 4630 1797 4701 exspect-o]
1829 4631 2062 4700 expecto
2083 4628 2138 4681 Β
2246 4634 2315 4682 22
2352 4627 2581 4698 retinet]
2610 4644 2723 4683 non
2749 4630 2906 4683 tenet
2932 4628 2986 4682 A

451 4725 678 4769 exscreo
707 4726 834 4763 cum
863 4728 890 4767 s
919 4726 1135 4765 screare
1172 4711 1238 4766 fit
1273 4711 1321 4765 si
1350 4711 1469 4766 sine
1499 4729 1524 4764 s
1554 4725 1740 4764 creare
1767 4709 1825 4762 Β
1864 4724 2086 4763 exscreo
2123 4710 2249 4761 cum
2278 4722 2521 4761 screare
2556 4707 2622 4761 fit
2646 4712 2683 4760 fi
2722 4706 2839 4761 sine
2868 4725 2894 4761 s
2930 4709 2987 4762 A
3031 4753 3037 4759 .

383 4803 598 4847 exsecro
636 4806 764 4845 cum
794 4808 820 4842 s
849 4805 1061 4847 screare
1099 4789 1164 4844 fit
1197 4789 1277 4843 sic
1314 4806 1444 4844 sene
1483 4809 1509 4844 s
1546 4806 1735 4845 creare
1775 4787 1825 4843 0
1855 4804 2077 4843 exscreo
2118 4805 2244 4842 cum
2274 4805 2301 4841 s
2334 4803 2369 4842 a
2405 4802 2620 4841 screare
2656 4787 2745 4856 fit,
2787 4786 2833 4841 si
2868 4786 2989 4846 sine

384 4885 435 4936 s,
470 4884 505 4921 a
541 4882 730 4922 creare
769 4864 963 4921 Carrio
1105 4869 1331 4923 exilium
1370 4870 1426 4922 B
