3613 5528
1356 439 1452 495 DE
1494 440 2073 496 ORTHOGRAPHIA
2890 441 3016 505 135

411 631 472 687 in
528 645 583 687 m
628 628 1014 701 sequentib-us
1062 628 1098 685 b
1158 630 1250 687 vel
1292 644 1349 686 m
1408 630 1500 688 vel
1532 646 1578 703 p
1637 635 1893 687 anctore
1941 628 2138 686 Ple'm'o
2195 633 2254 686 el
2301 628 2637 703 Papiriano
2700 634 2757 686 et
2805 627 3023 699 ProbO,

412 742 478 792 ut
524 735 737 793 imbibo
785 735 1036 794 imbellis
1083 741 1221 812 etc.;
1269 732 1303 792 l.
1341 731 1393 791 Χ
1438 753 1494 812 p.
1543 729 1692 805 503,
1745 731 1826 795 16
1873 752 2077 809 unque
2126 736 2305 795 Nisus
2350 735 2590 808 quidem
2638 739 2696 793 et
2739 733 3023 809 Papiria·

408 858 522 899 nus
566 847 623 899 et
670 841 906 901 Probus
952 847 1075 899 tam
1124 843 1316 914 vmqm'
1359 856 1540 913 quam
1588 843 1744 900 unxi
1797 843 2008 900 dicunt
2056 838 2274 915 faeere
2323 843 2752 916 praeteritum,
2808 839 3020 900 Chare·-

405 951 533 1007 sius
578 964 721 1007 vero
768 949 925 1006 unxi
969 952 1240 1016 tamum;
1285 946 1320 1005 l.
1372 945 1474 1005 ΧΠ
1524 965 1578 1025 p.
1626 942 1785 1026 593,
1838 944 1918 1007 13
1969 949 2201 1007 illiusce
2248 948 2492 1005 istiusce
2530 948 2748 1007 illucce
2794 949 3024 1007 istuc-ce

410 1060 637 1115 veteres
674 1054 959 1113 dicebant
995 1061 1143 1113 teste
1182 1055 1537 1129 Papiriam,
1577 1056 1685 1127 qni
1720 1055 1796 1113 de
1832 1055 2275 1127 orchomaple-e'a
2322 1054 2436 1112 hoc
2483 1055 2756 1113 ostendit.
2831 1070 2864 1111 e
2894 1054 3020 1130 qui-

411 1159 522 1221 bus
568 1178 636 1220 ea
683 1178 834 1239 quae
882 1158 1145 1220 secundo
1193 1159 1322 1219 loco
1373 1161 1543 1238 posui
1581 1159 1653 1219 (16
1703 1178 1742 1219 11
1789 1159 1984 1219 littera
2033 1161 2094 1219 in
2142 1161 2437 1237 excerptis
2493 1178 2546 1237 p.
2595 1155 2768 1220 2293
2816 1158 3018 1237 legun·

408 1276 529 1348 tur3
587 1265 660 1327 (16
716 1265 896 1326 verbo
952 1285 1157 1341 unquo
1216 1265 1323 1326 alia
1381 1268 1829 1346 praecipiuntur
1886 1284 1941 1344 p.
2001 1262 2201 1346 22953
2270 1265 2494 1343 reliqua
2556 1282 2586 1323 a
2647 1263 3019 1325 Cassiodorio

406 1374 619 1433 omissa
675 1382 830 1434 suut.
903 1381 1143 1451 praeter
1187 1370 1559 1431 Priscianum
1606 1380 1803 1431 autem
1860 1379 1921 1431 et
1968 1360 2407 1431 Cassiodo'rium
2463 1378 2625 1430 certa
2686 1369 2759 1430 de
2818 1369 3017 1431 ortho—

404 1479 641 1559 graphia
678 1480 975 1558 Papiriani
1020 1481 1353 1540 testimonia
1394 1457 1512 1538 non
1550 1471 1790 1560 suntss).
1869 1495 2062 1557 neque
2103 1476 2176 1537 de
2215 1485 2403 1537 aetate
2443 1478 3015 1555 grammaticipquid-

405 1605 581 1666 quam
627 1594 884 1665 constat,
932 1587 1045 1645 nisi
1092 1585 1249 1663 quod
1299 1592 1433 1663 post
1486 1583 1776 1645 Donatum
1827 1586 1986 1646 vixit.
2733 1566 2746 1577 “

582 1692 698 1753 Sed
756 1693 823 1764 Q.
869 1691 1143 1772 Papirii
1198 1693 1435 1751 nomine
1493 1692 1818 1770 inscriptus
1867 1692 2058 1752 fertur
2117 1692 2314 1752 brevis
2362 1692 2823 1751 commentarius
2869 1690 2941 1751 (16
2993 1700 3016 1752 t

405 1801 597 1863 littera
653 1818 788 1860 cum
845 1797 1018 1860 sibilo
1073 1799 1480 1878 pronuntiata,
1536 1799 1638 1876 qui
1700 1799 1758 1856 in
1820 1806 2016 1858 vetere
2073 1797 2277 1858 codice
2341 1795 2610 1857 Palatino
2659 1805 2795 1876 post
2849 1796 3016 1858 Marii

405 1906 687 1968 Victorini
746 1903 927 1966 libros
984 1912 1044 1964 et
1107 1902 1369 1965 libellum
1425 1903 1498 1963 (16
1554 1903 1828 1964 finalibus
1888 1902 2124 1983 syllabis
2181 1904 2431 1965 Maximo
2477 1903 2779 1964 Victorino
2839 1903 3012 1984 vulgo

404 2013 691 2075 tributum
729 2011 945 2091 legitur
981 2010 1094 2070 1106
1134 2009 1302 2070 titulo
1341 2013 1737 2090 praescripto,
1784 2014 1948 2088 incip
1989 2020 2032 2088 p
2069 1988 2269 2086 qn‘inti
2295 2014 2533 2088 papirii
2568 2014 3008 2088 orthoqraplzia

396 2121 665 2197 feliciter
701 2122 916 2181 lectori
950 2126 1009 2179 el
1044 2119 1349 2194 scre'ptori.
1407 2117 1519 2178 ho‘c
1556 2117 1775 2197 Papirii
1818 2117 2210 2197 fragmentum
2249 2120 2446 2198 igitur,
2487 2116 2641 2196 quod
2684 2116 3008 2178 Sichardus

401 2230 462 2288 in
509 2226 765 2287 editione
810 2225 1134 2286 Basileensi
1181 2243 1229 2285 a.
1283 2222 1447 2286 1527
1499 2243 1568 2284 ex
1618 2225 1821 2286 codice
1868 2224 2131 2286 Palatino
2181 2224 2391 2305 edidit,
2443 2243 2553 2304 ego
2600 2233 2736 2303 post
2783 2225 3008 2285 Cassio-

400 2334 552 2395 dorii
607 2342 882 2413 excerpta
939 2335 1137 2412 posui,
1204 2330 1526 2392 Sichardus
1590 2331 1660 2391 ad
1728 2332 2206 2412 orthographiam
2267 2331 2564 2412 Papiriani
2631 2332 3011 2393 referendum

402 2449 531 2501 esse
588 2442 869 2521 coniecit,
925 2457 1171 2518 eamque
1229 2439 1567 2518 opinionem
1625 2457 1815 2518 nuper
1873 2438 2294 2500 Brambacbius
2350 2438 2422 2498 de
2480 2437 2858 2518 orthograph.
2914 2438 3010 2500 lat.

364 2540 454 2626 'p.
501 2544 588 2609 55
632 2546 928 2627 probavit,
975 2548 1250 2625 quoniam
1300 2563 1396 2605 res
1443 2543 1516 2603 de
1564 2562 1679 2623 qua
1727 2546 1949 2627 agitur,
2011 2547 2182 2605 cuius
2229 2546 2510 2605 memoria
2556 2553 2690 2606 ante
2738 2547 3009 2625 quintum

401 2652 701 2714 saeculum
738 2653 893 2732 apud
940 2653 1355 2731 grammaticos
1394 2668 1511 2710 non
1551 2659 1736 2731 extat,
1779 2651 1852 2711 ab
1891 2659 2081 2712 aetate
2121 2651 2414 2731 Papiriani
2452 2670 2572 2712 non
2610 2652 2798 2713 aliena
2835 2662 3009 2714 esset.

402 2760 680 2822 maiorem
719 2759 939 2840 Papirii
983 2758 1199 2820 librum
1238 2756 1467 2819 decimo
1507 2756 1743 2818 saeculo
1782 2759 1843 2818 in
1882 2757 2159 2819 Bobiensi
2207 2757 2561 2821 bibliotheca
2610 2760 2792 2821 fuisse
2832 2768 3008 2822 testa-

402 2874 498 2929 tur
553 2867 727 2928 index
775 2864 1046 2927 codicum
1092 2864 1472 2925 Bobiensium
1519 2864 1748 2924 decimo
1805 2865 2041 2926 saeculo
2099 2868 2358 2945 scriptus
2415 2866 2567 2947 apud
2617 2866 3005 2930 Muratorium

400 2975 575 3052 antiq.
624 2972 744 3033 Ital.
784 2991 835 3033 v.
864 2972 944 3032 111
989 2992 1044 3052 p.
1076 2970 1233 3054 820,
1279 2975 1500 3033 librum
1544 2973 1852 3032 Consentie'
1897 2973 1938 3031 I
1974 2974 2195 3033 librum
2235 2973 2479 3048 Papirii
2522 2976 2597 3032 dc
2642 2978 2932 3048 analom'a
2973 2979 3011 3036 I

399 3082 617 3139 librum
666 3079 703 3138 I
758 3081 1040 3140 Flaviani
1091 3082 1168 3140 dc
1213 3097 1507 3140 consensu
1555 3082 1859 3139 montinum
1907 3087 1964 3138 et
2011 3081 2346 3138 verborum.
2429 3077 2684 3157 denique
2730 3080 3005 3160 Paperini

400 3188 501 3265 qui
555 3185 773 3246 dicitur
827 3188 1048 3246 mentio
1097 3186 1333 3264 saepius
1392 3186 1540 3245 facta
1589 3193 1681 3245 est
1733 3186 1792 3245 in
1859 3183 2024 3244 libris
2072 3182 2144 3243 de
2192 3193 2317 3243 arte
2363 3187 2739 3262 grammatica
2788 3185 2923 3247 iude
2972 3207 3004 3248 a

402 3310 557 3352 nono
613 3292 865 3354 saeculo·
905 3294 1171 3373 scriptiS,
1226 3311 1258 3351 6
1314 3291 1532 3371 quibus
1587 3291 1875 3371 quaedam
1933 3298 2235 3371 excerpta,
2301 3308 2449 3369 quae
2505 3289 2589 3350 illi
2657 3290 3002 3354 tribuuntur

400 3400 572 3477 posui
617 3399 689 3459 (16
726 3417 969 3477 gramm.
1010 3397 1283 3477 quibusd.
1324 3398 1418 3458 lat.
1458 3398 1561 3458 ins.
1600 3405 1770 3457 aetat.
1811 3416 1864 3477 p.
1901 3393 2000 3470 15,
2040 3414 2189 3475 quae
2228 3395 2505 3476 llagenns
2543 3397 2745 3457 anecd.
2776 3396 3001 3460 Helvet.

400 3523 455 3584 p.
503 3503 696 3565 CCLll
742 3506 920 3566 auxit.
997 3505 1139 3565 haec
1195 3506 1389 3564 omnia
1450 3505 1631 3582 igitur
1687 3521 1838 3582 quae
1887 3503 2120 3582 Papirio
2169 3504 2256 3563 vel
2305 3503 2595 3582 Paperino
2657 3504 3003 3565 tribuuntur

403 3605 566 3691 (nam
616 3612 894 3690 frequens
940 3611 1083 3672 haec
1133 3613 1436 3672 nominum
1486 3611 1730 3670 mutatio
1777 3610 1932 3689 apud
1988 3613 2402 3690 grammaticos
2448 3612 2747 3672 inferioris
2794 3615 3001 3673 aetatis

575 3864 627 3934 *)
687 3863 974 3918 Permulta
1027 3862 1251 3931 quidem
1306 3881 1372 3918 ex
1423 3862 1727 3932 Papyriani
1777 3863 1936 3933 libris
1987 3864 2056 3917 de
2109 3862 2512 3932 orthographia
2561 3864 2738 3919 relata
2789 3866 2919 3919 sunt
2968 3883 3003 3919 a

398 3942 641 3997 Iohanne
679 3943 1244 3998 'roncum-Arretino
1291 3943 1349 3997 in
1387 3942 1799 4000 commentariis
1837 3943 2219 4012 grammaticis
2256 3943 2326 3997 de
2364 3943 2768 4014 orthographia
2804 3942 3000 3998 dictio-

399 4041 532 4077 num
560 4040 590 4077 e
617 4022 831 4093 graecis
865 4024 1169 4077 tractatum
1197 4040 1246 4077 a.
1280 4029 1413 4077 1471
1454 4023 1698 4093 primum
1726 4023 1908 4079 editis,
1962 4039 2127 4091 quem
2165 4022 2374 4076 librum
2402 4022 2657 4077 Osannus
2693 4026 2752 4076 in
2779 4023 3000 4093 Apulei.

400 4103 469 4156 (16
518 4103 762 4172 orthogr.
808 4103 982 4173 praef.
1030 4120 1105 4171 p.-
1131 4102 1234 4156 XV
1283 4104 1342 4156 et
1384 4121 1439 4172 p.
1477 4109 1545 4156 30
1591 4105 1822 4171 propter
1867 4102 2005 4158 haec
2050 4102 2174 4170 ipsa
2217 4101 2538 4172 fragmenta
2582 4091 2787 4172 niagno
2833 4120 3000 4173 opere

398 4182 664 4237 laudavit.
738 4183 834 4237 sed
882 4200 1054 4252 quam
1098 4182 1264 4236 fidem
1302 4181 1442 4235 haec
1488 4182 1805 4251 fragmenta
1850 4181 2119 4248 habeant,
2170 4182 2305 4236 satis
2352 4181 2660 4237 existimari
2707 4185 2896 4252 potest·
2932 4200 3000 4238 ex

400 4261 486 4316 his
521 4279 664 4332 quae
702 4262 821 4332 ipse
858 4262 1163 4318 Tortellius
1210 4263 1268 4316 in
1306 4262 1550 4332 epistula
1585 4262 1674 4316 ad.
1695 4262 1990 4316 Nicolaum
2030 4261 2296 4327 Quintum
2334 4263 2656 4331 pontificem
2695 4262 2906 4332 scripta
2943 4266 3001 4317 et

398 4342 754 4411 praefationis
790 4343 915 4398 loco
952 4342 1003 4397 ei
1049 4342 1195 4398 libro
1245 4343 1555 4412 praemissa
1592 4342 1661 4396 de
1707 4340 1779 4394 iis
1816 4339 2034 4410 scribit,
2076 4340 2544 4410 ‘Accepimusque
2583 4343 2720 4396 haec
2757 4342 2999 4411 primum

399 4438 465 4475 ex
516 4422 844 4491 fragmentis
897 4425 1090 4479 decem
1143 4422 1412 4478 librorum
1468 4421 1793 4490 Papyriani:
1853 4439 1990 4489 quos
2045 4422 2114 4476 de
2170 4420 2575 4490 orthographia
2627 4420 2873 4490 scripsit:
2932 4439 2998 4476 ex

400 4505 661 4572 quattuor
695 4503 856 4558 libris
894 4502 1061 4556 Plinii
1097 4502 1166 4557 (16
1205 4505 1326 4557 arte
1364 4499 1760 4572 grammatica:
1801 4517 1868 4554 ex
1898 4499 2064 4554 unico
2103 4500 2247 4555 libro
2277 4500 2502 4556 Rhemii
2537 4499 2889 4569 grammatici
2928 4500 2999 4555 de

398 4584 676 4652 potestate
722 4582 1063 4636 litteramm:
1114 4583 1195 4636 Ex
1242 4582 1407 4636 unico
1446 4579 1628 4650 Grylli
1672 4579 1817 4634 libro
1865 4579 1934 4633 de
1981 4579 2301 4634 accentibus
2347 4580 2420 4633 ad
2467 4578 2793 4648 Virgilium:
2841 4578 2999 4633 cuius

398 4677 572 4730 parua
605 4661 925 4732 fragmenta
951 4662 1348 4731 comperimus:
1386 4661 1469 4714 Ex
1499 4661 1704 4730 Capro:
1744 4677 1811 4715 ex
1839 4659 2108 4715 Diomede
2140 4659 2210 4712 (16
2248 4660 2374 4712 octo
2412 4651 2664 4728 partibus
2703 4656 2995 4713 orationis'

399 4742 500 4794 etc.
526 4740 792 4798 nimitum
822 4757 932 4796 non
960 4742 1141 4796 minus
1167 4742 1303 4796 ficta.
1339 4741 1477 4795 haec
1506 4739 1789 4809 Papiriani
1827 4739 2142 4808 fragmenta
2169 4741 2313 4807 sunt,
2354 4755 2522 4808 quam
2561 4754 2704 4806 quae
2732 4754 2798 4791 ex
2829 4736 3001 4792 Plinii

400 4820 487 4874 vel
514 4820 754 4874 Remmii
776 4821 1128 4876 Palaemonis
1157 4821 1247 4876 vel
1267 4819 1452 4875 Grillii
1479 4819 1635 4874 libris
1664 4837 1722 4872 se
1751 4819 2030 4888 accepisse
2059 4817 2362 4874 Tortellius
2392 4817 2696 4876 simulavit.
2738 4819 3000 4875 notitiam

399 4901 584 4953 autem
621 4915 810 4954 eorum
848 4900 1115 4956 librorum
1156 4899 1405 4955 omnium
1440 4899 1513 4953 ab
1550 4916 1661 4953 uno
1698 4897 1980 4953 Prisciano
2019 4900 2328 4968 acceperat.
