3613 5528
615 427 747 491 244
1799 428 2043 483 BEDAE

611 539 654 576 p.
683 529 789 568 2367
817 528 866 567 P.

611 619 672 672 et
716 612 929 673 Arator

932 720 1087 780 iura
1133 720 1530 781 ministerii
1578 721 1814 781 sacris
1862 718 2217 782 altaribus
2264 723 2412 802 apti

930 828 1002 887 in
1050 836 1325 907 septem
1373 835 1701 889 statuere
1748 829 1954 909 viriS,
2002 845 2181 906 quos
2228 829 2547 909 undique
2593 828 2826 891 lectos

927 931 1216 994 Levitas
1261 935 1584 994 vocitare
1630 933 1885 1014 placet.
1957 951 2160 1013 quam
2207 934 2585 1014 splendida
2632 938 2876 1016 coepit

928 1037 1290 1100 ecclesiae
1338 1039 1620 1119 fulgere
1667 1058 1940 1121 manuS,
1988 1058 2164 1119 quae
2211 1041 2471 1122 pocula
2516 1045 2706 1104 vitae
3258 1057 3285 1098 δ

929 1148 1232 1206 misceat
1277 1154 1347 1207 et
1391 1146 1646 1207 latices
1694 1165 1851 1208 cum
1899 1149 2244 1226 sanguine
2292 1151 2624 1231 porrigat
2668 1152 2849 1231 agni.

610 1272 816 1315 verum
864 1252 1044 1315 huius
1091 1252 1250 1314 modi
1297 1255 1546 1315 conexio
1594 1256 1644 1314 si
1693 1252 1846 1315 ultra
1893 1253 2135 1315 modum
2196 1256 2503 1337 procedat,
2560 1256 2862 1318 fastidium
2916 1257 3105 1335 gignit
3161 1274 3230 1316 ac

611 1360 889 1422 taedium.
963 1358 1215 1439 hymnos
1263 1377 1431 1442 vero,
1479 1378 1629 1440 quos
1677 1360 1877 1421 choris
1923 1360 2353 1423 alternantibus
2400 1381 2615 1424 canere
2662 1370 2926 1444 oportet,
2981 1381 3228 1423 necesse

608 1476 700 1528 est
747 1465 995 1545 singulis
1037 1462 1305 1527 versibus
1354 1466 1423 1528 ad
1472 1486 1690 1547 purum
1730 1486 1863 1529 esse
1903 1468 2246 1549 distinctoS,
2294 1478 2360 1529 ut
2407 1479 2547 1531 sunt
2594 1488 2801 1530 omnes
2839 1467 3227 1530 Ambrosiani.

607 1575 827 1654 optima
874 1580 1071 1634 autem
1119 1591 1328 1634 versus
1378 1572 1650 1655 dactylici
1696 1593 1765 1635 ac
1812 1573 2213 1654 pulcherrima
2261 1579 2612 1655 compositio
2660 1569 2778 1658 est',
2835 1594 2969 1636 cum
3016 1577 3226 1655 primis
3256 1591 3311 1630 ιο

606 1678 964 1762 paenultima
1030 1697 1099 1741 ac
1160 1679 1370 1740 mediis
1434 1682 1800 1761 respondent
1860 1690 2152 1764 extrema,
2212 1700 2328 1761 qua
2376 1675 2671 1767 {Sedulius
2732 1685 3080 1763 frequenter
3138 1685 3228 1743 uti

607 1788 943 1867 consuevit,
988 1795 1056 1848 ut

926 1896 1168 1975 pervia
1216 1892 1435 1955 divisi
1479 1903 1879 1975 patuerunt
1925 1894 2215 1957 caerula
2260 1899 2466 1975 ponti

606 1994 668 2048 Et
925 2057 1115 2117 sicca
1161 2056 1589 2134 peregrinas
1635 2064 2082 2136 stupuerunt
2131 2074 2479 2116 marmora
2525 2056 2809 2137 plantas
3252 2069 3306 2109 15

607 2155 668 2207 et
925 2213 1155 2276 edidit
1198 2213 1541 2277 humanas
1588 2215 1847 2276 animal
1892 2215 2193 2296 pecuale
2243 2215 2596 2298 loquelaS,

630 2330 751 2384 tem
803 2324 864 2383 in
912 2330 1283 2403 pentametro

931 2429 1272 2509 dignatus
1317 2432 1593 2491 nostris
1639 2430 2057 2492 accubitare
2105 2434 2287 2493 toris
3254 2515 3309 2554 2⁰

617 2528 679 2581 et
940 2588 1156 2651 rubra
1202 2590 1389 2668 quod
1438 2589 1846 2671 adpositum
1896 2598 2083 2652 testa
2130 2593 2498 2654 ministrat
2543 2591 2715 2653 olus.
3352 2587 3364 2595 ’

620 2716 741 2758 non
770 2705 967 2758 tamen
1004 2696 1117 2756 hoc
1147 2697 1533 2757 continuatim
1564 2696 1875 2779 agendum,
1912 2715 2119 2757 verum
2155 2708 2292 2779 post
2328 2697 2552 2777 aliquot
2587 2700 2970 2779 interpositos
2997 2717 3223 2760 versus

622 2808 673 2866 si
720 2807 876 2866 enim
915 2822 1152 2884 semper
1188 2823 1308 2865 uno
1348 2803 1521 2864 modo
1567 2803 1750 2883 pedes
1787 2802 2116 2885 ordinabiS,
2162 2812 2223 2864 et
2259 2822 2495 2883 versuS,
2540 2806 2774 2865 tametsi
2823 2806 3082 2884 optimus
3130 2808 3224 2885 sit,

596 2898 808 2973 'status
845 2914 1042 2973 statim
1081 2911 1324 2972 vilescit.
1381 2897 1692 2991 aliquando
1732 2928 1970 2971 versum
2007 2910 2346 2971 nominibus
2400 2919 2624 2972 tantum
2664 2912 2951 2990 perlicere
2988 2921 3223 2992 gratum

608 3027 727 3102 est,
775 3027 842 3080 ut
890 3018 1249 3080 Fortunatus
3248 3030 3301 3070 25

922 3125 1103 3208 lilia,
1150 3127 1547 3207 narcissus,
1595 3122 1854 3207 violae,
1900 3141 2087 3205 rosa,
2134 3123 2425 3204 narduS,
2473 3141 2840 3205 amomum,

1029 3231 1396 3293 oblectant
1440 3234 1711 3292 animos
1758 3232 2076 3311 germina
2125 3229 2323 3291 nulla
2361 3248 2578 3313 meoS,

605 3340 763 3420 quod
810 3341 966 3401 idem
1013 3346 1076 3400 et
1121 3341 1181 3399 in
1228 3341 1487 3418 propriis
1533 3340 1675 3400 fecit
1720 3337 2090 3419 nominibuS,
2139 3346 2206 3399 ut

924 3446 1162 3526 Sarra,
1208 3443 1557 3526 Rebecca,
1601 3444 1899 3526 Rachel,
1943 3442 2184 3537 Ester,
2233 3443 2498 3524 iudith,
2548 3444 2766 3526 Anna,
2812 3444 3085 3527 Noemi,

1029 3552 1347 3632 quamvis
1392 3554 1786 3632 praecipue
1835 3550 2116 3612 culmen
2164 3549 2243 3610 ad
2291 3558 2484 3612 astra
2530 3549 2807 3634 levent3
3246 3564 3298 3603 ³0

604 3662 748 3722 fecit
791 3669 854 3722 et
901 3662 962 3721 in
1008 3659 1232 3742 verbiS,

920 3765 1316 3848 blanditur,
1361 3767 1672 3848 refovet,
1719 3770 2136 3844 veneratur,
2179 3760 2515 3843 honorat,
2560 3762 2942 3824 obumbrat

1029 3882 1097 3933 et
1142 3872 1331 3934 locat
1374 3875 1444 3933 in
1494 3870 1801 3933 thalamo
1847 3867 2159 3931 membra
2204 3868 2463 3947 pudica
2510 3887 2656 3930 suo.

602 3981 963 4044 studendum
996 3973 1303 4061 praeterea
1334 3982 1627 4061 metricis,
1667 3986 1951 4058 quantum
2004 3979 2150 4037 artis
2186 3976 2389 4037 decori
2427 3994 2546 4037 non
2575 3975 2838 4060 obsistit,
2876 3986 2943 4039 ut
2979 3977 3217 4039 mobilia

603 4092 840 4151 nomina
894 4089 1025 4149 lixis
1078 4096 1474 4168 praeponant,
1529 4086 1633 4147 sed
1695 4104 1769 4146 ne
1828 4084 2199 4144 concinentia
2258 4085 2493 4144 nomi‘na
2551 4085 2915 4145 coniunctim
2974 4094 3216 4166 ponant,
3245 4097 3298 4136 ³⁵

602 4214 809 4258 verum
856 4196 1204 4275 interposita
1251 4194 1515 4273 qualibet
1561 4192 1669 4255 alia
1717 4199 1885 4272 parte
1934 4191 2219 4250 orationis
2232 4238 2250 4271 ,
2295 4200 2364 4250 ut
2422 4272 2431 4277 Ι

922 4303 1232 4364 mitis-in
1279 4303 1619 4362 immitem
1666 4300 1865 4377 virga
1913 4305 2024 4358 est
2074 4298 2380 4359 animata
2427 4297 2822 4359 draconem.

605 4414 774 4493 prius
827 4412 1029 4491 posuit
1082 4410 1248 4470 mitis
1304 4426 1479 4488 quam
1537 4408 1729 4487 virga,
1786 4406 1955 4484 prius
2010 4405 2295 4464 immitem
2354 4423 2528 4484 quam
2586 4404 2930 4489 draconem:
2995 4405 3097 4466 sed
3154 4415 3216 4468 et

749 4592 781 4639 6
810 4582 1064 4653 porrigat
1083 4579 1145 4635 F
1167 4579 1410 4651 porrigit
1434 4577 1554 4634 LP
1641 4583 1706 4632 10
1726 4574 2059 4646 compositio
2079 4575 2133 4629 L
2160 4575 2365 4644 positio
2387 4576 2514 4631 FP
2602 4582 2669 4631 22
2699 4592 2803 4631 nec
2829 4578 3021 4632 tamen
3049 4577 3151 4635 ςΡ

603 4672 670 4720 23
697 4681 917 4734 semper
942 4679 1043 4717 om.
1063 4662 1136 4730 L,
1164 4662 1292 4717 add.
1324 4659 1447 4714 FP
1562 4656 1787 4714 tametsi
1819 4655 1871 4708 L
1898 4656 2016 4709 tam
2044 4653 2091 4708 si
2120 4653 2184 4707 F
2213 4656 2405 4711 tamen
2432 4655 2539 4711 etsi
2565 4656 2668 4714 ςΡ
2789 4661 2859 4710 24
2897 4658 3076 4712 status
3105 4660 3215 4712 sta-

603 4744 708 4799 tim
729 4744 843 4799 FP
853 4743 1046 4798 statim
1062 4743 1242 4796 status
1262 4740 1316 4794 L
1426 4757 1646 4795 uersum
1668 4736 1784 4792 FP
1798 4753 1993 4790 uersus
2012 4734 2112 4800 Lt‘
2210 4741 2279 4790 25
2298 4735 2616 4792 furtunatus
2638 4735 2700 4790 F
2794 4742 2862 4791 27
2881 4737 3139 4807 germina
3158 4734 3221 4790 F

603 4824 832 4893 gemina
865 4840 1004 4879 corr.
1043 4820 1296 4892 germina
1333 4820 1390 4875 P
1419 4820 1677 4892 gramina.
1712 4820 1815 4877 Ls
1956 4822 2025 4873 29
2062 4817 2253 4890 Anna]
2293 4833 2468 4872 annos
2507 4816 2569 4870 F
2707 4822 2777 4870 34
2815 4819 3084 4886 quantum
3124 4834 3217 4872 ars

603 4903 804 4960 decoro
841 4918 953 4959 non
989 4903 1215 4959 obsistit
1250 4917 1284 4961 ς
1456 4907 1525 4956 35
1563 4900 1657 4972 ne]
1694 4917 1798 4955 nec
1837 4896 1898 4953 F
2044 4904 2112 4953 38
2148 4897 2303 4968 priua
2339 4913 2505 4967 quam
2544 4897 2708 4966 uirga
2743 4895 2935 4968 posuit
2967 4895 3123 4951 mitis
3159 4895 3216 4953 L
