3613 5528
604 411 733 476 124
1734 412 2081 470 AGROEOII

605 526 646 562 p.
672 512 792 554 2278.
823 514 876 555 ⁷4
901 513 951 554 Ρ.

781 597 1044 660 Crassari
1090 601 1360 679 corporis
1407 607 1499 660 est
1543 607 1604 661 et
1650 601 1906 682 saginae,
1950 602 2209 680 grassari
2253 601 2432 661 animi
2480 608 2541 661 et
2585 602 2966 664 crudelitatis,

779 704 988 767 Album
1046 715 1290 768 naturae
1351 714 1584 767 tantum
1639 715 1756 788 est,
1812 705 2127 768 candidum
2186 707 2533 787 frequenter
2580 715 2642 769 et
2686 707 2884 769 studii.
2967 728 3102 770 nam
3149 717 3210 770 et

603 815 840 892 corpori
886 822 947 873 et
991 815 1186 875 animo
1233 814 1590 894 aliquotiens
1636 813 1997 893 adsignatur.
2070 813 2235 875 albos
2289 832 2432 893 ergo
2479 814 2738 898 capilloS,
2784 834 3024 879 carnem
3071 836 3208 878 can·

601 919 796 980 didam
842 930 1004 981 recte
1051 920 1319 983 dicimus,
1361 919 1370 1003 Ι

776 1026 1063 1088 Muliebre
1101 1028 1321 1089 dicitur
1358 1047 1391 1087 a
1429 1028 1779 1091 mulieribus
1818 1028 2040 1110 aliquid
2080 1030 2318 1109 sactum,
2357 1028 2762 1091 mulierarium
2790 1049 2900 1111 per
2929 1031 3211 1093 mulieres
3237 1054 3264 1092 5

598 1133 819 1214 aliquid
866 1134 1205 1196 ordinatum
1251 1143 1311 1197 et
1355 1154 1463 1215 per
1508 1138 1670 1197 viros
1716 1143 1968 1215 gestum.

778 1241 1059 1303 Iuventus
1098 1241 1267 1303 multi
1305 1244 1550 1304 iuvenes
1588 1241 1886 1326 dicuntur,
1932 1245 2203 1304 iuventas
2240 1246 2419 1305 unius
2457 1244 2712 1306 hominis
2742 1253 2920 1328 actae,
2967 1246 3212 1309 Iuventa

598 1351 726 1429 ipsa
780 1347 916 1429 dea,
971 1357 1040 1410 ut
1094 1348 1303 1410 Graeci
1362 1349 1569 1411 dicunt
1624 1348 1755 1427 [aut
1800 1360 1869 1412 ut
1911 1348 2176 1431 poetaeJ,
2232 1350 2476 1412 Iunonis
2523 1351 2665 1433 fllia,
2724 1370 2873 1413 uxor
2919 1352 3210 1438 Herculis,

602 1474 635 1516 a
683 1474 798 1535 qua
844 1455 1078 1517 Iunium
1126 1475 1391 1518 mensem
1439 1457 1793 1538 appellatum
1843 1460 1902 1518 in
1951 1456 2118 1519 libris
2165 1458 2453 1519 fastorum
2501 1459 2766 1539 legimus.

782 1562 1074 1624 Delictum
1135 1574 1447 1643 peccatum
1512 1565 1748 1645 aliquod
1824 1565 2104 1647 dicimus,
2167 1584 2202 1622 ῆι
2267 1565 2578 1627 delectum·
2628 1567 2870 1629 militiae
2935 1577 3037 1630 aut
3108 1569 3207 1629 ali·
3242 1590 3294 1628 ιο
3361 1566 3372 1575 ’

600 1672 776 1731 cuius
831 1673 1116 1732 examinis
1171 1671 1521 1733 electionem
1578 1671 2017 1753 appellabimus,
2129 1690 2264 1733 nam
2310 1671 2474 1752 diligi
2534 1674 2882 1736 adfectionis
2936 1683 3053 1758 est,
3110 1675 3209 1737 de-

601 1777 703 1858 ligi
749 1777 968 1839 iudicii.

779 1886 942 1947 Inter
998 1886 1436 1949 commodatum
1491 1895 1550 1948 et
1606 1895 1813 1948 mutuo
1871 1886 2073 1948 datum
2123 1906 2241 1949 non
2289 1887 2433 1948 nihil
2480 1887 2695 1949 differt.
2770 1889 3211 1951 commodamus

603 1996 790 2054 amico
836 2012 946 2074 pro
1003 2002 1271 2075 tempore
1319 2013 1566 2077 equum,
1612 2002 1866 2076 vestem,
1913 2012 2176 2076 servum,
2221 1994 2373 2056 hanc
2421 1996 2606 2074 ipsam
2654 2012 2780 2055 rem
2827 2014 3004 2075 quam
3051 1996 3212 2058 dedi-

599 2119 731 2163 mus
787 2088 1116 2181 recepturi:
1171 2110 1378 2163 mutuo
1435 2102 1642 2164 damus
1696 2104 2038 2184 pecuniam,
2104 2105 2396 2184 triticum,
2451 2104 2653 2162 vinum
2718 2111 2779 2164 et
2834 2103 2926 2164 bis
2982 2102 3212 2186 similia,
3242 2124 3295 2164 ιδ

598 2226 749 2287 quae
798 2217 1019 2271 mutata
1062 2210 1250 2289 recipi
1296 2228 1541 2271 necesse
1590 2218 1697 2270 est.

782 2314 950 2394 Ligat
995 2317 1129 2394 quis
1175 2315 1438 2398 vinculo,
1486 2316 1640 2395 legat
1686 2324 2057 2378 testamento.

781 2421 972 2502 Loqui
1017 2423 1273 2484 hominis
1316 2431 1429 2505 est,
1474 2421 1715 2502 obloqui
1761 2421 2199 2506 obtrectatoris,
2245 2425 2399 2485 sicut
2446 2421 2629 2485 obicit
2675 2424 2947 2505 opponit3
2994 2424 3212 2505 alloqui

600 2529 903 2590 suadentis
950 2529 1039 2590 vel
1085 2529 1376 2591 hortantis
1423 2528 1857 2611 aut‘iubentis,
1903 2529 2102 2609 eloqui
2148 2532 2418 2591 oratoris.

777 2635 1137 2697 Percussum
1175 2654 1425 2716 corpore
1466 2636 1737 2717 dicimuS,
1777 2635 2123 2716 perculsum
2164 2638 2386 2697 animo:
2425 2634 2633 2696 Cicero
2664 2635 2739 2696 de
2785 2638 2968 2716 signis
3005 2631 3218 2699 ‘tami
3242 2658 3297 2699 20

476 2750 487 2758 “
602 2761 804 2824 quam
850 2742 972 2805 illa
1017 2745 1171 2825 ipsa
1217 2744 1368 2805 face
1416 2743 1803 2825 perculsus
1852 2737 2100 2806 esset'.

778 2850 1050 2912 Efferunt
1095 2854 1197 2932 qui
1245 2860 1574 2933 exportant,
1621 2852 1899 2912 ecferunt
1944 2853 2047 2931 qui
2093 2850 2385 2912 laudando
2434 2852 2754 2915 extollunt:
2799 2850 2955 2913 idem
3003 2851 3212 2912 Cicero

602 2953 932 3020 ‘nimium
978 2958 1150 3020 haec
1196 2958 1309 3021 illi
1357 2960 1669 3021 fortasse
1717 2953 2098 3019 ecferant'.

775 3066 1117 3129 Periculum
1164 3065 1237 3127 ad
1282 3066 1602 3128 discrimen
1650 3069 1931 3147 pertinet,
1976 3065 2268 3146 periclum
2315 3066 2384 3128 ad
2435 3069 2927 3147 experimentum.

783 3361 808 3408 1
851 3355 1082 3426 saginae
1116 3355 1174 3410 Β
1210 3360 1260 3411 et
1294 3357 1454 3412 Beda
1485 3374 1541 3426 p.
1573 3360 1758 3423 2782,
1796 3353 2086 3426 sanguinis
2125 3354 2202 3408 M
2321 3361 2354 3409 2
2393 3372 2521 3411 nam
2561 3358 2621 3411 et
2656 3354 2875 3425 corpori
2912 3354 3212 3424 aliquoties

600 3439 659 3492 et
696 3436 884 3491 animo
922 3435 1253 3506 adsignatur
1287 3437 1343 3490 B
1498 3445 1529 3493 6
1575 3436 1788 3506 aliquid
1828 3436 2126 3505 posteriore
2162 3435 2275 3490 loco
2310 3451 2411 3491 om.
2449 3437 2507 3489 Β
2543 3442 2592 3492 et
2627 3437 2784 3491 Beda
2821 3452 2882 3505 p.
2921 3439 3069 3491 2791

600 3518 846 3589 gestum]
894 3519 1099 3574 iestum
1134 3516 1190 3569 Β
1371 3524 1404 3572 8
1453 3522 1553 3573 aut
1597 3518 1661 3571 ut
1705 3518 1906 3587 poetae
1947 3516 2023 3569 M
2063 3517 2164 3570 aut
2209 3516 2411 3585 poetae
2447 3516 2503 3569 Β
2540 3521 2590 3571 et
2625 3516 2784 3570 Beda
2811 3531 2871 3584 p.
2911 3520 3070 3570 2788

603 3604 635 3652 9
672 3598 912 3668 legimus
946 3598 1005 3652 in
1041 3596 1201 3651 libris
1235 3597 1507 3653 fastorum
1543 3598 1599 3652 Β
1782 3602 1850 3651 10
1886 3596 2167 3651 delectum
2205 3596 2446 3652 militiae
2484 3611 2518 3655 ς
2555 3597 2825 3652 dilectum
2862 3594 3101 3650 militiae
3141 3597 3216 3650 M

600 3676 870 3732 delictum
905 3676 1145 3732 militiae
1179 3677 1250 3731 Β.
1309 3679 1578 3733 lacunam.
1600 3677 1873 3744 indicavi,
1921 3693 2032 3745 qua
2068 3677 2315 3745 definitio
2343 3678 2642 3746 participii
2678 3675 2948 3743 dilectus,
2996 3676 3144 3744 quod
3178 3693 3216 3730 a

601 3759 807 3813 delectu
841 3758 1078 3812 militum
1115 3756 1414 3826 Aqroecius
1450 3758 1809 3823 distinxerat,
1845 3756 2049 3810 excidit
2234 3761 2295 3810 ll
2336 3771 2470 3810 nam
2507 3755 2671 3826 diligi
2709 3755 2786 3810 M
2793 3771 2828 3813 ς
2864 3772 2995 3810 nam
3033 3757 3092 3810 et
3127 3755 3211 3810 di—

599 3836 715 3907 legi
752 3837 807 3891 Β
953 3842 1018 3891 13
1056 3836 1264 3908 differt]
1303 3837 1480 3892 distat
1513 3838 1570 3890 Β
1702 3836 2157 3892 commendamus
2193 3836 2249 3890 Β
2395 3842 2463 3891 14
2499 3836 2681 3892 amico
2719 3836 2803 3890 bis
2836 3837 3100 3905 scriptum
3136 3842 3212 3890 est

599 3918 663 3971 in
701 3917 777 3971 M
917 3916 1148 3988 equum]
1186 3917 1399 3972 animal
1435 3917 1491 3970 Β
1636 3920 1703 3970 18
1742 3915 1891 3971 sicut
1926 3915 2123 3986 obicit]
2164 3915 2310 3974 sicut
2346 3915 2554 3973 obiecit
2590 3915 2766 3973 obicit
2798 3915 2856 3970 Β
2999 3915 3210 3985 alloqui

598 3996 985 4067 persuadentis
1038 3997 1318 4055 hortantis
1368 3996 1462 4051 uel
1509 3997 1756 4052 iubentis
1806 3997 1888 4064 Β,
1950 3997 2181 4066 adloqui
2239 3995 2625 4067 persuadentis
2684 3994 3074 4064 hortantisque
3125 3996 3214 4051 vel

599 4076 845 4132 iubentis
881 4077 1041 4134 Beda
1066 4096 1128 4149 p.
1166 4083 1321 4135 2790
1481 4083 1550 4132 20
1586 4077 1900 4148 tamquam]
1943 4077 2052 4132 Cic.
2090 4080 2153 4134 in
2201 4078 2350 4134 Ver-r.
2387 4083 2493 4134 act.
2528 4093 2628 4132 sec.
2668 4077 2838 4130 IIII
2871 4080 2960 4143 34,
2997 4081 3070 4131 75

600 4165 664 4214 21
696 4158 819 4214 face
848 4158 903 4212 Β
927 4157 1099 4214 facies
1132 4159 1208 4213 M
1347 4163 1414 4212 22
1459 4157 1714 4212 Efferunt
1741 4157 1838 4226 qui
1864 4159 2094 4226 portant
2121 4160 2179 4212 et
2207 4157 2444 4212 efferunt
2471 4156 2569 4226 qui
2604 4156 2885 4211 laudando
2914 4156 3208 4211 extollunt.

602 4238 758 4293 Idem
796 4238 977 4294 cicero
1013 4240 1249 4296 nimium
1285 4241 1428 4296 haec
1462 4239 1549 4293 illi
1585 4238 1820 4294 fortasse
1859 4237 2097 4294 efferunt
2131 4253 2180 4296 ς.
2236 4238 2306 4304 cf.
2343 4235 2491 4291 Non.
2527 4254 2583 4305 p.
2622 4241 2757 4301 298,
2794 4241 2825 4289 1
2871 4236 3079 4292 ecferre
3116 4253 3211 4292 ex-

598 4319 824 4375 tollere:
857 4318 935 4375 M.
975 4319 1194 4376 'Pullius
1230 4322 1299 4376 de
1338 4320 1513 4389 signis
1550 4321 1634 4388 (in
1682 4319 1832 4374 Verr.
1872 4324 1974 4373 act.
2013 4334 2111 4374 sec.
2153 4316 2323 4371 IIII
2354 4320 2445 4384 56,
2482 4317 2616 4385 124)
2666 4314 2923 4371 ‘nimium
2970 4316 3211 4373 forsitan

599 4400 739 4456 haec
774 4399 861 4454 illi
899 4401 1173 4455 mirentur
1208 4403 1382 4470 atque
1419 4399 1687 4455 ecferant'
1839 4397 2113 4467 ecferunt]
2154 4396 2213 4449 ct
2247 4393 2435 4449 ferunt
2470 4394 2526 4448 Β
2563 4399 2621 4450 et
2656 4395 2752 4465 qui
2788 4396 2975 4453 ferunt
3012 4398 3089 4452 M

600 4503 666 4551 21
706 4497 856 4552 idem
890 4497 1125 4553 nimium
1161 4498 1300 4553 haec
1334 4497 1421 4551 illi
1456 4496 1691 4551 fortasse
1720 4494 1956 4550 efferant
1990 4494 2046 4547 Β
2081 4494 2230 4549 idem
2268 4480 2358 4548 dii
2390 4491 2641 4548 ecferunt
2676 4494 2910 4549 nimium
2948 4494 3088 4550 haec
3124 4495 3211 4549 illi

600 4577 834 4634 fortasse
891 4580 967 4633 M
1187 4585 1257 4634 24
1316 4575 1630 4632 Periculum
1686 4575 1759 4628 ad
1814 4574 2111 4630 discrimen
2168 4573 2416 4644 pertinet
2466 4572 2738 4642 periclum
2795 4576 2954 4643 (corr.
3012 4575 3084 4628 al.
3142 4591 3208 4628 m.

599 4656 933 4729 periculum)
986 4659 1060 4714 ad
1114 4657 1558 4729 experimentum
1613 4653 1668 4706 Β
1722 4653 2036 4709 Discrimen
2091 4653 2163 4707 ed
2222 4651 2531 4722 periculum
2591 4651 2839 4722 pertinet
2892 4654 2952 4707 et
3005 4653 3076 4707 ad
3132 4654 3212 4721 (et

599 4736 659 4790 id
696 4738 752 4806 ς)
788 4739 1232 4808 experimentum
1280 4738 1354 4792 M
1362 4752 1395 4795 ς
1441 4735 1755 4792 Discrimen
1800 4736 1860 4789 et
1904 4734 1976 4789 ad
2020 4732 2328 4804 periculum
2376 4735 2435 4788 et
2478 4725 2551 4787 ad
2599 4733 3044 4803 experimentum
3087 4750 3212 4805 per-

600 4816 748 4871 tinet
774 4836 834 4886 p.
892 4820 961 4886 cf.
999 4818 1148 4876 Non.
1188 4837 1249 4890 p.
1289 4822 1425 4884 364,
1461 4822 1493 4872 1
1544 4814 1857 4888 periculum
1894 4817 1981 4870 est
2017 4814 2215 4871 salutis
2253 4815 2551 4873 discrimen
2589 4849 2654 4857 —
2692 4814 2963 4888 periclum
3000 4813 3212 4884 experi-

601 4898 855 4953 mentum
