3613 5528
607 331 737 397 448
1587 330 1912 386 ARVSIAN
1916 331 1939 385 1
1975 329 2219 386 MESSII

612 538 725 598 qua
791 518 940 579 dixit
1001 518 1422 594 Mommsenius
1487 535 1659 578 mem.
1724 517 1865 578 dcll’
1930 517 2073 579 Inst.
2127 536 2180 579 v.
2235 515 2287 576 11
2346 536 2399 596 p.
2447 513 2576 578 302
2637 525 2699 576 ct
2761 516 2960 577 Herm.
3026 536 3075 576 v.
3133 515 3204 576 1v

609 645 664 705 p.
717 622 868 705 127,
913 632 1047 705 post
1095 623 1465 686 Constantini
1510 633 1762 687 aetatem
1810 627 2138 686 institutam
2185 642 2316 685 csse
2363 624 2585 684 scimus
2614 671 2627 683 .
2657 642 2728 683 cx
2776 622 3205 703 posterioribus

610 730 1002 811 scriptoribus
1066 749 1222 792 unus
1288 731 1697 794 Cassiodorius
1760 733 1940 794 huius
2004 731 2141 792 libri
2204 733 2566 792 mentionem
2622 731 2788 813 sccit,
2851 732 3035 792 instit.
3092 730 3203 791 div.

609 839 741 900 lect.
790 857 839 900 c.
893 834 973 901 15
1017 858 1073 919 p.
1123 837 1248 901 517
1300 838 1388 901 ed.
1428 839 1581 921 Gar„
1626 844 1875 917 requlas
1923 843 2113 916 iqitur
2159 841 2558 901 elocutionum
2603 842 2961 913 latinarum,
3011 841 3077 899 id
3119 846 3207 900 est

544 942 553 949 '
609 949 976 1023 quadr-ianm
1024 947 1233 1022 Messi,
1282 950 1632 1008 omnimodis
1667 965 1786 1008 non
1825 950 2128 1023 sequar-ie,
2175 948 2282 1008 ubi
2316 953 2515 1006 tamen
2545 947 2892 1022 priscorum
2930 948 3206 1007 codicum

610 1058 979 1116 auctoritate
1033 1058 1430 1116 convinceris.
1522 1053 1628 1115 sed
1691 1052 1979 1133 exemplis
2042 1052 2114 1113 ab
2169 1053 2459 1113 Arusiano
2515 1054 2858 1132 compositis
2915 1070 3060 1113 usus
3115 1060 3208 1114 est

608 1161 979 1241 PriscianuS,
1017 1163 1121 1240 qui
1157 1162 1218 1222 in
1257 1160 1732 1222 duodevicesimo
1771 1159 1924 1220 libro
1962 1159 2400 1220 institutionum
2429 1161 2943 1238 grammaticarum
2971 1162 3208 1240 saepius

611 1267 977 1329 elocutiones
1026 1268 1340 1329 verborum
1388 1275 1450 1329 et
1496 1271 1801 1329 nominum
1847 1268 2059 1329 iisdem
2105 1266 2418 1349 exempliS,
2464 1285 2613 1346 quac
2662 1266 2759 1328 ille
2796 1266 3208 1348 adscripscrat,

611 1375 954 1436 confirmata
990 1378 1189 1456 posuit
1220 1424 1232 1437 .
1262 1376 1593 1436 certissima
1632 1377 1761 1436 eius
1809 1394 1874 1436 rc
1923 1374 2139 1435 indicia
2184 1375 2569 1435 inveniuntur
2614 1377 2674 1435 in
2719 1374 2839 1455 his,
2884 1393 2940 1455 p.
2970 1371 3207 1456 21622

611 1484 962 1558 abundum,
1025 1501 1082 1562 p.
1129 1479 1320 1563 277,6
1368 1488 1604 1557 avertO,
1669 1501 1724 1562 p.
1774 1478 1966 1564 273‚3
2014 1484 2307 1557 medicor,
2372 1501 2428 1562 p.
2477 1479 2666 1565 274‚9
2715 1485 3088 1563 praestolor,
3151 1501 3206 1562 p.

611 1586 845 1670 333‚27
887 1594 1117 1667 potior,
1172 1608 1228 1669 p.
1277 1586 1466 1672 292‚8
1506 1594 1778 1667 propius
1871 1588 2079 1650 similis
2144 1608 2469 1651 consensus
2535 1589 2798 1670 exempla
2860 1608 2996 1650 cum
3051 1590 3205 1670 apud

612 1696 757 1758 alios
822 1699 1235 1776 grammaticos
1300 1704 1426 1757 tum
1491 1696 1643 1777 apud
1699 1697 1955 1759 Nonium
2020 1699 2404 1759 inveniuntur
2460 1745 2473 1758 .
2531 1696 2633 1758 sed
2699 1716 2767 1758 ca
2834 1705 2894 1759 ct
2958 1715 3206 1759 numero

613 1806 889 1884 pauciora
936 1811 1077 1865 sunt
1122 1813 1183 1865 ct
1229 1805 1307 1864 ita
1353 1812 1711 1886 comparata,
1759 1813 1823 1865 ut
1872 1823 1944 1865 cx
1981 1807 2280 1866 communi
2317 1805 2478 1866 sonte
2516 1799 2926 1885 potiusquam
2967 1824 3037 1866 cx
3075 1806 3205 1886 ipso

609 1912 887 1971 Arusiani
932 1910 1082 1971 libro
1130 1914 1311 1991 petita
1357 1913 1493 1973 sint.
