3613 5528
1336 451 1432 505 DE
1474 450 2053 506 ORTHOGRAPHIA
2914 451 2996 515 73

393 564 435 601 p.
464 553 569 593 2933
596 553 644 591 P.

398 639 838 698 faeneratorem.
914 639 1058 697 item
1096 637 1393 718 facineris,
1430 656 1548 698 non
1590 637 1886 719 facinoris,
1933 639 2211 716 quoniam
2260 638 2655 699 facinerosum
2703 655 2998 698 vocamus

394 748 479 805 sic
518 747 690 806 etiam
730 744 956 805 delirus
993 744 1185 825 placet
1226 743 1497 826 Varroni,
1538 763 1654 805 non
1695 744 1961 806 delerus:
2027 763 2144 805 non
2185 746 2372 827 enim,
2418 754 2484 806 ut
2524 744 2760 824 quidam
2799 747 2998 805 existi·

393 860 569 932 mant,
614 869 646 911 a
693 869 909 930 graeco
954 861 1140 912 tracta
1186 871 1296 913 vox
1346 861 1465 933 est,
1511 844 1688 933 παρὰ
1736 843 1812 913 τὸ
1864 853 2115 932 ληρεῖν,
2175 851 2278 911 sed
2326 871 2357 912 a
2404 851 2528 932 lira,
2575 852 2632 911 id
2681 861 2773 913 est
2819 851 3000 912 sulco.

393 962 471 1020 ita
518 961 693 1021 sicuti
740 959 939 1040 boves,
988 978 1124 1020 cum
1173 978 1236 1021 se
1284 978 1317 1020 a
1364 967 1530 1020 recto
1569 967 1702 1019 actu
1743 961 1943 1038 operis
1980 958 2360 1039 detorserim,
2407 957 2659 1019 delirare
2698 957 2998 1033 dicuntur,

337 1090 363 1131 5
392 1068 476 1126 sic
533 1069 634 1145 qui
691 1085 722 1126 a
778 1076 941 1127 recta
998 1069 1087 1126 via
1141 1067 1293 1126 vitae
1353 1064 1424 1125 ad
1480 1083 1717 1145 pravam
1774 1063 2099 1145 declinant,
2152 1082 2261 1143 per
2319 1063 2764 1125 similitudinem
2813 1073 3000 1125 trans-

390 1172 624 1233 lationis
692 1174 835 1234 item
889 1171 1141 1233 delirare
1213 1173 1638 1232 existimantur.
1728 1170 1919 1250 placet
1976 1173 2150 1231 etiam
2209 1179 2275 1231 ut
2335 1169 2678 1232 Delmatiam
2739 1190 2994 1252 quoque,

392 1298 510 1340 non
558 1279 898 1341 Dalmatiam
953 1280 1436 1360 pronuntiemus,
1493 1280 1770 1356 quoniam
1818 1295 1847 1336 a
1898 1275 2192 1359 Delmino,
2249 1280 2494 1337 maxima
2553 1281 2818 1340 eiusdem
2857 1298 3003 1356 pro-

392 1390 632 1447 vinciae
678 1388 930 1465 civitate,
977 1395 1229 1447 tractum
1268 1403 1486 1446 nomen
1528 1387 1915 1446 existimatur.
1993 1386 2169 1445 ferias
2207 1387 2401 1465 etiam,
2443 1403 2559 1444 non
2600 1386 2809 1467 fereaS,
2857 1404 2999 1465 quo—

393 1495 550 1552 niam
594 1492 748 1573 apud
795 1494 1070 1571 antiquos
1118 1493 1316 1573 fesiae,
1362 1509 1482 1552 non
1530 1492 1722 1551 fessae
1770 1489 1962 1550 dictae
2011 1498 2166 1551 sunt.
2240 1493 2382 1551 item
2429 1494 2662 1571 arispex
2709 1492 2798 1567 ab,
2830 1494 3005 1573 ariga,

317 1630 366 1667 10
394 1617 544 1678 quae
605 1607 696 1659 est
752 1600 974 1682 hostia,
1042 1619 1162 1661 non
1231 1617 1503 1679 aruspex.
1596 1607 1657 1657 et
1722 1600 1988 1676 quamvis
2051 1598 2398 1658 commendo
2459 1598 2750 1682 dicamus,
2809 1608 3006 1687 tamen

396 1705 741 1766 commando
788 1709 849 1766 in
897 1707 1328 1768 consuetudine
1377 1713 1484 1767 est.

572 1812 723 1873 Hinc
762 1822 1089 1875 nascuntur
1119 1817 1299 1876 etiam
1328 1815 1705 1893 quaestiones
1734 1813 2052 1887 interdum,
2092 1832 2241 1892 quae
2273 1814 2768 1874 consuetudinem
2798 1834 3006 1878 novam

394 1937 429 1979 a
472 1928 672 1980 vetere
719 1919 1093 2003 discernunt,
1148 1930 1350 1983 utrum
1407 1919 1687 1981 absorbui
1742 1938 1815 1979 an
1872 1918 2141 1999 absorpsi
2190 1923 2491 1994 dic-amm,
2552 1939 2687 1980 cum
2735 1922 2804 1983 ad
2854 1924 3004 1984 hanc

395 2025 854 2105 disputationem
902 2031 1203 2107 pertinere
1251 2047 1369 2088 non
1418 2026 1647 2103 debeat,
1694 2028 1811 2086 nisi
1848 2026 2005 2105 quod
2043 2029 2351 2107 proprium
2389 2036 2482 2088 est
2517 2021 3006 2110 ὀρθογραφίας,

320 2163 368 2201 15
397 2143 600 2195 utrum
657 2152 766 2213 per
820 2134 858 2195 b
915 2137 1196 2196 absorbsi
1251 2154 1322 2195 an
1381 2153 1489 2215 per
1543 2154 1581 2214 p
1643 2133 1912 2212 absorpsi
1971 2133 2151 2194 scribi
2207 2133 2432 2196 debeat.
2519 2144 2578 2197 et
2633 2135 2825 2215 placet
2881 2137 3009 2198 aliis

398 2239 769 2301 scribendam
819 2240 856 2300 b
903 2240 1187 2323 litteram,
1243 2244 1522 2321 quoniam
1570 2239 1816 2301 sorbere
1864 2239 2154 2320 dicamus,
2212 2239 2341 2301 aliis
2386 2232 2453 2324 1'),
2509 2245 2786 2321 quoniam
2834 2262 3007 2321 quae-

398 2365 652 2427 cumque
711 2348 863 2427 apud
913 2348 1170 2409 Graecos
1224 2367 1332 2428 per
1388 2346 1447 2409 Ψ
1511 2346 1857 2407 scribuntur
1916 2345 2004 2424 [et
2058 2355 2290 2408 constat
2337 2347 2480 2409 haec
2527 2349 2721 2411 littera
2770 2346 2841 2412 ἐκ
2885 2349 3008 2412 τοῦ

397 2461 476 2515 πῖ
514 2449 625 2515 καὶ
673 2454 924 2538 σίγμα],
970 2454 1122 2534 apud
1163 2474 1273 2518 nos
1310 2473 1418 2535 per
1454 2474 1492 2534 p
1541 2461 1600 2514 et
1634 2473 1664 2513 s
1710 2452 2021 2514 scribenda
2072 2455 2215 2535 sint3
2274 2455 2549 2535 idemque
2605 2459 2665 2517 in
2715 2457 3005 2519 similibus

578 2619 759 2675 Codex
797 2619 1093 2675 Parrhasii
1167 2627 1194 2674 1
1233 2617 1643 2674 foeneratorem
1787 2622 1820 2669 2
1859 2616 2094 2688 delirus]
2133 2576 2379 2672 deli-3²⁸0:
2418 2636 2513 2674 rus
2548 2636 2818 2688 super-scr.
2855 2637 2884 2675 c

400 2698 643 2771 deletus]
681 2698 931 2754 delemm
1110 2707 1143 2754 3
1181 2695 1336 2769 παρὰ
1375 2693 1438 2751 τὸ
1476 2702 1635 2767 know
1674 2697 1773 2752 sed
1812 2700 1899 2752 est
1932 2695 2109 2751 latine
2146 2698 2301 2752 sulco
2481 2706 2515 2753 4
2564 2700 2717 2771 actu]
2756 2701 2884 2754 acto

400 2785 430 2834 ’1
466 2780 713 2834 maximo
742 2780 970 2836 civitate
1114 2787 1146 2835 8
1178 2780 1527 2835 existimetur
1670 2785 1701 2833 9
1742 2780 1814 2834 ab
1844 2778 2041 2848 ariuga
2071 2795 2213 2846 quae
2242 2781 2391 2833 esset
2426 2779 2612 2835 hostia
2756 2786 2820 2834 11
2853 2796 3003 2835 com—

399 2860 628 2928 mando]
677 2859 953 2915 domando
1141 2866 1204 2913 12
1254 2875 1400 2928 quae
1448 2858 1879 2913 consuetudines
1927 2873 2132 2912 nouam
2179 2874 2214 2912 a
2259 2861 2451 2914 uetere
2500 2859 2886 2914 discernantur

404 2945 466 2994 13
513 2940 763 2994 dicamus
814 2956 914 2995 om.
1098 2945 1167 2993 14
1217 2935 1639 3008 ὄρθογραφειαι
1822 2942 1888 2992 15
1934 2936 2188 2992 absorbsi
2234 2955 2333 2991 om.
2515 2944 2582 2993 16
2636 2938 3012 3012 scribendam]

400 3021 739 3089 sequendam
865 3025 933 3076 1⁷
966 3017 1029 3076 ἐκ
1057 3021 1159 3076 τοῦ
1188 3039 1231 3073 π
1258 3018 1356 3073 καὶ
1385 3037 1464 3071 σιτ
1493 3017 1643 3087 apud
1672 3035 1773 3072 nos
1802 3035 1904 3087 per
1928 3037 1967 3088 p
1996 3016 2350 3073 scribendum
2379 3019 2616 3088 ideoque
2644 3020 2701 3075 in
2733 3013 3011 3078 similibus

585 3169 613 3217 1
652 3163 1062 3219 foeneratorem
1100 3164 1154 3217 Β
1300 3162 1435 3216 item
1471 3158 1736 3214 facineris
1774 3177 1848 3214 an
1886 3159 2149 3215 facinoris
2177 3162 2405 3216 coniecit
2433 3160 2701 3218 Semlems
2844 3170 2876 3218 3
2915 3165 3014 3219 sed

401 3244 489 3297 est
521 3242 698 3299 latine
735 3244 888 3299 sulco
924 3245 1005 3312 Β,
1047 3245 1145 3299 sed
1181 3245 1270 3298 cst
1304 3242 1481 3297 latine
1520 3259 1554 3296 a
1589 3241 1722 3309 lira,
1761 3240 1821 3294 id
1860 3242 1948 3295 est
1983 3241 2137 3296 sulco
2172 3242 2506 3297 Ritschelius
2541 3244 3012 3324 quaest-Vannii.

391 3339 452 3391 p.
491 3329 587 3379 29.
644 3323 850 3379 delirus
886 3341 922 3378 a
958 3324 1090 3393 lira,
1128 3323 1304 3378 aratri
1339 3323 1538 3389 ductu,
1588 3321 1909 3391 appellatur
1949 3321 2237 3378 Charisius
2268 3339 2326 3391 p.
2367 3328 2457 3389 76,
2495 3327 2565 3377 19
2744 3331 2778 3378 4
2816 3325 3013 3394 Itaque

401 3403 569 3458 sicuti
604 3403 661 3458 R
805 3412 836 3460 6
872 3404 1061 3475 placet
1098 3404 1270 3458 etiam
1308 3405 1373 3456 ut
1409 3402 1751 3457 Delmatiam
1796 3435 1858 3441 —
1894 3408 1926 3456 9
1964 3402 2151 3458 feseae
2188 3403 2372 3459 dictae
2411 3408 2543 3464 sunt
2576 3404 2760 3458 Velius
2787 3404 3013 3475 Lonyus

400 3485 554 3553 apud
582 3483 826 3541 Cassiod.
846 3503 908 3555 p.
930 3490 1091 3542 2287
1236 3490 1265 3537 ’1
1305 3480 1572 3552 quoniam
1602 3498 1636 3535 a
1663 3481 1946 3537 Delminio
1975 3483 2221 3537 maxima
2258 3484 2490 3540 ciuitate
2528 3486 2770 3539 tractum
2809 3503 3012 3540 nomen

399 3562 751 3619 existimetur
776 3565 857 3634 Β,
895 3565 1160 3635 quoniam
1190 3579 1225 3617 a
1253 3559 1536 3630 Delmino,
1576 3561 1822 3615 maxima
1850 3562 2095 3616 eiusdem
2124 3562 2445 3633 provinciae
2477 3563 2732 3632 civitate,
2768 3568 3014 3621 tractum

399 3660 601 3698 nomen
631 3642 983 3699 existimatur
1010 3647 1264 3711 excerpta
1292 3639 1632 3696 Oassiodoffi
1776 3649 1809 3696 8
1848 3642 2042 3712 etiam]
2084 3659 2309 3712 quoque
2344 3642 2400 3696 Β
2545 3652 2576 3699 9
2615 3644 2757 3700 Item
2795 3644 3015 3716 arispex

399 3723 471 3778 ab
507 3724 732 3794 ariuga,
770 3741 914 3793 quae
952 3727 1098 3780 esset
1143 3723 1328 3778 hostia
1364 3722 1436 3776 Β.
1498 3722 1683 3794 ‘ai-iga
1726 3727 1790 3776 ut
1834 3739 1973 3791 quae
2018 3724 2092 3776 ad
2139 3738 2296 3776 aram
2344 3728 2620 3792 ayeretur:
2673 3727 2768 3781 sed
2813 3731 2863 3780 et
2913 3728 3017 3781 alii

397 3805 733 3873 scripserunt
767 3806 1022 3875 arugam’
1056 3806 1281 3859 Iunius.
1330 3803 1402 3858 ab
1438 3801 1598 3872 ariga
1623 3802 1905 3871 scripsisse
1931 3807 2163 3870 apparet
2180 3802 2451 3872 Lonyum,
2487 3807 2586 3874 qui
2622 3806 2691 3859 ab
2728 3823 2786 3860 eo
2817 3806 3014 3875 arispi-

400 3902 519 3940 cem
558 3887 763 3940 dictum
799 3902 907 3941 esse
932 3887 1121 3940 voluit.
1178 3884 1378 3953 ariuga
1403 3884 1570 3938 codex
1599 3882 1870 3938 Varronis
1906 3885 1972 3939 de
2009 3883 2141 3953 liny.
2173 3884 2267 3939 lat.
2299 3883 2351 3936 V
2373 3889 2465 3951 98,
2502 3884 2720 3954 haruga
2759 3885 3018 3940 Donatus

399 3967 462 4019 in
515 3966 636 4020 Ter.
685 3966 906 4022 Phorm.
956 3967 1123 4020 IIII
1169 3970 1229 4033 4,
1281 3969 1385 4031 29,
1435 3961 1673 4032 harviga
1723 3962 1882 4018 Paul.
1931 3982 2043 4021 exc.
2090 3965 2239 4021 Fest.
2285 3982 2343 4034 p.
2394 3970 2531 4032 100,
2580 3967 2726 4035 quod
2774 3967 3017 4032 defendit

386 4045 697 4102 'Corssenus
742 4048 809 4102 de
851 4048 1119 4103 eumatiat.
1168 4046 1327 4101 latin.
1365 4060 1415 4100 v.
1455 4043 1497 4095 I
1532 4059 1591 4111 p.
1633 4047 1757 4098 509.
1819 4044 2016 4116 aringa
2060 4048 2361 4102 coniecerat
2406 4045 2653 4115 Scaliqer
2698 4050 2918 4103 conieci.
2955 4051 3019 4103 in

412 4123 574 4179 Varr.
613 4126 680 4180 de
715 4127 847 4197 li-ny.
887 4128 982 4183 lat.
1016 4145 1073 4197 p.
1112 4130 1187 4182 42
1370 4130 1439 4178 10
1484 4126 1685 4179 tamen·
1729 4126 1934 4180 mando
1973 4128 2029 4182 R
2209 4132 2275 4181 12
2323 4125 2469 4180 Hinc
2506 4130 2806 4182 noscuntur
2843 4127 3017 4183 etiam

402 4207 755 4275 quaestiones
802 4207 1108 4275 interdum,
1159 4203 1362 4275 quibus
1407 4222 1555 4260 noua
1601 4222 1637 4260 a
1681 4206 1967 4262 veteribus
2017 4206 2417 4261 discernantur.
2483 4204 2684 4260 Vtrum
2736 4208 3015 4276 absorbui,

400 4302 473 4339 an
521 4285 795 4356 absorpsi‚
847 4304 973 4341 cum
1009 4286 1080 4341 ad
1126 4285 1272 4339 hanc
1319 4282 1761 4354 disputationem
1805 4286 2085 4355 pertinere
2123 4303 2234 4340 non
2273 4285 2499 4353 debeat,
2554 4285 2663 4340 nisi
2701 4288 2849 4356 quod
2889 4305 3014 4356 pro-

400 4365 586 4435 prium
632 4368 720 4421 est
765 4361 1181 4436 ὄρθογραφίαι,
1228 4367 1419 4420 utrum
1465 4381 1565 4434 per
1604 4366 1642 4419 b
1679 4383 1750 4419 an
1787 4382 1889 4436 per
1924 4384 1962 4435 p
1999 4366 2255 4436 absorpsi
2301 4365 2469 4420 scribi
2507 4366 2737 4420 debeat:
2786 4368 2843 4420 et
2887 4365 3015 4420 aliis

402 4445 743 4514 sequendam
788 4446 826 4501 b
872 4446 1123 4501 litteram
1169 4446 1252 4513 Β,
1297 4447 1397 4501 ubi
1441 4463 1513 4501 an
1559 4445 1816 4515 absorpsi
1861 4446 1951 4500 vel
2000 4463 2126 4500 cum
2163 4452 2254 4503 etc.
2313 4451 2364 4501 et
2408 4447 2602 4501 deinde
2637 4447 2698 4500 et
2742 4444 2868 4499 aliis
2905 4462 3014 4500 ser-

400 4524 588 4579 vanda
623 4525 661 4578 b
707 4524 900 4580 littera
942 4525 1165 4581 videtur
1209 4528 1435 4597 scripsit
1481 4526 1884 4581 Wilmannsius
1931 4527 1996 4580 de
2044 4526 2204 4580 Varr.
2246 4527 2369 4581 libr.
2407 4542 2631 4596 yramm.
2667 4541 2724 4593 p.
2765 4529 2874 4579 177

407 4611 468 4659 17
507 4607 567 4659 et
603 4606 867 4659 constant
900 4605 1008 4660 hac
1043 4605 1239 4661 littera
1273 4625 1315 4660 π
1343 4626 1374 4674 ρ
1406 4624 1464 4675 σ,
1503 4607 1653 4677 apud
1688 4623 1791 4662 nos
1829 4622 1930 4676 per
1956 4624 1993 4676 p
2022 4605 2391 4661 scribendum.
2449 4605 2694 4673 Ideoque
2730 4604 2787 4658 in
2819 4603 3013 4658 simili-

331 4686 358 4714 ·
400 4684 504 4739 bus
540 4684 902 4756 seruandum,
937 4688 1002 4740 ut
1037 4686 1095 4740 in
1135 4703 1200 4742 eo
1240 4687 1391 4756 quod
1429 4689 1515 4741 est
1549 4687 1712 4755 urbs,
1752 4689 1811 4741 et
1845 4686 2036 4756 nupsi,
2076 4688 2134 4739 et
2170 4684 2330 4754 plebs
2366 4684 2439 4742 R.
2496 4687 2556 4740 et
2608 4686 2830 4739 constat
2875 4684 3015 4740 haec

403 4763 597 4818 littera
634 4757 699 4817 ἐκ
735 4764 838 4818 τοῦ
877 4769 947 4819 πῖ
978 4766 1075 4820 καὶ
1114 4766 1283 4836 σίγμα
1322 4782 1388 4821 ex
1422 4768 1703 4837 superiore
1737 4768 2112 4836 disputatione
2139 4784 2200 4836 p.
2240 4771 2330 4831 61,
2367 4772 2433 4833 8,
2487 4769 2552 4820 ut
2586 4765 2833 4832 videtur,
2867 4782 3014 4834 repe-

404 4843 511 4896 tita
543 4842 751 4896 seclusi.
800 4843 986 4900 aliena
1021 4847 1090 4900 ab
1127 4846 1226 4900 hoc
1261 4847 1376 4900 loco
1412 4862 1519 4902 esse
1554 4848 1718 4903 verba
1749 4849 2109 4902 adnotaverat
2145 4845 2416 4901 semlerus
2554 4848 2620 4897 18
2656 4843 2919 4915 idemque
2957 4848 3016 4904 in

405 4923 680 4980 similibus
715 4930 982 4980 corrector
1018 4928 1219 4982 codicis
1266 4926 1527 4981 Vaticani
1636 4992 1645 5002 α
