3613 5528
1554 398 1937 455 EXCERPTA
2910 400 2990 464 31
3003 400 3038 463 7

427 588 947 667 grammaticorum
1021 586 1361 648 nominibus
1435 588 1829 667 compositum
1904 596 1996 648 est
2078 588 2137 648 in
2222 585 2426 647 codice
2500 588 2769 648 Parisino
2847 583 3038 670 7560,

421 703 753 772 praeterea
789 698 982 771 siquis
1019 713 1355 756 venenosae
1392 702 1548 757 tetro
1588 698 1859 756 invidiae
1899 695 2200 772 fermento
2240 694 2501 771 insectus
2541 700 2634 756 vel
2669 699 3045 770 iqnorantia,

427 809 623 863 matre
668 806 931 863 omnium
980 820 1289 877 errorum,
1351 809 1409 863 et
1465 805 1737 864 audacia
1787 806 2036 879 proprii
2089 795 2322 877 inq'enit
2366 807 2738 879 conpellente
2784 805 3039 864 inlectus

424 911 538 970 has
588 913 1038 985 qrammaticae
1094 914 1249 971 artis
1304 913 1615 971 normulas
1671 927 1875 970 morsu
1942 913 2171 986 aspidis
2232 917 2290 970 et
2342 913 2628 985 qenuinis
2687 914 3040 985 sanquineis

425 1019 711 1077 lacerare
756 1018 1040 1090 voluerit,
1086 1019 1245 1076 sciat
1289 1035 1354 1077 se
1394 1018 1710 1077 Prisciani
1754 1020 1849 1077 vel
1883 1017 2132 1088 Donati,
2185 1018 2374 1077 Probi
2410 1021 2505 1077 vel
2538 1018 2829 1091 Audacii,
2893 1017 3042 1078 Velii

424 1123 624 1199 Lonyi
674 1127 771 1184 vel
822 1125 1111 1197 Romani,
1172 1124 1454 1184 Flaviani
1507 1126 1602 1183 vel
1655 1124 1979 1199 Eutychis,
2057 1124 2354 1183 Victorini
2397 1127 2495 1184 vel
2537 1126 2764 1196 Focae,
2822 1111 3048 1200 Asperi‘

427 1234 519 1291 vel
553 1231 802 1307 Pompei
846 1234 1007 1291 latus
1054 1233 1298 1290 laniare
1335 1238 1393 1290 et
1428 1247 1545 1290 non
1588 1233 1878 1291 viventem
1916 1233 2212 1290 rusticum
2252 1229 2487 1306 infestis
2525 1233 2747 1291 iaculis
2785 1233 3037 1305 insequi,

423 1339 534 1398 sed
570 1341 882 1413 pulverem
928 1345 1305 1398 mortuorum
1352 1340 1665 1397 rhetorum
1710 1344 1770 1398 et
1816 1339 2083 1397 cinerem
2128 1340 2456 1412 saqittare‚
2504 1340 2651 1412 quia
2698 1356 2810 1397 nec
2856 1340 3038 1397 unius

421 1448 624 1505 saltim
668 1462 880 1505 ramus
926 1449 1181 1520 reyulae
1228 1448 1291 1505 in
1338 1447 1453 1504 hoc
1500 1447 1696 1505 libello
1744 1447 2008 1504 insertus
2054 1446 2391 1519 reperitur,
2448 1448 2555 1518 qui
2608 1461 2726 1504 non
2775 1447 3038 1505 alicuius

423 1554 638 1613 horum
683 1555 762 1612 sit
807 1555 1027 1612 radice
1067 1550 1318 1627 sortiter
1358 1550 1687 1627 fundatus:
1733 1550 1806 1610 cl'.
1846 1549 1918 1610 de
1957 1567 2199 1628 gramm.
2239 1547 2400 1627 quib.
2439 1549 2535 1610 lat.
2574 1550 2675 1611 ini.
2706 1559 2816 1611 aet.
2846 1569 2900 1629 p.
2932 1547 3035 1610 26.

420 1664 730 1736 praeterea
786 1653 1048 1738 ‘quidam
1103 1659 1524 1737 grammaticus
1571 1657 1770 1717 Audax
1839 1651 2099 1717 nomine'
2157 1659 2488 1736 Augustino
2545 1656 2804 1736 aequalis
2852 1658 3034 1717 fuisse

423 1765 642 1827 dicitur
700 1768 761 1826 in
819 1767 1116 1845 excerptis
1175 1764 1397 1825 codicis
1444 1763 1765 1825 Bernensis
1822 1759 1933 1844 83,
2002 1762 2202 1843 Hagen
2260 1763 2463 1824 anecd.
2520 1763 2744 1825 Helvet.
2802 1784 2857 1843 p.
2925 1764 3035 1844 CV,

424 1876 584 1934 unde
627 1880 879 1934 sanctus
926 1874 1327 1948 AnqustinuS,
1376 1889 1513 1932 cum
1561 1889 1697 1932 eum
1743 1874 1988 1946 quidam
2033 1874 2478 1945 qrammaticus
2525 1872 2752 1931 Audax
2798 1874 3036 1933 nomine

421 1990 801 2042 sacratorem
849 1981 1048 2056 plebis
1103 1980 1206 2039 dei
1256 1982 1648 2052 nominasset,
1716 1972 1920 2053 ‘quid’
1979 1981 2174 2052 inquit
2232 1973 2348 2039 ‘me
2401 1986 2782 2039 sacratorem
2840 1980 3035 2054 plebis

424 2091 524 2149 dei
558 2090 780 2148 vocas?
829 2090 909 2147 da
958 2089 1192 2146 veniam
1240 2089 1516 2146 multam:
1574 2089 1680 2144 cui
1723 2087 1995 2159 loquaris
2044 2088 2320 2159 iquorem,
2379 2089 2485 2146 cui
2536 2094 2850 2145 sacratum
2907 2105 3035 2147 esse

422 2213 707 2271 maenum
754 2188 874 2255 est'
924 2241 938 2255 .
986 2194 1165 2272 petita
1217 2192 1360 2253 baec
1408 2201 1548 2253 sunt
1594 2211 1665 2252 ex
1706 2191 1957 2271 epistula
1998 2194 2309 2271 Augustini
2349 2192 2419 2252 ad
2458 2191 2755 2252 Audacem
2794 2194 3034 2274 scripta,

423 2320 572 2382 quae
620 2319 736 2363 una
782 2318 919 2362 cum
976 2302 1163 2380 ipsius
1210 2298 1464 2360 Audacis
1519 2298 1771 2378 epistula
1828 2298 2048 2378 legitur
2103 2301 2163 2359 in
2222 2297 2493 2377 epistulis
2542 2301 2853 2378 Augustini
2901 2298 3034 2362 260

423 2417 480 2471 et
528 2406 685 2490 261,
731 2409 976 2487 August.
1025 2425 1117 2486 op.
1168 2425 1216 2467 v.
1257 2405 1310 2466 11
1349 2425 1403 2485 p.
1443 2402 1573 2466 672
1613 2406 1702 2466 ed.
1742 2407 2019 2484 Antverp.
2058 2424 2108 2465 a.
2154 2403 2323 2466 1700
2352 2452 2367 2467 .
2397 2406 2500 2466 sed
2540 2406 2612 2467 de
2651 2409 3030 2485 grammatica

421 2516 673 2577 Audacis
720 2515 991 2576 doctrina
1039 2516 1099 2575 in
1149 2516 1220 2574 iis
1268 2512 1541 2593 epistulis
1596 2512 1740 2573 nihil
1797 2514 2090 2592 scriptum
2151 2519 2270 2592 est3
2330 2531 2523 2592 neque
2582 2512 2740 2574 hunc
2800 2515 2900 2593 qui
2957 2513 3031 2575 de

421 2631 545 2684 arte
601 2624 982 2703 grammatica
1039 2623 1279 2700 scripsit
1326 2621 1642 2699 Augustini
1703 2628 1893 2680 aetate
1951 2621 2195 2699 vixisse,
2254 2620 2356 2680 sed
2419 2622 2511 2680 vix
2569 2628 2735 2681 sexto
2794 2620 3030 2682 saeculo

421 2731 791 2811 superiorem
841 2729 1022 2791 fuisse
1073 2738 1234 2809 put0.

593 2832 693 2899 Ex
712 2835 947 2899 duobus
968 2835 1273 2899 codicibus
1302 2855 1454 2915 quos
1483 2855 1660 2916 supra
1691 2835 1828 2916 dixi,
1857 2856 1889 2896 e
1920 2836 2139 2917 quibus
2170 2837 2581 2898 Monacensem
2601 2835 3030 2898 Maximilianus

422 2945 817 3007 Kleemannus
854 2946 1280 3026 descripserat,
1319 2943 1683 3005 Beruensem
1722 2947 1937 3023 partim
1976 2948 2100 3024 ipse
2140 2945 2601 3024 descripseram,
2639 2947 2853 3024 partim
2892 2964 3062 3023 cum⁸

419 3053 755 3133 apographo
794 3053 1162 3114 Monacensis
1203 3052 1426 3113 codicis
1465 3051 1741 3131 Hagenus
1779 3051 2140 3125 contulerat,
2179 3050 2431 3112 Audacis
2459 3051 2676 3113 librum
2716 3070 2823 3131 per
2861 3070 3027 3112 occa·

418 3161 644 3223 sionem
674 3161 1139 3226 academicarum
1170 3162 1559 3241 scriptionum
1590 3158 1745 3219 edidi
1769 3157 1927 3218 ilalis
1948 3177 1997 3219 a.
2023 3155 2475 3238 1872—1877,
2503 3175 2679 3237 quam
2709 3159 3028 3220 editionem

422 3287 577 3329 nunc
606 3267 880 3348 pluribus
918 3267 1063 3329 locis
1094 3274 1426 3328 correctam
1455 3268 1703 3346 repetivi
1733 3314 1745 3326 .
1777 3282 2131 3345 quamquam
2162 3268 2319 3326 enim
2350 3268 2408 3326 in
2447 3268 2647 3346 priore
2685 3275 2852 3346 parte
2892 3264 3028 3327 libri

419 3375 667 3455 plurima
697 3393 834 3436 cum
864 3374 1098 3437 duobus
1126 3375 1294 3437 libris
1325 3374 1607 3436 Victorini
1636 3372 1708 3433 de
1739 3381 1866 3433 arte
1894 3375 2272 3452 grammatica
2311 3381 2370 3434 et
2407 3373 2480 3434 de
2512 3376 2717 3434 metris
2756 3382 2816 3433 et
2855 3372 3026 3434 hexa-

420 3492 609 3544 metro
647 3482 818 3563 plane
866 3486 1247 3544 consentiunt
1294 3485 1555 3561 itemque
1603 3483 1663 3542 in
1711 3482 2044 3560 posteriore
2091 3489 2257 3560 parte
2305 3481 2514 3541 similis
2561 3500 2890 3543 consensus
2937 3491 3029 3542 est

419 3608 554 3650 cum
583 3591 872 3652 institutis
902 3592 1118 3651 artium
1138 3589 1345 3670 Probi,
1376 3598 1572 3650 tamen
1603 3606 1720 3649 non
1753 3587 1945 3648 solum
1974 3587 2259 3667 quaedam
2291 3591 2516 3650 rectius
2546 3589 2700 3670 apud
2731 3589 3024 3651 Audacem

419 3715 591 3775 quam
622 3697 775 3776 apud
808 3697 937 3758 illos
974 3700 1211 3778 scripta,
1252 3698 1354 3757 sed
1395 3699 1569 3757 etiam
1609 3695 1738 3777 alia,
1776 3714 1926 3775 quae
1967 3695 2118 3775 apud
2151 3695 2280 3757 illos
2310 3699 2551 3758 omnino
2583 3716 2699 3757 uon
2732 3697 3026 3779 leguntur,

418 3804 610 3866 addita
659 3813 823 3885 sunt,
873 3823 1060 3884 eaque
1105 3807 1320 3883 partim
1361 3804 1515 3864 haud
1556 3803 1842 3884 vulgaria,
1889 3803 1991 3864 sed
2034 3823 2104 3864 ex
2143 3807 2477 3884 antiquiore
2516 3806 2784 3865 doctrina
2825 3809 3026 3886 petita,

419 3930 535 3989 quo
594 3912 788 3972 refero
849 3914 907 3970 iu
964 3913 1172 3990 primis
1230 3929 1295 3970 ea
1353 3929 1501 3989 quae
1560 3910 1632 3970 de
1690 3928 1970 3971 mensura
2026 3929 2075 3970 v.
2124 3930 2289 3986 aqua
2345 3929 2481 3971 cum
2540 3931 2714 3972 versu
2763 3911 3024 3973 Lucretii

422 4017 629 4078 tradita
676 4027 817 4078 suut
863 4037 916 4097 p.
966 4015 1033 4096 8,
1080 4018 1153 4078 de
1202 4019 1409 4077 metris
1456 4036 1593 4077 cum
1639 4016 1874 4077 duobus
1925 4017 2194 4078 versibus
2242 4017 2521 4078 Varronis
2569 4020 2796 4080 Atacini
2846 4027 2904 4079 et
2952 4019 3022 4079 de

418 4123 668 4204 pedibus
716 4141 993 4184 versuum
1041 4144 1096 4203 p.
1141 4122 1249 4205 12,
1297 4141 1413 4183 non
1466 4123 1621 4184 nulla
1670 4126 1729 4183 in
1778 4125 2339 4185 commentariisde
2387 4127 2825 4205 praepositione
2866 4136 2925 4187 et
2966 4130 3023 4187 in

417 4240 679 4292 extrema
726 4239 895 4310 parte
943 4229 1016 4290 de
1064 4229 1410 4291 accentibus
1459 4278 1470 4290 .
1522 4232 1715 4310 aptius
1762 4239 1963 4291 autem
2012 4248 2143 4291 esse
2191 4232 2379 4291 visum
2428 4240 2520 4291 est
2570 4240 2758 4293 totum
2805 4233 3021 4294 librum

419 4341 682 4417 quamvis
729 4355 904 4417 saepe
953 4355 1088 4397 cum
1146 4339 1219 4397 iis
1267 4355 1414 4416 quae
1475 4346 1645 4396 antea
1701 4336 1859 4397 edita
1914 4346 2083 4397 erant
2143 4340 2614 4398 consentientem
2671 4357 3024 4419 proponere,

418 4464 592 4524 quam
641 4463 707 4504 ea
756 4462 906 4523 quae
954 4446 1203 4504 maxime
1252 4444 1424 4524 digua
1475 4453 1675 4505 essent
1722 4447 2031 4524 memoria,
2090 4444 2145 4505 id
2205 4444 2360 4523 qnod
2421 4444 2559 4504 olim
2617 4449 3023 4528 promiseram,

418 4569 771 4632 excerpere,
831 4569 946 4630 quo
1004 4553 1227 4612 certius
1282 4550 1355 4611 de
1414 4558 1621 4611 natura
1680 4560 1738 4611 et
1795 4554 2144 4612 auctoritate
2201 4550 2339 4611 libri
2405 4552 2689 4612 iudicium
2753 4560 3020 4632 paratum

418 4667 576 4718 esset
631 4705 644 4718 .
703 4660 900 4736 itaque
948 4657 1264 4718 lectionem
1312 4657 1566 4718 duorum
1623 4657 1896 4719 codicum
1947 4677 2120 4718 manu
2170 4660 2555 4738 scriptorum,
2614 4659 2829 4737 quibus
2879 4679 3021 4721 usus

417 4782 576 4844 sum,
631 4765 919 4841 integram
978 4762 1244 4844 exhibui3
1306 4766 1365 4824 in
1422 4767 1863 4825 commentariis
1928 4766 2000 4825 de
2057 4774 2303 4825 accentu
2363 4767 2720 4843 scripturam
2778 4765 3021 4828 alterius

417 4869 636 4931 codicis
702 4869 1069 4931 Monacensis
1135 4869 1328 4930 addidi
1387 4919 1399 4931 .
1467 4890 1538 4931 ex
1603 4870 1888 4932 Victorini
1953 4872 2121 4933 libris
2187 4891 2252 4931 ea
2318 4890 2467 4951 quae
2543 4872 2612 4931 ad
2681 4882 3020 4954 corruptam
