3613 5528
610 407 740 472 372
1730 408 2074 464 DOSITHEI

608 614 824 657 nomen
871 596 1131 657 auctoris
1177 596 1237 656 in
1286 593 1489 655 codice
1537 594 1799 656 additum
1838 614 1957 656 non
1993 597 2247 678 invenit,
2293 604 2487 658 tamen
2525 597 2598 658 ad
2628 596 2976 659 Dositbeum
3014 600 3210 659 omnia

610 721 759 783 quae
788 704 849 763 iu
879 719 949 763 eo
980 703 1198 782 scripta
1234 710 1374 764 sunt
1401 702 1627 762 referre
1659 720 1777 763 uon
1806 701 2110 784 dubitavit,
2147 712 2462 784 propterea
2491 704 2646 785 quod
2689 722 2756 766 ea
2785 723 2940 788 pars,
2969 724 3118 785 quae
3146 707 3208 766 in

607 808 965 889 Sangallensi
995 828 1230 890 quoque
1261 809 1463 870 codice
1493 808 1709 889 legitur
1738 817 1797 870 et
1834 828 1904 870 ex
1942 810 2056 871 hoc
2086 829 2117 870 a
2146 809 2423 873 Goldasto
2452 811 2609 873 edita
2638 820 2783 894 erat,
2821 812 2933 873 hoc
2971 814 3207 873 nomine

604 919 886 997 inscripta
917 916 1235 978 ferebatur.
1284 915 1527 976 eandem
1557 919 1846 978 rationem
1868 925 2111 979 secutus
2140 926 2231 979 est
2249 917 2662 1000 Boeckinglus,
2690 938 2826 982 cum
2854 922 3206 1000 interpreta-

605 1033 801 1085 menta
829 1042 980 1103 quae
1009 1023 1155 1085 dixit
1175 1023 1437 1084 Dosithei
1457 1031 1693 1104 praeter
1722 1024 1948 1104 glossas
1967 1026 2162 1086 omnia
2183 1043 2331 1105 quae
2360 1026 2423 1086 in
2443 1024 2725 1088 Vossiano
2755 1026 2958 1087 codice
2987 1028 3207 1108 scripta

604 1141 762 1214 sunt,
807 1131 1067 1194 adhibito
1103 1140 1410 1212 praeterea
1450 1131 1812 1212 Sangallensi
1851 1132 2051 1193 codice
2092 1139 2153 1193 et
2190 1132 2523 1213 apographo
2564 1134 2941 1215 Scaligerano
2987 1134 3206 1196 codicis

602 1240 881 1316 Puteani,
942 1238 1099 1319 quod
1156 1257 1334 1319 supra
1392 1243 1873 1321 commemoravi,
1928 1240 2134 1302 ederet
2179 1241 2291 1302 hoc
2338 1241 2539 1324 titulo,
2594 1237 2895 1304 ‘Dosithei
2941 1244 3205 1322 magistri

605 1351 1274 1429 interpretamentomm
1320 1346 1471 1409 liber
1518 1350 1731 1410 tertius
1778 1367 1990 1430 graece
2039 1356 2101 1410 et
2145 1344 2363 1411 latine'.
2458 1349 2720 1412 Goldasti
2765 1357 2962 1411 autem
3010 1368 3203 1411 exem·

604 1454 767 1536 plum
832 1457 1094 1517 imitatus
1158 1456 1353 1516 omnia
1417 1473 1568 1535 quae
1625 1474 1697 1517 ex
1752 1456 1847 1516 his
1905 1456 2209 1518 codicibus
2270 1455 2454 1517 edidit
2506 1459 2683 1518 tertio
2740 1455 2890 1517 libro
2941 1455 3204 1517 Dosithei

606 1563 813 1624 tribuit
849 1611 862 1624 .
903 1565 1018 1625 iam
1065 1580 1204 1624 vero
1251 1564 1311 1623 in
1357 1562 1721 1643 praefatione
1767 1562 2141 1644 genealogiae
2187 1563 2400 1645 Hygini
2441 1567 2678 1626 iuventa
2727 1571 2821 1624 est
2855 1564 3204 1644 significatio

606 1672 913 1752 temporis,
977 1689 1094 1750 quo
1141 1689 1279 1732 eum
1325 1669 1542 1732 librum
1597 1688 1629 1730 a
1688 1688 1752 1730 se
1810 1669 2174 1751 descriptum
2233 1690 2363 1733 esse
2420 1673 2677 1751 scriptor
2731 1668 2952 1731 indicat
3014 1689 3069 1751 p.
3118 1667 3205 1732 65

604 1779 694 1840 ed.
742 1777 975 1860 Boeck„
1029 1773 1315 1862 Μαξίμῳ
1371 1770 1480 1838 καὶ
1533 1767 1762 1863 ’Ἀπρςο
1827 1767 2105 1851 ὑπάτοις
2169 1769 2296 1860 πρὸ
2364 1798 2406 1858 γ
2469 1774 2672 1840 εἰδῶν
2728 1776 3204 1859 Σεπτεμβρίων

593 1877 870 1965 ’Τγίνου
906 1884 1339 1967 γενεαλογίαν
1374 1881 1578 1946 πᾶσιν
1616 1875 1926 1965 γνωστὴν
1962 1879 2366 1967 μετέγραψα,
2414 1869 2566 1948 ἐν
2523 1906 2567 1968 ῃ
2606 1884 2869 1948 ἔσονται
2904 1884 3204 1960 πλείονες

605 1991 891 2073 ἱστορίαι
939 1986 1493 2074 διερμηνευμέναι
1541 1987 1615 2054 ἐν
1660 1985 1877 2078 τούτῳ
1922 1990 2013 2080 τῷ
2060 1991 2299 2078 βιβλίῳ
2348 1995 2623 2056 Maximo
2669 2002 2728 2056 et
2773 1996 2940 2072 Apro
2986 2012 3200 2056 consu·

602 2105 757 2163 libus
803 2105 982 2163 tertio
1028 2105 1107 2163 id.
1157 2102 1535 2177 Septembres
1580 2101 1816 2177 Hyyini
1852 2105 2274 2177 yenealoqiam
2320 2105 2594 2164 omnibus
2640 2111 2841 2163 notam
2887 2105 3201 2180 descripsi,

604 2213 665 2270 in
711 2227 834 2285 qua
880 2217 1062 2270 erunt
1100 2213 1310 2286 plures
1356 2210 1649 2269 historiae
1694 2212 2136 2285 interpretatae
2181 2213 2242 2270 in
2297 2212 2412 2272 hoc
2467 2210 2651 2285 libro,
2708 2211 2810 2289 qui
2863 2217 2958 2270 est
3012 2227 3202 2271 annus

602 2336 655 2396 p.
705 2315 840 2377 Chr.
888 2335 944 2376 n.
991 2313 1137 2377 207.
1211 2318 1409 2395 itaque
1467 2333 1603 2376 cum
1659 2324 1719 2377 et
1772 2315 1920 2376 haec
1974 2324 2034 2376 et
2088 2315 2316 2397 reIIqua
2363 2319 2558 2378 omnia
2606 2336 2757 2397 quae
2804 2336 2940 2379 cum
2989 2317 3202 2398 Hygini

602 2425 899 2501 excerptis
965 2424 1279 2483 coniuncta
1353 2430 1493 2483 suut
1556 2421 1838 2483 Dositheo
1901 2425 2185 2504 magistro
2250 2423 2687 2506 tribuerentur,
2751 2434 2915 2486 certo
2983 2425 3200 2486 indicio

601 2528 840 2591 definita
888 2549 1020 2591 esse
1068 2529 1376 2591 videbatur
1423 2535 1582 2590 aetas
1628 2531 2022 2612 grammatici,
2078 2530 2235 2611 quod
2290 2533 2546 2612 primuS,
2602 2534 2665 2593 ni
2712 2530 2905 2615 fallor,
2964 2531 3198 2593 Valcke-

603 2640 803 2699 narius
849 2657 904 2718 p.
959 2637 1080 2700 111
1131 2638 1244 2698 hoc
1292 2637 1629 2698 testimonio
1678 2655 1823 2698 usus
1869 2640 2286 2717 pronuntiavit.

782 2745 994 2807 Verum
1043 2754 1237 2807 tamen
1293 2746 1580 2807 incertam
1638 2764 1770 2807 esse
1827 2745 1978 2808 hanc
2033 2748 2569 2829 ratiocinationem,
2624 2766 2739 2827 qua
2786 2745 2957 2827 vulgo
3004 2749 3200 2809 omnia

602 2873 751 2935 quae
798 2853 920 2915 dixi
957 2852 1239 2914 Dositheo
1277 2851 1649 2935 tribuuntur,
1699 2852 2112 2916 animadvertit
2148 2855 2211 2916 A.
2240 2854 2598 2938 Boucherie,
2642 2856 2946 2935 professor
2974 2854 3198 2917 Monte-

601 2961 980 3042 pessulanuS,
1027 2960 1100 3022 de
1140 2960 1343 3022 codice
1381 2960 1898 3042 Montepessulano
1937 2959 2094 3044 306,
2142 2982 2212 3023 ex
2262 2982 2380 3043 quo
2427 2961 2637 3024 similia
2684 2961 2970 3042 quaedam
3015 2964 3198 3024 inter·

598 3077 965 3150 pretamenta
1011 3067 1220 3151 edidit,
1279 3068 1614 3149 disputans,
1670 3075 1937 3149 comptes
1992 3068 2215 3131 rendus
2269 3069 2375 3131 des
2430 3071 2674 3131 seances
2729 3070 2803 3130 de
2848 3069 3197 3132 l’Academie

599 3175 704 3237 des
758 3177 1143 3256 inscriptions
1208 3185 1268 3237 et
1332 3175 1515 3236 b'elles
1571 3173 1777 3235 lettres
1834 3194 1881 3235 a.
1934 3171 2101 3237 1868
2156 3195 2215 3256 p.
2260 3173 2387 3237 271
2447 3185 2507 3238 et
2561 3180 2791 3238 notices
2847 3185 2909 3239 et
2953 3181 3198 3240 extraits

598 3285 702 3345 des
750 3284 1107 3344 manuscrits
1154 3283 1225 3343 de
1273 3282 1326 3343 la
1373 3281 1775 3361 bibliotheque
1824 3281 2114 3343 nationale
2162 3300 2213 3343 v.
2258 3282 2446 3344 XXIII
2493 3280 2535 3344 2
2581 3277 2661 3367 (a.
2706 3278 2907 3369 1872)
2953 3306 3010 3366 p.
3048 3283 3196 3349 280.

597 3456 888 3525 diliqentia
948 3460 999 3509 et
1052 3455 1234 3510 studio
1288 3454 1645 3524 tramam-ipsi
1697 3455 1844 3508 hunc
1896 3454 2100 3508 librum
2149 3458 2254 3510 etc.
2310 3448 2585 3525 ὑδροχόος
2638 3458 2933 3527 aquariae,
2998 3453 3198 3528 ἰχθύες

586 3537 766 3606 pisces
801 3535 893 3606 (cf.
931 3535 1129 3590 Loevve
1164 3535 1352 3605 prodr.
1389 3550 1536 3604 corp.
1574 3534 1738 3603 gloss.
1776 3534 1879 3589 lat.
1917 3552 1968 3605 p.
2009 3537 2134 3605 206)
2173 3577 2186 3588 .
2222 3539 2354 3605 post
2397 3537 2500 3591 has
2537 3536 2745 3607 scripta
2780 3541 2910 3593 sunt
2946 3555 3014 3593 ea
3049 3557 3195 3609 quae

595 3633 764 3687 supra.
818 3613 1090 3685 indicavi,
1146 3614 1289 3671 sicut
1334 3632 1370 3670 a
1406 3615 1746 3685 Boeckingio
1793 3615 1946 3671 edita
1989 3617 2143 3684 sunt,
2189 3612 2527 3687 θαυμαστόν
2566 3613 2715 3672 ἔστιν
2751 3619 3066 3675 mirandum
3101 3625 3195 3675 est.

598 3728 662 3739 —
694 3693 805 3766 ἤδη
843 3692 1145 3767 ἐρχόμενος
1184 3695 1264 3759 εἰς
1301 3699 1603 3769 βαλανεῖον
1639 3697 1752 3751 iam
1787 3698 2005 3751 veniens
2041 3696 2115 3751 ad
2151 3696 2404 3752 balneum
2441 3740 2453 3753 .
2493 3698 2563 3752 de
2599 3699 2785 3754 aetate
2823 3698 3030 3754 codicis
3068 3716 3195 3755 cum

595 3779 729 3834 olim
768 3777 989 3834 diversa
1024 3779 1208 3832 essent
1232 3775 1478 3832 virorum
1507 3776 1797 3831 doctorum
1826 3775 2060 3845 iudicia,
2096 3775 2470 3847 Boeckingius
2496 3781 2723 3835 auctore
2752 3779 2942 3835 Geelio
2971 3781 3195 3836 saeculo

596 3857 889 3913 undecimo
928 3874 1038 3912 non
1076 3856 1447 3925 antiquiorem
1498 3874 1620 3912 esse
1663 3856 1870 3912 librum
1915 3856 2269 3912 adseveravit
2315 3900 2327 3913 .
2377 3859 2448 3913 ad
2496 3860 2748 3915 Isaacum
2793 3859 3054 3921 Vossium
3102 3861 3195 3916 ‘ex

595 3937 947 3993 Bibliotheca
973 3937 1279 3993 Christiani
1304 3937 1549 4008 Rumpfii
1576 3936 1835 4005 Mediei',
1873 3939 2019 3994 sicut
2052 3938 2108 3992 in
2147 3938 2330 4008 primo
2366 3939 2503 3995 folio
2541 3941 2747 3996 codicis
2783 3941 3049 4012 scriptum
3090 3944 3194 4011 est,

595 4018 814 4073 delatus
859 4020 981 4074 erat
1016 4060 1028 4073 .
1068 4035 1104 4073 a
1138 4018 1397 4089 Rumpfio
1437 4019 1673 4075 eundem
1729 4019 1979 4075 codicem
2033 4021 2302 4075 utendum
2353 4023 2648 4091 acceperat
2701 4020 3005 4077 Salmasius
3053 4022 3196 4077 haec

597 4097 842 4154 scribens
879 4098 948 4153 de
985 4100 1152 4154 modo
1208 4117 1499 4155 usurarum
1556 4117 1601 4155 c.
1644 4105 1709 4155 19
1747 4118 1800 4169 p.
1841 4104 1942 4154 877
1993 4100 2077 4154 ed.
2115 4101 2292 4172 Lugd.
2331 4101 2454 4156 Bat.
2503 4118 2552 4157 a.
2594 4108 2748 4168 1679,
2796 4104 2957 4156 vetus
3001 4105 3196 4158 auctor

597 4179 901 4235 Graeculus
937 4179 997 4234 in
1032 4178 1347 4251 fragmento
1385 4181 1455 4236 de
1490 4180 1635 4249 iure,
1674 4179 1830 4235 cuius
1866 4197 2026 4233 usum
2063 4181 2200 4235 mihi
2239 4181 2617 4236 commodavit
2655 4181 2991 4238 clarissimus
3018 4184 3192 4237 medi·

596 4260 753 4316 cinae
801 4259 997 4315 doctor
1043 4259 1388 4316 Christianus
1432 4262 1719 4332 Rumpfius
1765 4262 1989 4330 πρῶτον
2035 4252 2139 4316 οὖν
2175 4264 2387 4332 ἴδωμεν
2422 4259 2683 4316 ποταπόν
2722 4257 2894 4316 ἔστιν’
2945 4280 3068 4331 sqq.
3116 4265 3192 4332 (p.

596 4347 667 4395 46
704 4339 789 4395 ed.
827 4339 1074 4409 Boeck.).
1148 4339 1332 4395 minus
1371 4344 1585 4396 certum
1623 4344 1734 4409 est,
1770 4359 1903 4395 num
1942 4342 2137 4397 eodem
2174 4341 2367 4396 codice
2403 4358 2535 4396 usus
2583 4340 2659 4397 sit
2702 4341 2822 4411 ipse
2859 4340 3087 4396 Vossius
3124 4342 3197 4396 de

595 4419 848 4476 Dosithei
901 4419 1102 4491 glossis
1157 4422 1400 4478 scribens
1453 4422 1512 4478 in
1550 4421 1755 4478 Catull.
1808 4439 1863 4491 p.
1902 4428 1967 4476 97
2028 4421 2119 4476 ‘in
2156 4420 2368 4476 Glossis
2415 4421 2699 4476 veteribus
2753 4416 3057 4490 ἐκμαγεῖον
3093 4427 3197 4476 ter-

592 4503 809 4571 qorium
844 4500 1141 4571 exponitur
1176 4502 1268 4557 vel
1304 4505 1614 4571 tersorium,
1652 4505 1948 4572 utrumque
1985 4502 2133 4558 enim
2172 4501 2359 4556 dixere
2396 4503 2628 4556 veteres.
2703 4501 2767 4555 In
2804 4498 3016 4555 Glossis
3062 4517 3195 4556 vero

597 4581 850 4637 Dosithei
902 4577 1205 4652 ἐκμαγεῖον
1269 4585 1495 4639 mantile
1504 4626 1521 4652 ,
1592 4589 2019 4655 χειρεκμαγεῖον
2079 4598 2310 4650 mappa,
2384 4582 2443 4635 et
2512 4582 2928 4652 ποδεκμοιγεῐον
2993 4580 3192 4649 pedale

594 4659 892 4715 redditur’.
963 4679 1095 4716 nam
1132 4662 1276 4718 duae
1313 4679 1381 4718 ex
1426 4662 1514 4718 his
1560 4663 1763 4734 glossis
1813 4663 1873 4718 in
1910 4660 2260 4734 Sangallensi
2308 4660 2497 4715 codice
2550 4660 2836 4731 leguntur,
2891 4656 3196 4731 ἐκμαγεῖον

594 4741 849 4808 mantile,
884 4749 1310 4813 χειρεκμαγεῖον
1345 4761 1582 4814 mappa‚·
1616 4743 1788 4798 tertia
1823 4746 2239 4813 ποδεκμαγεῖον
2276 4743 2472 4813 pedale
2504 4741 2563 4797 in
2602 4740 2959 4813 Sangallensi
3001 4740 3195 4796 codice

595 4821 798 4877 omissa
853 4841 1030 4892 neque
1094 4823 1153 4878 in
1215 4823 1336 4894 ipso
1391 4823 1693 4890 Vossian0,
1756 4823 1902 4878 sicut
1964 4823 2257 4879 adnotavit
2311 4823 2713 4879 Valckenarius
2766 4822 2802 4875 l.
2858 4837 2906 4875 c.
2962 4839 3013 4891 p.
3074 4827 3195 4891 110,

596 4903 824 4958 inventa
861 4908 959 4959 est.
