3613 5528
1352 413 1447 468 DE
1505 410 2016 468 DIFFERENTIIS
2870 412 3000 477 529

396 525 441 562 p.
473 516 593 557 που.
622 516 728 556 2201
756 516 805 555 P.

580 600 1070 662 Commuuionem
1116 608 1177 660 et
1222 601 1719 661 communitatem.
1812 600 2204 659 communitas
2250 606 2342 658 est
2388 598 2859 659 communicandi
2904 617 3003 658 vo-

403 707 623 788 luntem,
671 709 1009 768 communio
1054 707 1317 787 undique
1363 709 1632 768 munitio.

579 814 910 876 Fultionem
958 822 1019 876 et
1066 815 1364 876 fulturam.
1449 797 1656 897 fultio,
1702 813 1841 874 dum
1890 815 1981 894 (ης
2029 812 2275 894 fultura,
2321 831 2459 875 cum
2503 814 2655 874 facta
2702 823 2808 875 est.

580 921 937 983 Maritimum
984 930 1044 982 et
1091 923 1401 983 marinum.
1492 922 1785 983 maritima
1832 921 1958 982 loca
1998 929 2140 982 sunt
2176 920 2266 981 vel
2301 939 2488 1002 prope
2526 939 2687 982 mare
2725 923 3005 982 introitus

350 1043 375 1083 5
405 1039 525 1112 est,
576 1032 798 1090 marina
845 1030 935 1090 vel
984 1032 1147 1091 navis
1194 1028 1284 1089 vel
1330 1028 1519 1090 belua.
1612 1052 1615 1055 ⁴

579 1135 869 1197 Ieiunium
909 1144 969 1196 et
1007 1138 1389 1197 ieiunitatem.
1473 1138 1760 1224 ieiunium
1809 1136 1936 1197 dies
1983 1143 2102 1216 est,
2147 1137 2424 1197 ieiunitas
2471 1137 2588 1198 cibi
2634 1136 3003 1199 abstinentia.

580 1243 891 1323 Elinguem
938 1255 997 1305 et
1043 1242 1421 1323 elinguatum.
1515 1243 1767 1323 elinguis
1803 1243 1982 1304 habet
2023 1243 2310 1325 linguam,
2357 1243 2459 1305 sed
2500 1263 2613 1305 usu
2650 1247 2780 1305 eius
2817 1253 3005 1326 caret3

405 1354 740 1433 elinguatus
785 1354 995 1413 amisit.
1036 1346 1047 1431 Ι

583 1460 960 1540 Suspicacem
1009 1468 1070 1520 et
1115 1461 1527 1540 suspiciosum.
1620 1460 1894 1540 suspicax
1942 1460 2161 1540 arguit,
2208 1461 2572 1539 suspiciosus
2619 1462 2848 1540 recipit.

328 1583 380 1622 ιο
583 1549 942 1627 Restiarium
988 1574 1048 1628 et
1092 1569 1432 1628 restionem.
1526 1568 1835 1627 restiarius
1882 1568 1985 1646 qui
2032 1566 2199 1648 facit,
2245 1569 2428 1628 restio
2476 1570 2578 1647 qui
2623 1567 2839 1628 vendit.

583 1675 901 1735 Austerum
940 1682 1001 1734 et
1039 1691 1328 1734 severum.
1403 1683 1678 1736 austerus
1716 1692 1927 1754 graeca
1964 1675 2422 1757 consuetudine,
2468 1693 2712 1735 severus
2749 1693 2782 1735 a
2819 1693 3007 1735 saevo.

585 1780 997 1860 Eloquentiam
1036 1791 1096 1842 et
1142 1780 1460 1861 eloquium.
1552 1782 1891 1861 eloquentia
1926 1782 2190 1862 perfecta
2228 1785 2317 1843 vis
2354 1784 2666 1865 orationiS‚
2709 1782 3008 1862 eloquium

409 1908 505 1950 ars
553 1890 857 1969 supposita
905 1888 1210 1949 commode
1259 1887 1591 1968 eloquendi.
2846 1896 2853 1902 “
2960 1956 2969 1964 .

587 1997 944 2057 Servitutem
1002 2003 1062 2056 et
1116 1996 1439 2057 servitium.
1541 1998 1795 2058 servitus
1855 2005 1946 2058 est
2003 1996 2114 2057 suh
2174 1997 2444 2080 domino,
2508 1999 2663 2058 servi
2727 1999 3005 2077 patientia

331 2118 383 2159 15
411 2106 720 2165 servitium
769 2105 922 2165 facit.

583 2209 1089 2292 vituperationem
1138 2219 1197 2272 et
1254 2210 1667 2291 culpationem.
1759 2214 2115 2292 vituperatio
2162 2215 2367 2274 vitium
2423 2221 2618 2293 parat,
2676 2211 2932 2291 culpatio
2979 2229 3011 2271 a

410 2317 580 2398 culpa
629 2320 852 2397 incipit.

588 2425 903 2487 Nominare
952 2434 1013 2487 et
1058 2425 1368 2507 appellare.
1461 2426 1783 2487 nominatio
1833 2428 2097 2486 nominat
2143 2445 2320 2506 quem
2366 2426 2646 2508 appellat;
2702 2425 3013 2506 appellatio

410 2533 756 2613 appellantis
823 2553 929 2593 vox
996 2543 1088 2594 est
1152 2535 1211 2592 in
1278 2532 1635 2612 ministerio,
1699 2540 1760 2592 et
1825 2531 2078 2612 appellat
2143 2532 2232 2593 vel
2287 2552 2321 2593 a
2374 2535 2708 2613 potentiore
2768 2543 3013 2612 propter

332 2656 386 2694 2⁰
412 2642 716 2722 iniuriam,
764 2640 854 2702 vel
902 2643 1135 2701 invocat
1180 2638 1460 2700 auxilium
1506 2641 1914 2720 magistram,
1962 2640 2052 2702 vel
2098 2659 2234 2701 cum
2280 2641 2592 2720 pecuniam
2640 2642 2918 2720 reposcit.

589 2748 725 2810 Tris
772 2756 831 2810 et
878 2756 1018 2810 tres,
1111 2748 1222 2808 tris
1267 2749 1327 2808 in
1376 2748 1709 2808 accusativo
1756 2766 1927 2830 casu,
1974 2756 2097 2808 tres
2142 2749 2201 2809 in
2243 2748 2599 2809 nominativo
2637 2755 2697 2808 et
2734 2748 3013 2808 vocativo.

590 2855 1015 2918 Necessitatem
1066 2863 1125 2915 et
1170 2854 1687 2915 necessitudinem.
1780 2854 2157 2916 necessitudo
2206 2855 2297 2914 vel
2343 2857 2647 2934 sanguinis
2694 2854 2783 2916 vel
2840 2855 3013 2915 meri-

412 2973 609 3026 torum
658 2982 795 3025 cum
850 2961 1340 3043 praeceptoribus
1385 2966 1482 3023 vel
1524 2980 1659 3023 cum
1706 2963 1939 3043 amicis3
1985 2964 2309 3023 necessitas
2353 2960 2717 3023 inmutabilis
2763 2980 2861 3023 res
2908 2969 3018 3042 est,
3130 3010 3137 3017 .

413 3082 482 3135 ut
527 3074 677 3133 mori
723 3071 1093 3131 necessitatis
1141 3078 1249 3129 est.

330 3193 384 3234 25
594 3179 806 3239 Serum
853 3185 913 3238 et
958 3195 1112 3238 sero.
1203 3195 1405 3238 serum
1452 3177 1524 3237 ad
1573 3179 1876 3256 negotium
1923 3178 2209 3257 pertinet,
2257 3195 2392 3239 sero
2439 3176 2512 3236 ad
2558 3184 2811 3258 tempus.

593 3284 783 3346 Decus
840 3292 900 3344 et
953 3283 1215 3364 gloriam.
1307 3283 1491 3344 decus
1546 3292 1639 3344 est
1693 3285 2159 3345 instrumentum
2216 3286 2535 3366 cuiusque,
2598 3284 2782 3364 gloria
2848 3285 3017 3363 quasi

413 3394 657 3455 honoris
703 3409 947 3453 merces,

594 3499 892 3560 Honorem
939 3505 999 3559 et
1044 3496 1294 3558 laudem.
1386 3497 1577 3557 honor
1623 3497 1926 3577 dignitatis
1971 3501 2402 3561 consummatio
2459 3499 2552 3561 vel
2606 3500 2879 3580 privatim
2927 3498 3016 3560 vel

415 3606 679 3689 publice,
727 3605 853 3666 laus
900 3604 1159 3665 secunda
1207 3606 1562 3666 existimatio
1611 3613 1772 3666 recte
1822 3605 2129 3668 sactorum.

331 3730 388 3769 so
593 3711 963 3774 Familiarem
1000 3720 1059 3773 et
1096 3710 1521 3772 familiaricum.
1606 3711 1890 3774 familiare
1929 3712 2001 3773 ad
2038 3712 2343 3775 dominum
2381 3732 2500 3774 non
2547 3714 2835 3795 refertur,
2882 3731 3017 3773 cum

416 3823 588 3882 amici
626 3818 940 3881 familiares
987 3821 1132 3900 sint3
1185 3818 1593 3880 familiaricum
1641 3819 1796 3898 quod
1838 3838 2009 3881 servo
2048 3822 2357 3902 competit,
2394 3830 2461 3881 ut
2498 3838 2702 3900 sagum
2740 3819 3016 3899 gladium.

595 4086 627 4134 4
679 4080 1022 4135 Maritimum
1069 4080 1226 4135 Beda
1281 4084 1491 4146 278,34
1539 4124 1550 4136 .
1600 4080 1751 4135 Inter
1797 4080 2141 4135 maritimum
2187 4081 2246 4136 et
2289 4080 2565 4136 marinum
2615 4123 2627 4134 .
2673 4079 3017 4135 maritimum

415 4160 729 4231 proximum
766 4160 909 4215 mari
946 4160 1221 4229 ostendit,
1259 4159 1537 4214 marinum
1574 4175 1640 4215 ex
1675 4159 1800 4229 ipso
1838 4159 1981 4215 mari
2017 4161 2131 4216 cod.
2172 4162 2354 4217 Mont.

593 4426 628 4474 4
664 4419 1006 4476 Maritimam
1053 4422 1113 4475 ei:
1157 4417 1431 4474 marinam
1466 4419 1534 4473 N
1562 4440 1580 4473 .·
1616 4418 1964 4474 Maritimum
2002 4450 2067 4459 —
2107 4420 2276 4476 belua.
2321 4436 2425 4475 om.
2462 4435 2522 4486 5,
2572 4418 2856 4475 maritima
2891 4421 3022 4474 sunt

416 4501 545 4555 loca
580 4501 723 4556 mari
757 4500 967 4568 vicina,
1004 4500 1221 4555 marina.
1256 4498 1414 4554 navis
1452 4500 1543 4554 vel
1579 4500 1749 4555 belua
1773 4500 1933 4556 Beda
2079 4508 2141 4558 11
2181 4519 2217 4556 a
2252 4517 2417 4556 saevo
2455 4515 2487 4558 5
2526 4516 2561 4554 a
2596 4516 2789 4555 seuero
2817 4499 2884 4553 N
2905 4523 2918 4553 =
2948 4502 3020 4568 cf.

419 4580 662 4637 Cassiod.
701 4582 766 4636 de
802 4581 1033 4651 orthoqr.
1063 4600 1126 4651 p.
1164 4587 1334 4650 181,2
1498 4585 1566 4634 13
1603 4581 1717 4652 ars]
1755 4598 1884 4651 pars
1921 4581 1989 4635 N
2000 4596 2034 4639 5
2198 4588 2265 4637 16
2300 4580 2488 4652 parat]
2527 4579 2677 4650 parit
2711 4580 2878 4635 editio
2914 4583 3019 4635 As-

417 4663 681 4717 censiana
720 4704 732 4715 .
770 4663 841 4729 cf.
880 4664 1087 4718 Donat.
1121 4663 1190 4717 in
1231 4662 1352 4717 Ter.
1389 4660 1568 4717 Andr.
1599 4664 1746 4730 prol.
1784 4667 1855 4717 15
1892 4662 2241 4731 vituperant,
2277 4661 2479 4717 vitium
2515 4659 2599 4714 rei
2635 4662 2836 4729 parant

422 4748 488 4797 19
525 4741 779 4812 appellat
814 4742 886 4797 ad
926 4741 1298 4812 potentiorem
1338 4740 1642 4796 Fabricius
1771 4748 1854 4802 ⁴20
1890 4741 1981 4796 vel
2018 4741 2266 4815 invocat]
2306 4746 2371 4798 nt
2394 4742 2623 4796 inuocat
2648 4755 2682 4797 5
2824 4747 2892 4795 23
2929 4741 3023 4796 vel

418 4827 548 4877 ante
585 4839 712 4876 cum
749 4838 850 4877 om.
888 4822 956 4875 N
968 4837 1003 4880 5
1163 4829 1233 4877 30
1269 4819 1570 4876 Familiare
1607 4824 1668 4878 et
1701 4821 2065 4877 familiarium
2103 4839 2137 4881 5
2296 4829 2361 4877 31
2400 4819 2825 4892 familiarieum]
2862 4819 3021 4875 fami-

418 4902 642 4958 liarium
682 4916 716 4961 5
