<?xml version="1.0" encoding="UTF-8"?>
<!DOCTYPE html PUBLIC "-//W3C//DTD XHTML 1.0 Transitional//EN"
    "http://www.w3.org/TR/xhtml1/DTD/xhtml1-transitional.dtd">
<html xmlns="http://www.w3.org/1999/xhtml" xml:lang="en" lang="en">
 <head>
  <title>
</title>
<meta http-equiv="Content-Type" content="text/html;charset=utf-8" />
  <meta name='ocr-system' content='tesseract 3.04.00' />
  <meta name='ocr-capabilities' content='ocr_page ocr_carea ocr_par ocr_line ocrx_word'/>
</head>
<body>
  <div class='ocr_page' id='page_1' title='image "./grammaticilatin09keilgoog_0101.png"; bbox 0 0 3613 5528; ppageno 0'>
   <div class='ocr_carea' id='block_1_1' title="bbox 1309 434 2968 502">
    <p class='ocr_par' dir='ltr' id='par_1_1' title="bbox 1309 434 2968 502">
     <span class='ocr_line' id='line_1_1' title="bbox 1309 434 2968 502; baseline 0 -15"><span class='ocrx_word' id='word_1_1' title='bbox 1309 434 1407 488; x_wconf 89' lang='lat' dir='ltr'><strong>DE</strong></span> <span class='ocrx_word' id='word_1_2' title='bbox 1444 434 2019 489; x_wconf 81' lang='lat' dir='ltr'><strong>ORTHOGRAPHIA</strong></span> <span class='ocrx_word' id='word_1_3' title='bbox 2890 439 2968 502; x_wconf 82' lang='lat'><strong>91</strong></span> 
     </span>
    </p>
   </div>
   <div class='ocr_carea' id='block_1_2' title="bbox 361 621 2987 4655">
    <p class='ocr_par' dir='ltr' id='par_1_2' title="bbox 363 621 2976 1218">
     <span class='ocr_line' id='line_1_2' title="bbox 368 621 2976 703; baseline 0 -21"><span class='ocrx_word' id='word_1_4' title='bbox 368 623 828 703; x_wconf 76' lang='lat' dir='ltr'><strong>demonstretur,</strong></span> <span class='ocrx_word' id='word_1_5' title='bbox 868 621 1011 700; x_wconf 87' lang='lat' dir='ltr'><strong>quid</strong></span> <span class='ocrx_word' id='word_1_6' title='bbox 1041 629 1287 701; x_wconf 88' lang='lat' dir='ltr'><strong>propter</strong></span> <span class='ocrx_word' id='word_1_7' title='bbox 1316 640 1674 683; x_wconf 89' lang='lat' dir='ltr'><strong>consensum</strong></span> <span class='ocrx_word' id='word_1_8' title='bbox 1706 621 1954 683; x_wconf 89' lang='lat' dir='ltr'><strong>aliorum</strong></span> <span class='ocrx_word' id='word_1_9' title='bbox 1984 625 2500 700; x_wconf 88' lang='lat' dir='ltr'><strong>grammaticorum</strong></span> <span class='ocrx_word' id='word_1_10' title='bbox 2533 625 2718 683; x_wconf 89' lang='lat' dir='ltr'><strong>veteri</strong></span> <span class='ocrx_word' id='word_1_11' title='bbox 2748 625 2976 684; x_wconf 90' lang='lat' dir='ltr'><strong>auctori</strong></span> 
     </span>
     <span class='ocr_line' id='line_1_3' title="bbox 365 727 2975 809; baseline 0 -20"><span class='ocrx_word' id='word_1_12' title='bbox 365 732 496 790; x_wconf 85' lang='lat' dir='ltr'><strong>iure</strong></span> <span class='ocrx_word' id='word_1_13' title='bbox 544 729 829 791; x_wconf 83' lang='lat' dir='ltr'><strong>vindicari</strong></span> <span class='ocrx_word' id='word_1_14' title='bbox 885 731 1092 809; x_wconf 82' lang='lat' dir='ltr'>possit,</span> <span class='ocrx_word' id='word_1_15' title='bbox 1149 736 1209 789; x_wconf 89' lang='lat' dir='ltr'><strong>et</strong></span> <span class='ocrx_word' id='word_1_16' title='bbox 1254 747 1405 808; x_wconf 90' lang='lat' dir='ltr'><strong>quae</strong></span> <span class='ocrx_word' id='word_1_17' title='bbox 1452 730 1541 788; x_wconf 84' lang='lat' dir='ltr'><strong>vis</strong></span> <span class='ocrx_word' id='word_1_18' title='bbox 1586 727 1680 787; x_wconf 91' lang='lat' dir='ltr'><strong>his</strong></span> <span class='ocrx_word' id='word_1_19' title='bbox 1726 727 1939 788; x_wconf 79' lang='lat' dir='ltr'><strong>libellis</strong></span> <span class='ocrx_word' id='word_1_20' title='bbox 1988 728 2301 789; x_wconf 89' lang='lat' dir='ltr'><strong>tribuenda</strong></span> <span class='ocrx_word' id='word_1_21' title='bbox 2349 731 2426 789; x_wconf 86' lang='lat' dir='ltr'><strong>sit</strong></span> <span class='ocrx_word' id='word_1_22' title='bbox 2471 728 2541 788; x_wconf 91' lang='lat' dir='ltr'><strong>ad</strong></span> <span class='ocrx_word' id='word_1_23' title='bbox 2592 747 2657 789; x_wconf 88' lang='lat' dir='ltr'><strong>ea</strong></span> <span class='ocrx_word' id='word_1_24' title='bbox 2707 748 2856 808; x_wconf 86' lang='lat' dir='ltr'><strong>quae</strong></span> <span class='ocrx_word' id='word_1_25' title='bbox 2904 729 2975 789; x_wconf 89' lang='lat' dir='ltr'><strong>ah</strong></span> 
     </span>
     <span class='ocr_line' id='line_1_4' title="bbox 367 833 2974 915; baseline -0.001 -18"><span class='ocrx_word' id='word_1_26' title='bbox 367 835 495 897; x_wconf 90' lang='lat' dir='ltr'><strong>aliis</strong></span> <span class='ocrx_word' id='word_1_27' title='bbox 554 855 624 897; x_wconf 86' lang='lat' dir='ltr'><strong>ex</strong></span> <span class='ocrx_word' id='word_1_28' title='bbox 680 835 779 896; x_wconf 92' lang='lat' dir='ltr'><strong>illo</strong></span> <span class='ocrx_word' id='word_1_29' title='bbox 837 836 1000 896; x_wconf 85' lang='lat' dir='ltr'><strong>sonte</strong></span> <span class='ocrx_word' id='word_1_30' title='bbox 1057 835 1314 895; x_wconf 85' lang='lat' dir='ltr'><strong>derivata</strong></span> <span class='ocrx_word' id='word_1_31' title='bbox 1375 842 1515 896; x_wconf 90' lang='lat' dir='ltr'><strong>sunt</strong></span> <span class='ocrx_word' id='word_1_32' title='bbox 1560 833 1903 913; x_wconf 88' lang='lat' dir='ltr'><strong>indaganda.</strong></span> <span class='ocrx_word' id='word_1_33' title='bbox 1988 837 2047 894; x_wconf 90' lang='lat' dir='ltr'><strong>in</strong></span> <span class='ocrx_word' id='word_1_34' title='bbox 2097 836 2352 896; x_wconf 75' lang='lat' dir='ltr'><strong>editione</strong></span> <span class='ocrx_word' id='word_1_35' title='bbox 2401 844 2597 897; x_wconf 88' lang='lat' dir='ltr'><strong>autem</strong></span> <span class='ocrx_word' id='word_1_36' title='bbox 2646 854 2714 896; x_wconf 87' lang='lat' dir='ltr'><strong>ex</strong></span> <span class='ocrx_word' id='word_1_37' title='bbox 2765 854 2974 915; x_wconf 87' lang='lat' dir='ltr'><strong>magno</strong></span> 
     </span>
     <span class='ocr_line' id='line_1_5' title="bbox 364 926 2975 1022; baseline -0 -19"><span class='ocrx_word' id='word_1_38' title='bbox 364 926 612 1003; x_wconf 80' lang='lat' dir='ltr'><strong>numero</strong></span> <span class='ocrx_word' id='word_1_39' title='bbox 660 943 925 1004; x_wconf 89' lang='lat' dir='ltr'><strong>locorum</strong></span> <span class='ocrx_word' id='word_1_40' title='bbox 975 944 1079 1022; x_wconf 87' lang='lat' dir='ltr'><strong>qui</strong></span> <span class='ocrx_word' id='word_1_41' title='bbox 1125 942 1242 1003; x_wconf 90' lang='lat' dir='ltr'><strong>huc</strong></span> <span class='ocrx_word' id='word_1_42' title='bbox 1287 944 1591 1022; x_wconf 76' lang='lat' dir='ltr'><strong>pertinent</strong></span> <span class='ocrx_word' id='word_1_43' title='bbox 1638 960 1741 1002; x_wconf 89' lang='lat' dir='ltr'><strong>eos</strong></span> <span class='ocrx_word' id='word_1_44' title='bbox 1789 940 2103 1021; x_wconf 82' lang='lat' dir='ltr'><strong>adscripsi,</strong></span> <span class='ocrx_word' id='word_1_45' title='bbox 2163 944 2221 1001; x_wconf 88' lang='lat' dir='ltr'><strong>in</strong></span> <span class='ocrx_word' id='word_1_46' title='bbox 2272 942 2490 1021; x_wconf 87' lang='lat' dir='ltr'><strong>quibus</strong></span> <span class='ocrx_word' id='word_1_47' title='bbox 2536 961 2752 1004; x_wconf 90' lang='lat' dir='ltr'><strong>nomen</strong></span> <span class='ocrx_word' id='word_1_48' title='bbox 2802 942 2975 1021; x_wconf 88' lang='lat' dir='ltr'><strong>Capri</strong></span> 
     </span>
     <span class='ocr_line' id='line_1_6' title="bbox 363 1048 2972 1130; baseline -0 -20"><span class='ocrx_word' id='word_1_49' title='bbox 363 1050 716 1130; x_wconf 88' lang='lat' dir='ltr'><strong>appellatum</strong></span> <span class='ocrx_word' id='word_1_50' title='bbox 764 1057 855 1111; x_wconf 90' lang='lat' dir='ltr'><strong>est</strong></span> <span class='ocrx_word' id='word_1_51' title='bbox 901 1048 988 1109; x_wconf 90' lang='lat' dir='ltr'><strong>vel</strong></span> <span class='ocrx_word' id='word_1_52' title='bbox 1038 1051 1140 1128; x_wconf 88' lang='lat' dir='ltr'><strong>qui</strong></span> <span class='ocrx_word' id='word_1_53' title='bbox 1187 1049 1256 1109; x_wconf 91' lang='lat' dir='ltr'><strong>ad</strong></span> <span class='ocrx_word' id='word_1_54' title='bbox 1307 1049 1731 1110; x_wconf 82' lang='lat' dir='ltr'><strong>emendandam</strong></span> <span class='ocrx_word' id='word_1_55' title='bbox 1780 1057 1841 1109; x_wconf 87' lang='lat' dir='ltr'><strong>et</strong></span> <span class='ocrx_word' id='word_1_56' title='bbox 1888 1050 2363 1110; x_wconf 84' lang='lat' dir='ltr'><strong>constituendam</strong></span> <span class='ocrx_word' id='word_1_57' title='bbox 2401 1051 2716 1111; x_wconf 87' lang='lat' dir='ltr'><strong>lectionem</strong></span> <span class='ocrx_word' id='word_1_58' title='bbox 2755 1049 2972 1128; x_wconf 87' lang='lat' dir='ltr'><strong>aliquid</strong></span> 
     </span>
     <span class='ocr_line' id='line_1_7' title="bbox 363 1158 694 1218; baseline 0 0"><span class='ocrx_word' id='word_1_59' title='bbox 363 1158 694 1218; x_wconf 82' lang='lat' dir='ltr'><strong>conferunt.</strong></span> 
     </span>
    </p>

    <p class='ocr_par' dir='ltr' id='par_1_3' title="bbox 361 1263 2978 2522">
     <span class='ocr_line' id='line_1_8' title="bbox 538 1263 2976 1345; baseline 0 -20"><span class='ocrx_word' id='word_1_60' title='bbox 538 1265 960 1325; x_wconf 85' lang='lat' dir='ltr'><strong>Recentiorum</strong></span> <span class='ocrx_word' id='word_1_61' title='bbox 1018 1271 1216 1324; x_wconf 90' lang='lat' dir='ltr'><strong>autem</strong></span> <span class='ocrx_word' id='word_1_62' title='bbox 1273 1266 1793 1342; x_wconf 87' lang='lat' dir='ltr'><strong>grammaticorum</strong></span> <span class='ocrx_word' id='word_1_63' title='bbox 1866 1265 2082 1345; x_wconf 86' lang='lat' dir='ltr'><strong>studia,</strong></span> <span class='ocrx_word' id='word_1_64' title='bbox 2149 1263 2367 1343; x_wconf 88' lang='lat' dir='ltr'><strong>quibus</strong></span> <span class='ocrx_word' id='word_1_65' title='bbox 2432 1264 2566 1324; x_wconf 83' lang='lat' dir='ltr'><strong>libri</strong></span> <span class='ocrx_word' id='word_1_66' title='bbox 2631 1266 2710 1325; x_wconf 92' lang='lat' dir='ltr'><strong>ita</strong></span> <span class='ocrx_word' id='word_1_67' title='bbox 2768 1267 2976 1326; x_wconf 89' lang='lat' dir='ltr'><strong>mutati</strong></span> 
     </span>
     <span class='ocr_line' id='line_1_9' title="bbox 363 1369 2978 1452; baseline -0 -20"><span class='ocrx_word' id='word_1_68' title='bbox 363 1380 528 1452; x_wconf 88' lang='lat' dir='ltr'><strong>sunt,</strong></span> <span class='ocrx_word' id='word_1_69' title='bbox 602 1378 668 1431; x_wconf 92' lang='lat' dir='ltr'><strong>ut</strong></span> <span class='ocrx_word' id='word_1_70' title='bbox 728 1372 1040 1432; x_wconf 85' lang='lat' dir='ltr'><strong>admodum</strong></span> <span class='ocrx_word' id='word_1_71' title='bbox 1105 1389 1290 1450; x_wconf 86' lang='lat' dir='ltr'><strong>pauca</strong></span> <span class='ocrx_word' id='word_1_72' title='bbox 1353 1389 1424 1430; x_wconf 85' lang='lat' dir='ltr'><strong>ex</strong></span> <span class='ocrx_word' id='word_1_73' title='bbox 1487 1380 1685 1431; x_wconf 84' lang='lat' dir='ltr'><strong>vetere</strong></span> <span class='ocrx_word' id='word_1_74' title='bbox 1749 1369 2018 1431; x_wconf 89' lang='lat' dir='ltr'><strong>ubertate</strong></span> <span class='ocrx_word' id='word_1_75' title='bbox 2082 1370 2590 1450; x_wconf 80' lang='lat' dir='ltr'><strong>relinquerentur,</strong></span> <span class='ocrx_word' id='word_1_76' title='bbox 2653 1389 2787 1431; x_wconf 89' lang='lat' dir='ltr'><strong>cum</strong></span> <span class='ocrx_word' id='word_1_77' title='bbox 2849 1370 2978 1431; x_wconf 90' lang='lat' dir='ltr'><strong>aliis</strong></span> 
     </span>
     <span class='ocr_line' id='line_1_10' title="bbox 362 1475 2977 1558; baseline 0 -21"><span class='ocrx_word' id='word_1_78' title='bbox 362 1478 594 1539; x_wconf 90' lang='lat' dir='ltr'><strong>indiciis</strong></span> <span class='ocrx_word' id='word_1_79' title='bbox 641 1486 768 1538; x_wconf 91' lang='lat' dir='ltr'><strong>tum</strong></span> <span class='ocrx_word' id='word_1_80' title='bbox 817 1497 887 1538; x_wconf 91' lang='lat' dir='ltr'><strong>eo</strong></span> <span class='ocrx_word' id='word_1_81' title='bbox 935 1486 1237 1558; x_wconf 84' lang='lat' dir='ltr'><strong>apparent,</strong></span> <span class='ocrx_word' id='word_1_82' title='bbox 1289 1478 1445 1556; x_wconf 91' lang='lat' dir='ltr'><strong>quod</strong></span> <span class='ocrx_word' id='word_1_83' title='bbox 1495 1480 1556 1538; x_wconf 89' lang='lat' dir='ltr'><strong>in</strong></span> <span class='ocrx_word' id='word_1_84' title='bbox 1596 1477 1793 1538; x_wconf 88' lang='lat' dir='ltr'><strong>libello</strong></span> <span class='ocrx_word' id='word_1_85' title='bbox 1833 1476 1905 1536; x_wconf 92' lang='lat' dir='ltr'><strong>de</strong></span> <span class='ocrx_word' id='word_1_86' title='bbox 1946 1475 2362 1557; x_wconf 86' lang='lat' dir='ltr'><strong>orthographia</strong></span> <span class='ocrx_word' id='word_1_87' title='bbox 2404 1495 2578 1556; x_wconf 87' lang='lat' dir='ltr'><strong>saepe</strong></span> <span class='ocrx_word' id='word_1_88' title='bbox 2616 1477 2977 1539; x_wconf 85' lang='lat' dir='ltr'><strong>hexametris</strong></span> 
     </span>
     <span class='ocr_line' id='line_1_11' title="bbox 362 1583 2976 1664; baseline 0.002 -22"><span class='ocrx_word' id='word_1_89' title='bbox 362 1583 631 1646; x_wconf 84' lang='lat' dir='ltr'><strong>versibus</strong></span> <span class='ocrx_word' id='word_1_90' title='bbox 670 1586 949 1646; x_wconf 86' lang='lat' dir='ltr'><strong>adstricta</strong></span> <span class='ocrx_word' id='word_1_91' title='bbox 990 1585 1308 1646; x_wconf 89' lang='lat' dir='ltr'><strong>traduntur</strong></span> <span class='ocrx_word' id='word_1_92' title='bbox 1346 1592 1676 1664; x_wconf 87' lang='lat' dir='ltr'><strong>praecepta.</strong></span> <span class='ocrx_word' id='word_1_93' title='bbox 1744 1584 1902 1664; x_wconf 90' lang='lat' dir='ltr'><strong>quod</strong></span> <span class='ocrx_word' id='word_1_94' title='bbox 1941 1586 2169 1662; x_wconf 89' lang='lat' dir='ltr'><strong>primus</strong></span> <span class='ocrx_word' id='word_1_95' title='bbox 2198 1583 2608 1644; x_wconf 88' lang='lat' dir='ltr'><strong>Lachmannus</strong></span> <span class='ocrx_word' id='word_1_96' title='bbox 2652 1587 2709 1644; x_wconf 86' lang='lat' dir='ltr'><strong>in</strong></span> <span class='ocrx_word' id='word_1_97' title='bbox 2740 1584 2976 1646; x_wconf 87' lang='lat' dir='ltr'><strong>Lucret.</strong></span> 
     </span>
     <span class='ocr_line' id='line_1_12' title="bbox 361 1688 2974 1771; baseline 0.001 -22"><span class='ocrx_word' id='word_1_98' title='bbox 361 1710 415 1770; x_wconf 86' lang='lat' dir='ltr'><strong>p.</strong></span> <span class='ocrx_word' id='word_1_99' title='bbox 465 1688 592 1752; x_wconf 84' lang='lat'><strong>357</strong></span> <span class='ocrx_word' id='word_1_100' title='bbox 652 1691 1077 1752; x_wconf 86' lang='lat' dir='ltr'><strong>animadvertit.</strong></span> <span class='ocrx_word' id='word_1_101' title='bbox 1164 1710 1520 1771; x_wconf 87' lang='lat' dir='ltr'><strong>quamquam</strong></span> <span class='ocrx_word' id='word_1_102' title='bbox 1581 1698 1777 1752; x_wconf 88' lang='lat' dir='ltr'><strong>autem</strong></span> <span class='ocrx_word' id='word_1_103' title='bbox 1828 1694 1886 1750; x_wconf 89' lang='lat' dir='ltr'><strong>in</strong></span> <span class='ocrx_word' id='word_1_104' title='bbox 1934 1689 2102 1751; x_wconf 82' lang='lat' dir='ltr'><strong>libris</strong></span> <span class='ocrx_word' id='word_1_105' title='bbox 2151 1709 2329 1750; x_wconf 91' lang='lat' dir='ltr'><strong>manu</strong></span> <span class='ocrx_word' id='word_1_106' title='bbox 2375 1693 2617 1770; x_wconf 88' lang='lat' dir='ltr'><strong>scriptis</strong></span> <span class='ocrx_word' id='word_1_107' title='bbox 2666 1694 2767 1769; x_wconf 88' lang='lat' dir='ltr'><strong>qui</strong></span> <span class='ocrx_word' id='word_1_108' title='bbox 2815 1710 2974 1753; x_wconf 90' lang='lat' dir='ltr'><strong>nunc</strong></span> 
     </span>
     <span class='ocr_line' id='line_1_13' title="bbox 362 1799 2975 1879; baseline 0 -20"><span class='ocrx_word' id='word_1_109' title='bbox 362 1806 505 1860; x_wconf 89' lang='lat' dir='ltr'><strong>sunt</strong></span> <span class='ocrx_word' id='word_1_110' title='bbox 552 1817 724 1859; x_wconf 90' lang='lat' dir='ltr'><strong>omne</strong></span> <span class='ocrx_word' id='word_1_111' title='bbox 784 1799 897 1859; x_wconf 91' lang='lat' dir='ltr'><strong>hoc</strong></span> <span class='ocrx_word' id='word_1_112' title='bbox 953 1816 1233 1859; x_wconf 87' lang='lat' dir='ltr'><strong>versuum</strong></span> <span class='ocrx_word' id='word_1_113' title='bbox 1291 1799 1607 1859; x_wconf 85' lang='lat' dir='ltr'><strong>artificium</strong></span> <span class='ocrx_word' id='word_1_114' title='bbox 1665 1800 1950 1859; x_wconf 89' lang='lat' dir='ltr'><strong>omissum</strong></span> <span class='ocrx_word' id='word_1_115' title='bbox 2011 1805 2071 1858; x_wconf 86' lang='lat' dir='ltr'><strong>et</strong></span> <span class='ocrx_word' id='word_1_116' title='bbox 2127 1816 2300 1877; x_wconf 89' lang='lat' dir='ltr'><strong>saepe</strong></span> <span class='ocrx_word' id='word_1_117' title='bbox 2360 1801 2535 1858; x_wconf 91' lang='lat' dir='ltr'><strong>etiam</strong></span> <span class='ocrx_word' id='word_1_118' title='bbox 2597 1802 2975 1879; x_wconf 86' lang='lat' dir='ltr'><strong>transpositis</strong></span> 
     </span>
     <span class='ocr_line' id='line_1_14' title="bbox 364 1904 2976 1983; baseline 0.002 -20"><span class='ocrx_word' id='word_1_119' title='bbox 364 1905 455 1965; x_wconf 87' lang='lat' dir='ltr'><strong>vel</strong></span> <span class='ocrx_word' id='word_1_120' title='bbox 504 1907 737 1966; x_wconf 88' lang='lat' dir='ltr'><strong>omissis</strong></span> <span class='ocrx_word' id='word_1_121' title='bbox 785 1904 979 1965; x_wconf 89' lang='lat' dir='ltr'><strong>verbis</strong></span> <span class='ocrx_word' id='word_1_122' title='bbox 1018 1905 1279 1965; x_wconf 88' lang='lat' dir='ltr'><strong>deletum</strong></span> <span class='ocrx_word' id='word_1_123' title='bbox 1318 1914 1426 1979; x_wconf 90' lang='lat' dir='ltr'><strong>est,</strong></span> <span class='ocrx_word' id='word_1_124' title='bbox 1477 1914 1672 1965; x_wconf 88' lang='lat' dir='ltr'><strong>tamen</strong></span> <span class='ocrx_word' id='word_1_125' title='bbox 1712 1906 1955 1983; x_wconf 84' lang='lat' dir='ltr'><strong>vestigia</strong></span> <span class='ocrx_word' id='word_1_126' title='bbox 1996 1923 2382 1966; x_wconf 88' lang='lat' dir='ltr'><strong>numerorum</strong></span> <span class='ocrx_word' id='word_1_127' title='bbox 2422 1908 2563 1966; x_wconf 88' lang='lat' dir='ltr'><strong>satis</strong></span> <span class='ocrx_word' id='word_1_128' title='bbox 2601 1915 2762 1967; x_wconf 88' lang='lat' dir='ltr'><strong>certa</strong></span> <span class='ocrx_word' id='word_1_129' title='bbox 2802 1909 2976 1967; x_wconf 87' lang='lat' dir='ltr'><strong>etiam</strong></span> 
     </span>
     <span class='ocr_line' id='line_1_15' title="bbox 366 2010 2974 2091; baseline 0 -19"><span class='ocrx_word' id='word_1_130' title='bbox 366 2030 527 2072; x_wconf 89' lang='lat' dir='ltr'><strong>nunc</strong></span> <span class='ocrx_word' id='word_1_131' title='bbox 572 2012 777 2073; x_wconf 86' lang='lat' dir='ltr'><strong>relicta</strong></span> <span class='ocrx_word' id='word_1_132' title='bbox 824 2020 978 2073; x_wconf 88' lang='lat' dir='ltr'><strong>sunt.</strong></span> <span class='ocrx_word' id='word_1_133' title='bbox 1055 2031 1087 2072; x_wconf 89' lang='lat' dir='ltr'><strong>e</strong></span> <span class='ocrx_word' id='word_1_134' title='bbox 1135 2011 1351 2091; x_wconf 89' lang='lat' dir='ltr'><strong>quibus</strong></span> <span class='ocrx_word' id='word_1_135' title='bbox 1399 2012 1543 2071; x_wconf 89' lang='lat' dir='ltr'><strong>haec</strong></span> <span class='ocrx_word' id='word_1_136' title='bbox 1592 2013 1652 2071; x_wconf 91' lang='lat' dir='ltr'><strong>in</strong></span> <span class='ocrx_word' id='word_1_137' title='bbox 1712 2010 1931 2090; x_wconf 86' lang='lat' dir='ltr'><strong>quibus</strong></span> <span class='ocrx_word' id='word_1_138' title='bbox 1977 2013 2195 2090; x_wconf 83' lang='lat' dir='ltr'><strong>integri</strong></span> <span class='ocrx_word' id='word_1_139' title='bbox 2243 2030 2451 2072; x_wconf 86' lang='lat' dir='ltr'><strong>versus</strong></span> <span class='ocrx_word' id='word_1_140' title='bbox 2498 2020 2599 2072; x_wconf 90' lang='lat' dir='ltr'><strong>aut</strong></span> <span class='ocrx_word' id='word_1_141' title='bbox 2645 2014 2770 2091; x_wconf 88' lang='lat' dir='ltr'><strong>ipsa</strong></span> <span class='ocrx_word' id='word_1_142' title='bbox 2819 2012 2974 2072; x_wconf 85' lang='lat' dir='ltr'><strong>codi-</strong></span> 
     </span>
     <span class='ocr_line' id='line_1_16' title="bbox 367 2117 2977 2199; baseline 0 -21"><span class='ocrx_word' id='word_1_143' title='bbox 367 2137 505 2179; x_wconf 91' lang='lat' dir='ltr'><strong>cum</strong></span> <span class='ocrx_word' id='word_1_144' title='bbox 552 2120 845 2199; x_wconf 86' lang='lat' dir='ltr'><strong>scriptura</strong></span> <span class='ocrx_word' id='word_1_145' title='bbox 893 2121 1110 2179; x_wconf 82' lang='lat' dir='ltr'><strong>servati</strong></span> <span class='ocrx_word' id='word_1_146' title='bbox 1156 2127 1327 2179; x_wconf 89' lang='lat' dir='ltr'><strong>erant</strong></span> <span class='ocrx_word' id='word_1_147' title='bbox 1373 2126 1474 2178; x_wconf 89' lang='lat' dir='ltr'><strong>aut</strong></span> <span class='ocrx_word' id='word_1_148' title='bbox 1536 2118 1691 2178; x_wconf 82' lang='lat' dir='ltr'><strong>sacili</strong></span> <span class='ocrx_word' id='word_1_149' title='bbox 1740 2120 2082 2179; x_wconf 87' lang='lat' dir='ltr'><strong>coniectura</strong></span> <span class='ocrx_word' id='word_1_150' title='bbox 2131 2120 2369 2179; x_wconf 87' lang='lat' dir='ltr'><strong>restitui</strong></span> <span class='ocrx_word' id='word_1_151' title='bbox 2410 2125 2682 2197; x_wconf 88' lang='lat' dir='ltr'><strong>poterant</strong></span> <span class='ocrx_word' id='word_1_152' title='bbox 2718 2117 2790 2178; x_wconf 88' lang='lat' dir='ltr'><strong>ad</strong></span> <span class='ocrx_word' id='word_1_153' title='bbox 2836 2138 2977 2179; x_wconf 84' lang='lat' dir='ltr'><strong>suos</strong></span> 
     </span>
     <span class='ocr_line' id='line_1_17' title="bbox 367 2224 2975 2307; baseline 0 -21"><span class='ocrx_word' id='word_1_154' title='bbox 367 2244 648 2287; x_wconf 88' lang='lat' dir='ltr'><strong>numeros</strong></span> <span class='ocrx_word' id='word_1_155' title='bbox 695 2229 988 2307; x_wconf 82' lang='lat' dir='ltr'><strong>revocavi3</strong></span> <span class='ocrx_word' id='word_1_156' title='bbox 1035 2228 1096 2287; x_wconf 88' lang='lat' dir='ltr'><strong>in</strong></span> <span class='ocrx_word' id='word_1_157' title='bbox 1142 2226 1287 2303; x_wconf 80' lang='lat' dir='ltr'><strong>aliis,</strong></span> <span class='ocrx_word' id='word_1_158' title='bbox 1334 2227 1394 2284; x_wconf 90' lang='lat' dir='ltr'><strong>in</strong></span> <span class='ocrx_word' id='word_1_159' title='bbox 1443 2224 1660 2303; x_wconf 89' lang='lat' dir='ltr'><strong>quibus</strong></span> <span class='ocrx_word' id='word_1_160' title='bbox 1709 2243 1826 2285; x_wconf 87' lang='lat' dir='ltr'><strong>non</strong></span> <span class='ocrx_word' id='word_1_161' title='bbox 1878 2227 2070 2285; x_wconf 89' lang='lat' dir='ltr'><strong>minus</strong></span> <span class='ocrx_word' id='word_1_162' title='bbox 2118 2233 2279 2285; x_wconf 88' lang='lat' dir='ltr'><strong>certa</strong></span> <span class='ocrx_word' id='word_1_163' title='bbox 2327 2242 2714 2285; x_wconf 89' lang='lat' dir='ltr'><strong>numerorum</strong></span> <span class='ocrx_word' id='word_1_164' title='bbox 2761 2225 2975 2286; x_wconf 89' lang='lat' dir='ltr'><strong>indicia</strong></span> 
     </span>
     <span class='ocr_line' id='line_1_18' title="bbox 366 2331 2976 2414; baseline -0.001 -20"><span class='ocrx_word' id='word_1_165' title='bbox 366 2342 677 2414; x_wconf 85' lang='lat' dir='ltr'><strong>apparent,</strong></span> <span class='ocrx_word' id='word_1_166' title='bbox 734 2332 835 2393; x_wconf 91' lang='lat' dir='ltr'><strong>sed</strong></span> <span class='ocrx_word' id='word_1_167' title='bbox 898 2334 969 2393; x_wconf 85' lang='lat' dir='ltr'><strong>ad</strong></span> <span class='ocrx_word' id='word_1_168' title='bbox 1020 2351 1226 2393; x_wconf 83' lang='lat' dir='ltr'><strong>versus</strong></span> <span class='ocrx_word' id='word_1_169' title='bbox 1275 2331 1787 2392; x_wconf 88' lang='lat' dir='ltr'><strong>reconcinnandos</strong></span> <span class='ocrx_word' id='word_1_170' title='bbox 1835 2331 1927 2391; x_wconf 83' lang='lat' dir='ltr'><strong>vel</strong></span> <span class='ocrx_word' id='word_1_171' title='bbox 1974 2331 2338 2411; x_wconf 86' lang='lat' dir='ltr'><strong>supplendos</strong></span> <span class='ocrx_word' id='word_1_172' title='bbox 2385 2333 2604 2392; x_wconf 90' lang='lat' dir='ltr'><strong>maiore</strong></span> <span class='ocrx_word' id='word_1_173' title='bbox 2652 2334 2976 2392; x_wconf 88' lang='lat' dir='ltr'><strong>mutatione</strong></span> 
     </span>
     <span class='ocr_line' id='line_1_19' title="bbox 365 2439 2976 2522; baseline 0 -22"><span class='ocrx_word' id='word_1_174' title='bbox 365 2459 518 2520; x_wconf 88' lang='lat' dir='ltr'><strong>opus</strong></span> <span class='ocrx_word' id='word_1_175' title='bbox 565 2440 692 2522; x_wconf 83' lang='lat' dir='ltr'><strong>suit,</strong></span> <span class='ocrx_word' id='word_1_176' title='bbox 740 2440 1011 2502; x_wconf 88' lang='lat' dir='ltr'><strong>codicum</strong></span> <span class='ocrx_word' id='word_1_177' title='bbox 1057 2440 1373 2500; x_wconf 87' lang='lat' dir='ltr'><strong>lectionem</strong></span> <span class='ocrx_word' id='word_1_178' title='bbox 1421 2441 1681 2500; x_wconf 91' lang='lat' dir='ltr'><strong>retinere</strong></span> <span class='ocrx_word' id='word_1_179' title='bbox 1730 2456 1907 2516; x_wconf 87' lang='lat' dir='ltr'><strong>quam</strong></span> <span class='ocrx_word' id='word_1_180' title='bbox 1954 2441 2200 2498; x_wconf 86' lang='lat' dir='ltr'><strong>incertis</strong></span> <span class='ocrx_word' id='word_1_181' title='bbox 2248 2441 2609 2499; x_wconf 88' lang='lat' dir='ltr'><strong>coniecturis</strong></span> <span class='ocrx_word' id='word_1_182' title='bbox 2656 2442 2743 2499; x_wconf 90' lang='lat' dir='ltr'><strong>uti</strong></span> <span class='ocrx_word' id='word_1_183' title='bbox 2782 2439 2976 2500; x_wconf 88' lang='lat' dir='ltr'><strong>malui.</strong></span> 
     </span>
    </p>

    <p class='ocr_par' dir='ltr' id='par_1_4' title="bbox 366 2545 2987 4655">
     <span class='ocr_line' id='line_1_20' title="bbox 545 2545 2976 2628; baseline -0 -22"><span class='ocrx_word' id='word_1_184' title='bbox 545 2547 710 2627; x_wconf 80' lang='lat' dir='ltr'><strong>Apud</strong></span> <span class='ocrx_word' id='word_1_185' title='bbox 742 2550 1156 2628; x_wconf 89' lang='lat' dir='ltr'><strong>grammaticos</strong></span> <span class='ocrx_word' id='word_1_186' title='bbox 1184 2548 1484 2607; x_wconf 84' lang='lat' dir='ltr'><strong>inferioris</strong></span> <span class='ocrx_word' id='word_1_187' title='bbox 1515 2547 1722 2606; x_wconf 88' lang='lat' dir='ltr'><strong>aetatis</strong></span> <span class='ocrx_word' id='word_1_188' title='bbox 1751 2563 1871 2605; x_wconf 90' lang='lat' dir='ltr'><strong>non</strong></span> <span class='ocrx_word' id='word_1_189' title='bbox 1910 2546 2110 2604; x_wconf 82' lang='lat' dir='ltr'><strong>inveni</strong></span> <span class='ocrx_word' id='word_1_190' title='bbox 2149 2545 2362 2605; x_wconf 88' lang='lat' dir='ltr'><strong>horum</strong></span> <span class='ocrx_word' id='word_1_191' title='bbox 2402 2545 2689 2605; x_wconf 88' lang='lat' dir='ltr'><strong>librorum</strong></span> <span class='ocrx_word' id='word_1_192' title='bbox 2730 2546 2976 2605; x_wconf 91' lang='lat' dir='ltr'><strong>mentio-</strong></span> 
     </span>
     <span class='ocr_line' id='line_1_21' title="bbox 367 2651 2976 2732; baseline -0.001 -18"><span class='ocrx_word' id='word_1_193' title='bbox 367 2673 502 2714; x_wconf 91' lang='lat' dir='ltr'><strong>nem</strong></span> <span class='ocrx_word' id='word_1_194' title='bbox 550 2655 759 2715; x_wconf 79' lang='lat' dir='ltr'><strong>factam</strong></span> <span class='ocrx_word' id='word_1_195' title='bbox 809 2672 939 2714; x_wconf 90' lang='lat' dir='ltr'><strong>esse</strong></span> <span class='ocrx_word' id='word_1_196' title='bbox 977 2661 1111 2714; x_wconf 85' lang='lat' dir='ltr'><strong>ante</strong></span> <span class='ocrx_word' id='word_1_197' title='bbox 1150 2654 1520 2732; x_wconf 75' lang='lat' dir='ltr'><strong>Agroecium,</strong></span> <span class='ocrx_word' id='word_1_198' title='bbox 1569 2655 1669 2732; x_wconf 89' lang='lat' dir='ltr'><strong>qui</strong></span> <span class='ocrx_word' id='word_1_199' title='bbox 1709 2653 1769 2713; x_wconf 94' lang='lat' dir='ltr'><strong>in</strong></span> <span class='ocrx_word' id='word_1_200' title='bbox 1809 2653 2061 2731; x_wconf 88' lang='lat' dir='ltr'><strong>epistula</strong></span> <span class='ocrx_word' id='word_1_201' title='bbox 2101 2653 2170 2712; x_wconf 90' lang='lat' dir='ltr'><strong>ad</strong></span> <span class='ocrx_word' id='word_1_202' title='bbox 2211 2651 2573 2712; x_wconf 87' lang='lat' dir='ltr'><strong>Eucherium</strong></span> <span class='ocrx_word' id='word_1_203' title='bbox 2613 2653 2976 2732; x_wconf 89' lang='lat' dir='ltr'><strong>episcopum,</strong></span> 
     </span>
     <span class='ocr_line' id='line_1_22' title="bbox 367 2755 2976 2842; baseline -0.002 -19"><span class='ocrx_word' id='word_1_204' title='bbox 367 2763 464 2823; x_wconf 89' lang='lat' dir='ltr'><strong>cui</strong></span> <span class='ocrx_word' id='word_1_205' title='bbox 512 2781 684 2823; x_wconf 86' lang='lat' dir='ltr'><strong>suum</strong></span> <span class='ocrx_word' id='word_1_206' title='bbox 731 2761 950 2823; x_wconf 87' lang='lat' dir='ltr'><strong>librum</strong></span> <span class='ocrx_word' id='word_1_207' title='bbox 995 2761 1303 2842; x_wconf 88' lang='lat' dir='ltr'><strong>dedicavit,</strong></span> <span class='ocrx_word' id='word_1_208' title='bbox 1349 2779 1403 2840; x_wconf 94' lang='lat' dir='ltr'><strong>p.</strong></span> <span class='ocrx_word' id='word_1_209' title='bbox 1455 2755 1631 2821; x_wconf 77' lang='lat'>2265</span> <span class='ocrx_word' id='word_1_210' title='bbox 1678 2758 1852 2839; x_wconf 88' lang='lat' dir='ltr'><strong>Capri</strong></span> <span class='ocrx_word' id='word_1_211' title='bbox 1899 2757 2161 2820; x_wconf 89' lang='lat' dir='ltr'><strong>libellum</strong></span> <span class='ocrx_word' id='word_1_212' title='bbox 2208 2758 2282 2819; x_wconf 90' lang='lat' dir='ltr'><strong>de</strong></span> <span class='ocrx_word' id='word_1_213' title='bbox 2330 2758 2746 2838; x_wconf 84' lang='lat' dir='ltr'><strong>orthographia</strong></span> <span class='ocrx_word' id='word_1_214' title='bbox 2794 2758 2866 2819; x_wconf 89' lang='lat' dir='ltr'><strong>ab</strong></span> <span class='ocrx_word' id='word_1_215' title='bbox 2905 2778 2976 2819; x_wconf 92' lang='lat' dir='ltr'><strong>eo</strong></span> 
     </span>
     <span class='ocr_line' id='line_1_23' title="bbox 366 2853 2987 2947; baseline -0.002 -18"><span class='ocrx_word' id='word_1_216' title='bbox 366 2869 436 2929; x_wconf 89' lang='lat' dir='ltr'><strong>ad</strong></span> <span class='ocrx_word' id='word_1_217' title='bbox 494 2888 558 2928; x_wconf 90' lang='lat' dir='ltr'><strong>se</strong></span> <span class='ocrx_word' id='word_1_218' title='bbox 615 2871 863 2929; x_wconf 88' lang='lat' dir='ltr'><strong>missum</strong></span> <span class='ocrx_word' id='word_1_219' title='bbox 919 2887 1101 2947; x_wconf 87' lang='lat' dir='ltr'><strong>seque</strong></span> <span class='ocrx_word' id='word_1_220' title='bbox 1157 2885 1226 2927; x_wconf 89' lang='lat' dir='ltr'><strong>ea</strong></span> <span class='ocrx_word' id='word_1_221' title='bbox 1283 2886 1348 2926; x_wconf 91' lang='lat' dir='ltr'><strong>re</strong></span> <span class='ocrx_word' id='word_1_222' title='bbox 1409 2875 1771 2927; x_wconf 89' lang='lat' dir='ltr'><strong>commotum</strong></span> <span class='ocrx_word' id='word_1_223' title='bbox 1827 2884 1958 2926; x_wconf 89' lang='lat' dir='ltr'><strong>esse</strong></span> <span class='ocrx_word' id='word_1_224' title='bbox 2015 2874 2082 2926; x_wconf 87' lang='lat' dir='ltr'><strong>ut</strong></span> <span class='ocrx_word' id='word_1_225' title='bbox 2137 2865 2276 2926; x_wconf 92' lang='lat' dir='ltr'><strong>huic</strong></span> <span class='ocrx_word' id='word_1_226' title='bbox 2333 2866 2619 2945; x_wconf 91' lang='lat' dir='ltr'><strong>quaedam</strong></span> <span class='ocrx_word' id='word_1_227' title='bbox 2676 2853 2987 2927; x_wconf 83' lang='lat' dir='ltr'><strong>adicienda</strong></span> 
     </span>
     <span class='ocr_line' id='line_1_24' title="bbox 368 2971 2974 3052; baseline -0.002 -16"><span class='ocrx_word' id='word_1_228' title='bbox 368 2974 666 3037; x_wconf 89' lang='lat' dir='ltr'><strong>subiceret</strong></span> <span class='ocrx_word' id='word_1_229' title='bbox 714 2974 937 3036; x_wconf 91' lang='lat' dir='ltr'><strong>scribit.</strong></span> <span class='ocrx_word' id='word_1_230' title='bbox 1012 2972 1371 3035; x_wconf 86' lang='lat' dir='ltr'><strong>Eucherium</strong></span> <span class='ocrx_word' id='word_1_231' title='bbox 1413 2983 1612 3034; x_wconf 87' lang='lat' dir='ltr'><strong>autem</strong></span> <span class='ocrx_word' id='word_1_232' title='bbox 1652 2975 1873 3034; x_wconf 89' lang='lat' dir='ltr'><strong>scimus</strong></span> <span class='ocrx_word' id='word_1_233' title='bbox 1913 2976 2254 3052; x_wconf 88' lang='lat' dir='ltr'><strong>episcopum</strong></span> <span class='ocrx_word' id='word_1_234' title='bbox 2295 2971 2752 3052; x_wconf 86' lang='lat' dir='ltr'><strong>Lugdunensem</strong></span> <span class='ocrx_word' id='word_1_235' title='bbox 2791 2974 2974 3034; x_wconf 80' lang='lat' dir='ltr'><strong>fuisse</strong></span> 
     </span>
     <span class='ocr_line' id='line_1_25' title="bbox 366 3075 2972 3161; baseline -0.001 -19"><span class='ocrx_word' id='word_1_236' title='bbox 366 3081 439 3142; x_wconf 91' lang='lat' dir='ltr'><strong>ab</strong></span> <span class='ocrx_word' id='word_1_237' title='bbox 486 3100 639 3142; x_wconf 91' lang='lat' dir='ltr'><strong>anno</strong></span> <span class='ocrx_word' id='word_1_238' title='bbox 684 3078 815 3143; x_wconf 83' lang='lat'><strong>432</strong></span> <span class='ocrx_word' id='word_1_239' title='bbox 864 3100 1052 3161; x_wconf 87' lang='lat' dir='ltr'><strong>usque</strong></span> <span class='ocrx_word' id='word_1_240' title='bbox 1101 3080 1173 3140; x_wconf 90' lang='lat' dir='ltr'><strong>ad</strong></span> <span class='ocrx_word' id='word_1_241' title='bbox 1219 3099 1436 3141; x_wconf 90' lang='lat' dir='ltr'><strong>annum</strong></span> <span class='ocrx_word' id='word_1_242' title='bbox 1486 3081 1610 3140; x_wconf 84' lang='lat' dir='ltr'><strong>sere</strong></span> <span class='ocrx_word' id='word_1_243' title='bbox 1649 3076 1782 3141; x_wconf 82' lang='lat'><strong>450</strong></span> <span class='ocrx_word' id='word_1_244' title='bbox 1829 3079 1920 3139; x_wconf 86' lang='lat' dir='ltr'><strong>vel</strong></span> <span class='ocrx_word' id='word_1_245' title='bbox 1967 3075 2114 3139; x_wconf 84' lang='lat'>452.</span> <span class='ocrx_word' id='word_1_246' title='bbox 2192 3079 2262 3138; x_wconf 93' lang='lat' dir='ltr'><strong>ad</strong></span> <span class='ocrx_word' id='word_1_247' title='bbox 2309 3079 2661 3158; x_wconf 75' lang='lat' dir='ltr'><strong>Agroecium</strong></span> <span class='ocrx_word' id='word_1_248' title='bbox 2708 3079 2839 3140; x_wconf 91' lang='lat' dir='ltr'><strong>data</strong></span> <span class='ocrx_word' id='word_1_249' title='bbox 2879 3089 2972 3140; x_wconf 89' lang='lat' dir='ltr'><strong>est</strong></span> 
     </span>
     <span class='ocr_line' id='line_1_26' title="bbox 366 3184 2976 3268; baseline -0.001 -19"><span class='ocrx_word' id='word_1_250' title='bbox 366 3189 616 3268; x_wconf 88' lang='lat' dir='ltr'><strong>epistula</strong></span> <span class='ocrx_word' id='word_1_251' title='bbox 655 3188 881 3249; x_wconf 90' lang='lat' dir='ltr'><strong>Sidonii</strong></span> <span class='ocrx_word' id='word_1_252' title='bbox 918 3187 1271 3268; x_wconf 79' lang='lat' dir='ltr'><strong>Apollinaris</strong></span> <span class='ocrx_word' id='word_1_253' title='bbox 1310 3187 1408 3248; x_wconf 89' lang='lat' dir='ltr'><strong>Vll</strong></span> <span class='ocrx_word' id='word_1_254' title='bbox 1448 3184 1490 3249; x_wconf 86' lang='lat'>5</span> <span class='ocrx_word' id='word_1_255' title='bbox 1531 3197 1677 3268; x_wconf 89' lang='lat' dir='ltr'><strong>tum,</strong></span> <span class='ocrx_word' id='word_1_256' title='bbox 1725 3205 1862 3247; x_wconf 89' lang='lat' dir='ltr'><strong>cum</strong></span> <span class='ocrx_word' id='word_1_257' title='bbox 1900 3185 1997 3247; x_wconf 90' lang='lat' dir='ltr'><strong>ille</strong></span> <span class='ocrx_word' id='word_1_258' title='bbox 2035 3185 2198 3265; x_wconf 82' lang='lat' dir='ltr'><strong>¹apud</strong></span> <span class='ocrx_word' id='word_1_259' title='bbox 2238 3185 2614 3247; x_wconf 89' lang='lat' dir='ltr'><strong>Senonenses</strong></span> <span class='ocrx_word' id='word_1_260' title='bbox 2659 3189 2976 3266; x_wconf 88' lang='lat' dir='ltr'><strong>episcopus</strong></span> 
     </span>
     <span class='ocr_line' id='line_1_27' title="bbox 367 3292 2976 3374; baseline -0.001 -19"><span class='ocrx_word' id='word_1_261' title='bbox 367 3304 510 3356; x_wconf 86' lang='lat' dir='ltr'><strong>erat.</strong></span> <span class='ocrx_word' id='word_1_262' title='bbox 593 3295 704 3355; x_wconf 90' lang='lat' dir='ltr'><strong>hoc</strong></span> <span class='ocrx_word' id='word_1_263' title='bbox 755 3298 939 3374; x_wconf 90' lang='lat' dir='ltr'><strong>igitur</strong></span> <span class='ocrx_word' id='word_1_264' title='bbox 993 3303 1261 3373; x_wconf 88' lang='lat' dir='ltr'><strong>tempore</strong></span> <span class='ocrx_word' id='word_1_265' title='bbox 1318 3292 1535 3355; x_wconf 90' lang='lat' dir='ltr'><strong>librum</strong></span> <span class='ocrx_word' id='word_1_266' title='bbox 1592 3296 1652 3354; x_wconf 92' lang='lat' dir='ltr'><strong>in</strong></span> <span class='ocrx_word' id='word_1_267' title='bbox 1715 3293 1868 3353; x_wconf 87' lang='lat' dir='ltr'><strong>hanc</strong></span> <span class='ocrx_word' id='word_1_268' title='bbox 1917 3294 2165 3353; x_wconf 83' lang='lat' dir='ltr'><strong>formam</strong></span> <span class='ocrx_word' id='word_1_269' title='bbox 2212 3310 2363 3371; x_wconf 90' lang='lat' dir='ltr'><strong>quae</strong></span> <span class='ocrx_word' id='word_1_270' title='bbox 2411 3293 2622 3353; x_wconf 90' lang='lat' dir='ltr'><strong>deinde</strong></span> <span class='ocrx_word' id='word_1_271' title='bbox 2671 3292 2976 3354; x_wconf 88' lang='lat' dir='ltr'><strong>codicibus</strong></span> 
     </span>
     <span class='ocr_line' id='line_1_28' title="bbox 366 3399 2976 3482; baseline -0 -21"><span class='ocrx_word' id='word_1_272' title='bbox 366 3409 683 3482; x_wconf 90' lang='lat' dir='ltr'><strong>propagata</strong></span> <span class='ocrx_word' id='word_1_273' title='bbox 732 3408 823 3461; x_wconf 90' lang='lat' dir='ltr'><strong>est</strong></span> <span class='ocrx_word' id='word_1_274' title='bbox 870 3400 1175 3461; x_wconf 87' lang='lat' dir='ltr'><strong>redactum</strong></span> <span class='ocrx_word' id='word_1_275' title='bbox 1225 3419 1355 3461; x_wconf 89' lang='lat' dir='ltr'><strong>esse</strong></span> <span class='ocrx_word' id='word_1_276' title='bbox 1404 3400 1759 3480; x_wconf 81' lang='lat' dir='ltr'><strong>putabimus,</strong></span> <span class='ocrx_word' id='word_1_277' title='bbox 1839 3418 2033 3479; x_wconf 88' lang='lat' dir='ltr'><strong>neque</strong></span> <span class='ocrx_word' id='word_1_278' title='bbox 2082 3399 2154 3460; x_wconf 93' lang='lat' dir='ltr'><strong>ab</strong></span> <span class='ocrx_word' id='word_1_279' title='bbox 2201 3401 2389 3478; x_wconf 90' lang='lat' dir='ltr'><strong>ipsius</strong></span> <span class='ocrx_word' id='word_1_280' title='bbox 2435 3400 2717 3461; x_wconf 88' lang='lat' dir='ltr'><strong>Eucherii</strong></span> <span class='ocrx_word' id='word_1_281' title='bbox 2764 3399 2976 3462; x_wconf 87' lang='lat' dir='ltr'><strong>studiis</strong></span> 
     </span>
     <span class='ocr_line' id='line_1_29' title="bbox 368 3495 2978 3587; baseline -0.001 -18"><span class='ocrx_word' id='word_1_282' title='bbox 368 3506 511 3569; x_wconf 90' lang='lat' dir='ltr'><strong>illud</strong></span> <span class='ocrx_word' id='word_1_283' title='bbox 560 3508 865 3586; x_wconf 87' lang='lat' dir='ltr'><strong>negotium</strong></span> <span class='ocrx_word' id='word_1_284' title='bbox 912 3507 1168 3567; x_wconf 88' lang='lat' dir='ltr'><strong>alienum</strong></span> <span class='ocrx_word' id='word_1_285' title='bbox 1218 3508 1356 3569; x_wconf 82' lang='lat' dir='ltr'><strong>fuit:</strong></span> <span class='ocrx_word' id='word_1_286' title='bbox 1401 3510 1463 3567; x_wconf 90' lang='lat' dir='ltr'><strong>in</strong></span> <span class='ocrx_word' id='word_1_287' title='bbox 1510 3507 1722 3586; x_wconf 86' lang='lat' dir='ltr'><strong>glossis</strong></span> <span class='ocrx_word' id='word_1_288' title='bbox 1770 3495 2012 3587; x_wconf 84' lang='lat' dir='ltr'><strong>quidem</strong></span> <span class='ocrx_word' id='word_1_289' title='bbox 2059 3506 2481 3586; x_wconf 85' lang='lat' dir='ltr'><strong>componendis</strong></span> <span class='ocrx_word' id='word_1_290' title='bbox 2520 3516 2580 3567; x_wconf 89' lang='lat' dir='ltr'><strong>et</strong></span> <span class='ocrx_word' id='word_1_291' title='bbox 2619 3506 2978 3586; x_wconf 86' lang='lat' dir='ltr'><strong>explicandis</strong></span> 
     </span>
     <span class='ocr_line' id='line_1_30' title="bbox 371 3612 2976 3695; baseline -0 -19"><span class='ocrx_word' id='word_1_292' title='bbox 371 3634 506 3676; x_wconf 90' lang='lat' dir='ltr'><strong>eum</strong></span> <span class='ocrx_word' id='word_1_293' title='bbox 537 3631 778 3695; x_wconf 91' lang='lat' dir='ltr'><strong>operam</strong></span> <span class='ocrx_word' id='word_1_294' title='bbox 809 3612 1129 3674; x_wconf 88' lang='lat' dir='ltr'><strong>collocasse</strong></span> <span class='ocrx_word' id='word_1_295' title='bbox 1179 3616 1418 3695; x_wconf 75' lang='lat' dir='ltr'><strong>scimuS,</strong></span> <span class='ocrx_word' id='word_1_296' title='bbox 1464 3614 1539 3675; x_wconf 81' lang='lat' dir='ltr'><strong>cf.</strong></span> <span class='ocrx_word' id='word_1_297' title='bbox 1577 3613 1738 3674; x_wconf 82' lang='lat' dir='ltr'><strong>Pitra</strong></span> <span class='ocrx_word' id='word_1_298' title='bbox 1778 3613 1966 3693; x_wconf 89' lang='lat' dir='ltr'><strong>spicil.</strong></span> <span class='ocrx_word' id='word_1_299' title='bbox 2008 3613 2255 3674; x_wconf 89' lang='lat' dir='ltr'><strong>Solesm.</strong></span> <span class='ocrx_word' id='word_1_300' title='bbox 2286 3633 2336 3673; x_wconf 87' lang='lat' dir='ltr'><strong>v.</strong></span> <span class='ocrx_word' id='word_1_301' title='bbox 2366 3613 2447 3673; x_wconf 89' lang='lat'><strong>111</strong></span> <span class='ocrx_word' id='word_1_302' title='bbox 2475 3614 2659 3693; x_wconf 81' lang='lat' dir='ltr'><strong>praef.</strong></span> <span class='ocrx_word' id='word_1_303' title='bbox 2690 3634 2744 3693; x_wconf 92' lang='lat' dir='ltr'><strong>p.</strong></span> <span class='ocrx_word' id='word_1_304' title='bbox 2775 3613 2976 3695; x_wconf 86' lang='lat' dir='ltr'><strong>XVlll,</strong></span> 
     </span>
     <span class='ocr_line' id='line_1_31' title="bbox 368 3717 2978 3801; baseline -0.001 -19"><span class='ocrx_word' id='word_1_305' title='bbox 368 3721 578 3783; x_wconf 80' lang='lat' dir='ltr'><strong>Loewe</strong></span> <span class='ocrx_word' id='word_1_306' title='bbox 625 3721 922 3801; x_wconf 89' lang='lat' dir='ltr'><strong>prodrom.</strong></span> <span class='ocrx_word' id='word_1_307' title='bbox 970 3738 1131 3799; x_wconf 90' lang='lat' dir='ltr'><strong>corp.</strong></span> <span class='ocrx_word' id='word_1_308' title='bbox 1178 3719 1354 3799; x_wconf 65' lang='lat' dir='ltr'><strong>gloss</strong></span> <span class='ocrx_word' id='word_1_309' title='bbox 1401 3720 1496 3782; x_wconf 85' lang='lat' dir='ltr'><strong>lat.</strong></span> <span class='ocrx_word' id='word_1_310' title='bbox 1544 3740 1600 3800; x_wconf 92' lang='lat' dir='ltr'><strong>p.</strong></span> <span class='ocrx_word' id='word_1_311' title='bbox 1644 3717 1787 3782; x_wconf 82' lang='lat'>170.</span> <span class='ocrx_word' id='word_1_312' title='bbox 1878 3719 1946 3780; x_wconf 92' lang='lat' dir='ltr'><strong>ad</strong></span> <span class='ocrx_word' id='word_1_313' title='bbox 1997 3737 2179 3780; x_wconf 90' lang='lat' dir='ltr'><strong>unum</strong></span> <span class='ocrx_word' id='word_1_314' title='bbox 2228 3729 2425 3782; x_wconf 89' lang='lat' dir='ltr'><strong>autem</strong></span> <span class='ocrx_word' id='word_1_315' title='bbox 2472 3720 2688 3781; x_wconf 89' lang='lat' dir='ltr'><strong>librum</strong></span> <span class='ocrx_word' id='word_1_316' title='bbox 2738 3724 2841 3801; x_wconf 90' lang='lat' dir='ltr'><strong>qui</strong></span> <span class='ocrx_word' id='word_1_317' title='bbox 2886 3729 2978 3782; x_wconf 89' lang='lat' dir='ltr'><strong>est</strong></span> 
     </span>
     <span class='ocr_line' id='line_1_32' title="bbox 370 3826 2975 3909; baseline 0 -22"><span class='ocrx_word' id='word_1_318' title='bbox 370 3828 442 3887; x_wconf 90' lang='lat' dir='ltr'><strong>de</strong></span> <span class='ocrx_word' id='word_1_319' title='bbox 481 3827 899 3908; x_wconf 84' lang='lat' dir='ltr'><strong>orthographia</strong></span> <span class='ocrx_word' id='word_1_320' title='bbox 928 3845 997 3887; x_wconf 91' lang='lat' dir='ltr'><strong>ea</strong></span> <span class='ocrx_word' id='word_1_321' title='bbox 1034 3845 1213 3906; x_wconf 90' lang='lat' dir='ltr'><strong>opera</strong></span> <span class='ocrx_word' id='word_1_322' title='bbox 1244 3826 1611 3905; x_wconf 86' lang='lat' dir='ltr'><strong>pertinebat:</strong></span> <span class='ocrx_word' id='word_1_323' title='bbox 1653 3846 1784 3888; x_wconf 90' lang='lat' dir='ltr'><strong>nam</strong></span> <span class='ocrx_word' id='word_1_324' title='bbox 1816 3827 1975 3887; x_wconf 90' lang='lat' dir='ltr'><strong>hunc</strong></span> <span class='ocrx_word' id='word_1_325' title='bbox 2012 3826 2158 3886; x_wconf 89' lang='lat' dir='ltr'><strong>dicit</strong></span> <span class='ocrx_word' id='word_1_326' title='bbox 2188 3827 2513 3905; x_wconf 75' lang='lat' dir='ltr'><strong>Agroecius</strong></span> <span class='ocrx_word' id='word_1_327' title='bbox 2550 3828 2584 3887; x_wconf 90' lang='lat' dir='ltr'><strong>l.</strong></span> <span class='ocrx_word' id='word_1_328' title='bbox 2617 3847 2687 3909; x_wconf 87' lang='lat' dir='ltr'><strong>c.‚</strong></span> <span class='ocrx_word' id='word_1_329' title='bbox 2714 3830 2975 3889; x_wconf 80' lang='lat' dir='ltr'><strong>libellum</strong></span> 
     </span>
     <span class='ocr_line' id='line_1_33' title="bbox 375 3933 2981 4015; baseline 0 -21"><span class='ocrx_word' id='word_1_330' title='bbox 375 3937 563 4012; x_wconf 80' lang='lat' dir='ltr'><strong>Capri</strong></span> <span class='ocrx_word' id='word_1_331' title='bbox 607 3937 683 3996; x_wconf 82' lang='lat' dir='ltr'><strong>de</strong></span> <span class='ocrx_word' id='word_1_332' title='bbox 727 3936 1169 4011; x_wconf 72' lang='lat' dir='ltr'><strong>orthoqraphia</strong></span> <span class='ocrx_word' id='word_1_333' title='bbox 1214 3938 1431 3995; x_wconf 75' lang='lat' dir='ltr'><strong>misisti</strong></span> <span class='ocrx_word' id='word_1_334' title='bbox 1476 3937 1640 4015; x_wconf 73' lang='lat' dir='ltr'><strong>mihi,</strong></span> <span class='ocrx_word' id='word_1_335' title='bbox 1686 3942 1747 3994; x_wconf 91' lang='lat' dir='ltr'><strong>et</strong></span> <span class='ocrx_word' id='word_1_336' title='bbox 1784 3933 1996 3994; x_wconf 90' lang='lat' dir='ltr'><strong>deinde</strong></span> <span class='ocrx_word' id='word_1_337' title='bbox 2035 3934 2180 3993; x_wconf 78' lang='lat' dir='ltr'><strong>huic</strong></span> <span class='ocrx_word' id='word_1_338' title='bbox 2218 3952 2366 4010; x_wconf 75' lang='lat' dir='ltr'><strong>erqo</strong></span> <span class='ocrx_word' id='word_1_339' title='bbox 2404 3936 2593 4011; x_wconf 80' lang='lat' dir='ltr'><strong>Capri</strong></span> <span class='ocrx_word' id='word_1_340' title='bbox 2637 3937 2834 3996; x_wconf 80' lang='lat' dir='ltr'><strong>libello</strong></span> <span class='ocrx_word' id='word_1_341' title='bbox 2872 3938 2981 4010; x_wconf 82' lang='lat' dir='ltr'><strong>qui</strong></span> 
     </span>
     <span class='ocr_line' id='line_1_34' title="bbox 368 4041 2979 4118; baseline -0 -16"><span class='ocrx_word' id='word_1_342' title='bbox 368 4049 457 4102; x_wconf 74' lang='lat' dir='ltr'><strong>est</strong></span> <span class='ocrx_word' id='word_1_343' title='bbox 502 4043 578 4103; x_wconf 83' lang='lat' dir='ltr'><strong>de</strong></span> <span class='ocrx_word' id='word_1_344' title='bbox 623 4043 1065 4117; x_wconf 70' lang='lat' dir='ltr'><strong>orthoqraphia</strong></span> <span class='ocrx_word' id='word_1_345' title='bbox 1112 4049 1170 4101; x_wconf 82' lang='lat' dir='ltr'><strong>et</strong></span> <span class='ocrx_word' id='word_1_346' title='bbox 1217 4043 1292 4101; x_wconf 83' lang='lat' dir='ltr'><strong>de</strong></span> <span class='ocrx_word' id='word_1_347' title='bbox 1341 4045 1724 4118; x_wconf 82' lang='lat' dir='ltr'><strong>proprietate</strong></span> <span class='ocrx_word' id='word_1_348' title='bbox 1768 4059 1846 4103; x_wconf 85' lang='lat' dir='ltr'><strong>ac</strong></span> <span class='ocrx_word' id='word_1_349' title='bbox 1894 4041 2246 4115; x_wconf 80' lang='lat' dir='ltr'><strong>differentia</strong></span> <span class='ocrx_word' id='word_1_350' title='bbox 2290 4059 2630 4103; x_wconf 83' lang='lat' dir='ltr'><strong>sermonum</strong></span> <span class='ocrx_word' id='word_1_351' title='bbox 2678 4045 2979 4116; x_wconf 80' lang='lat' dir='ltr'><strong>quaedam</strong></span> 
     </span>
     <span class='ocr_line' id='line_1_35' title="bbox 369 4145 2977 4228; baseline 0 -21"><span class='ocrx_word' id='word_1_352' title='bbox 369 4150 699 4209; x_wconf 80' lang='lat' dir='ltr'><strong>adicienda</strong></span> <span class='ocrx_word' id='word_1_353' title='bbox 743 4149 1021 4208; x_wconf 56' lang='lat' dir='ltr'><strong>subieci·</strong></span> <span class='ocrx_word' id='word_1_354' title='bbox 1065 4165 1098 4207; x_wconf 89' lang='lat' dir='ltr'><strong>a</strong></span> <span class='ocrx_word' id='word_1_355' title='bbox 1135 4145 1289 4208; x_wconf 90' lang='lat' dir='ltr'><strong>Beda</strong></span> <span class='ocrx_word' id='word_1_356' title='bbox 1340 4165 1596 4227; x_wconf 90' lang='lat' dir='ltr'><strong>quoque,</strong></span> <span class='ocrx_word' id='word_1_357' title='bbox 1644 4149 1747 4226; x_wconf 89' lang='lat' dir='ltr'><strong>qui</strong></span> <span class='ocrx_word' id='word_1_358' title='bbox 1794 4155 1856 4207; x_wconf 90' lang='lat' dir='ltr'><strong>et</strong></span> <span class='ocrx_word' id='word_1_359' title='bbox 1903 4166 1975 4208; x_wconf 85' lang='lat' dir='ltr'><strong>ex</strong></span> <span class='ocrx_word' id='word_1_360' title='bbox 2013 4146 2188 4226; x_wconf 89' lang='lat' dir='ltr'><strong>Capri</strong></span> <span class='ocrx_word' id='word_1_361' title='bbox 2234 4158 2294 4208; x_wconf 93' lang='lat' dir='ltr'><strong>et</strong></span> <span class='ocrx_word' id='word_1_362' title='bbox 2340 4167 2410 4208; x_wconf 85' lang='lat' dir='ltr'><strong>ex</strong></span> <span class='ocrx_word' id='word_1_363' title='bbox 2459 4149 2730 4228; x_wconf 81' lang='lat' dir='ltr'><strong>Agroecii</strong></span> <span class='ocrx_word' id='word_1_364' title='bbox 2777 4149 2977 4209; x_wconf 91' lang='lat' dir='ltr'><strong>ortho-</strong></span> 
     </span>
     <span class='ocr_line' id='line_1_36' title="bbox 368 4252 2979 4336; baseline 0.001 -23"><span class='ocrx_word' id='word_1_365' title='bbox 368 4253 609 4333; x_wconf 85' lang='lat' dir='ltr'><strong>graphia</strong></span> <span class='ocrx_word' id='word_1_366' title='bbox 659 4253 841 4315; x_wconf 87' lang='lat' dir='ltr'><strong>multa</strong></span> <span class='ocrx_word' id='word_1_367' title='bbox 886 4256 946 4313; x_wconf 93' lang='lat' dir='ltr'><strong>in</strong></span> <span class='ocrx_word' id='word_1_368' title='bbox 995 4271 1170 4314; x_wconf 89' lang='lat' dir='ltr'><strong>suum</strong></span> <span class='ocrx_word' id='word_1_369' title='bbox 1218 4252 1439 4313; x_wconf 92' lang='lat' dir='ltr'><strong>librum</strong></span> <span class='ocrx_word' id='word_1_370' title='bbox 1488 4255 1743 4335; x_wconf 87' lang='lat' dir='ltr'><strong>recepit,</strong></span> <span class='ocrx_word' id='word_1_371' title='bbox 1800 4257 2089 4314; x_wconf 89' lang='lat' dir='ltr'><strong>minorem</strong></span> <span class='ocrx_word' id='word_1_372' title='bbox 2137 4253 2355 4315; x_wconf 89' lang='lat' dir='ltr'><strong>librum</strong></span> <span class='ocrx_word' id='word_1_373' title='bbox 2403 4256 2475 4316; x_wconf 90' lang='lat' dir='ltr'><strong>de</strong></span> <span class='ocrx_word' id='word_1_374' title='bbox 2522 4255 2719 4317; x_wconf 89' lang='lat' dir='ltr'><strong>dubiis</strong></span> <span class='ocrx_word' id='word_1_375' title='bbox 2765 4254 2979 4336; x_wconf 76' lang='lat' dir='ltr'><strong>verbiS,</strong></span> 
     </span>
     <span class='ocr_line' id='line_1_37' title="bbox 370 4359 2977 4443; baseline 0.001 -24"><span class='ocrx_word' id='word_1_376' title='bbox 370 4360 482 4419; x_wconf 89' lang='lat' dir='ltr'><strong>nisi</strong></span> <span class='ocrx_word' id='word_1_377' title='bbox 538 4378 633 4420; x_wconf 91' lang='lat' dir='ltr'><strong>me</strong></span> <span class='ocrx_word' id='word_1_378' title='bbox 693 4359 839 4419; x_wconf 83' lang='lat' dir='ltr'><strong>fallit</strong></span> <span class='ocrx_word' id='word_1_379' title='bbox 893 4363 1202 4443; x_wconf 88' lang='lat' dir='ltr'><strong>memoria,</strong></span> <span class='ocrx_word' id='word_1_380' title='bbox 1261 4378 1381 4422; x_wconf 90' lang='lat' dir='ltr'><strong>non</strong></span> <span class='ocrx_word' id='word_1_381' title='bbox 1438 4363 1637 4421; x_wconf 88' lang='lat' dir='ltr'><strong>inveni</strong></span> <span class='ocrx_word' id='word_1_382' title='bbox 1696 4369 2046 4440; x_wconf 90' lang='lat' dir='ltr'><strong>usurpatum</strong></span> <span class='ocrx_word' id='word_1_383' title='bbox 2105 4379 2253 4422; x_wconf 89' lang='lat' dir='ltr'><strong>esse.</strong></span> <span class='ocrx_word' id='word_1_384' title='bbox 2336 4364 2495 4424; x_wconf 89' lang='lat' dir='ltr'><strong>hunc</strong></span> <span class='ocrx_word' id='word_1_385' title='bbox 2551 4365 2733 4441; x_wconf 86' lang='lat' dir='ltr'><strong>igitur</strong></span> <span class='ocrx_word' id='word_1_386' title='bbox 2789 4361 2977 4443; x_wconf 89' lang='lat' dir='ltr'><strong>alteri,</strong></span> 
     </span>
     <span class='ocr_line' id='line_1_38' title="bbox 368 4466 2974 4551; baseline 0.002 -26"><span class='ocrx_word' id='word_1_387' title='bbox 368 4466 672 4544; x_wconf 89' lang='lat' dir='ltr'><strong>aliquanto</strong></span> <span class='ocrx_word' id='word_1_388' title='bbox 711 4473 846 4544; x_wconf 87' lang='lat' dir='ltr'><strong>post</strong></span> <span class='ocrx_word' id='word_1_389' title='bbox 882 4484 1057 4545; x_wconf 89' lang='lat' dir='ltr'><strong>quam</strong></span> <span class='ocrx_word' id='word_1_390' title='bbox 1104 4469 1157 4527; x_wconf 88' lang='lat' dir='ltr'><strong>is</strong></span> <span class='ocrx_word' id='word_1_391' title='bbox 1203 4469 1263 4527; x_wconf 89' lang='lat' dir='ltr'><strong>in</strong></span> <span class='ocrx_word' id='word_1_392' title='bbox 1313 4467 1463 4528; x_wconf 90' lang='lat' dir='ltr'><strong>hanc</strong></span> <span class='ocrx_word' id='word_1_393' title='bbox 1512 4469 1760 4528; x_wconf 84' lang='lat' dir='ltr'><strong>sormam</strong></span> <span class='ocrx_word' id='word_1_394' title='bbox 1808 4467 2084 4529; x_wconf 89' lang='lat' dir='ltr'><strong>redactus</strong></span> <span class='ocrx_word' id='word_1_395' title='bbox 2132 4481 2281 4551; x_wconf 90' lang='lat' dir='ltr'><strong>erat,</strong></span> <span class='ocrx_word' id='word_1_396' title='bbox 2318 4469 2612 4540; x_wconf 89' lang='lat' dir='ltr'><strong>adiectum</strong></span> <span class='ocrx_word' id='word_1_397' title='bbox 2650 4487 2781 4529; x_wconf 90' lang='lat' dir='ltr'><strong>esse</strong></span> <span class='ocrx_word' id='word_1_398' title='bbox 2820 4468 2974 4529; x_wconf 87' lang='lat' dir='ltr'><strong>dice-</strong></span> 
     </span>
     <span class='ocr_line' id='line_1_39' title="bbox 369 4573 2846 4655; baseline 0.001 -21"><span class='ocrx_word' id='word_1_399' title='bbox 369 4592 518 4655; x_wconf 88' lang='lat' dir='ltr'><strong>mus,</strong></span> <span class='ocrx_word' id='word_1_400' title='bbox 564 4575 920 4654; x_wconf 88' lang='lat' dir='ltr'><strong>praesertim</strong></span> <span class='ocrx_word' id='word_1_401' title='bbox 967 4592 1103 4634; x_wconf 90' lang='lat' dir='ltr'><strong>cum</strong></span> <span class='ocrx_word' id='word_1_402' title='bbox 1149 4573 1335 4635; x_wconf 88' lang='lat' dir='ltr'><strong>multo</strong></span> <span class='ocrx_word' id='word_1_403' title='bbox 1382 4577 1567 4654; x_wconf 90' lang='lat' dir='ltr'><strong>magis</strong></span> <span class='ocrx_word' id='word_1_404' title='bbox 1616 4576 1791 4635; x_wconf 86' lang='lat' dir='ltr'><strong>etiam</strong></span> <span class='ocrx_word' id='word_1_405' title='bbox 1842 4593 2016 4654; x_wconf 88' lang='lat' dir='ltr'><strong>quam</strong></span> <span class='ocrx_word' id='word_1_406' title='bbox 2062 4575 2160 4635; x_wconf 91' lang='lat' dir='ltr'><strong>ille</strong></span> <span class='ocrx_word' id='word_1_407' title='bbox 2206 4576 2357 4637; x_wconf 88' lang='lat' dir='ltr'><strong>alter</strong></span> <span class='ocrx_word' id='word_1_408' title='bbox 2403 4574 2706 4637; x_wconf 88' lang='lat' dir='ltr'><strong>mutilatus</strong></span> <span class='ocrx_word' id='word_1_409' title='bbox 2754 4577 2846 4636; x_wconf 87' lang='lat' dir='ltr'><strong>sit.</strong></span> 
     </span>
    </p>
   </div>
  </div>
 </body>
</html>
