3613 5528
1297 307 1646 364 EXEMPLA
1685 307 2215 363 ELOCVTIONVM
2922 307 3054 372 479

451 425 496 462 p.
525 411 603 452 2³5
632 411 686 450 L.

452 495 609 556 illam
659 513 814 574 rem,
868 494 986 556 Cic.
1033 494 1107 556 de
1163 496 1410 575 imperio
1459 494 1704 575 Pompei
1752 495 1957 570 (7,19)
2023 493 2419 556 incumbite
2486 494 2565 555 ad
2632 494 2696 554 id
2764 494 3057 577 bellum,

452 603 807 685 Quirite5‚
873 602 1028 663 idem
1095 621 1204 683 pro
1261 601 1506 666 Murena
1563 602 1816 678 (26,53)
1877 603 2317 682 praesertim
2374 620 2527 661 cum
2584 601 2918 663 incubuit
2975 602 3055 663 ad

451 712 676 771 virum
752 709 1008 771 bonum
1073 757 1086 770 .
1152 707 1430 770 incumbo
1494 711 1555 769 in
1630 708 1786 771 illam
1863 727 2016 790 rem,
2089 707 2296 769 Cicero
2369 727 2476 788 pro
2541 708 2780 770 Plancio
2844 710 3053 783 (7,17)

451 817 778 897 equidem
844 820 965 897 qui
1029 820 1100 878 in
1164 835 1266 878 me
1331 818 1561 897 ipsum
1628 815 2021 894 incumbat,
2085 817 2225 876 item
2280 813 2490 896 Philip.
2538 814 2891 890 1111(5,12)
2948 819 3054 878 in-

398 923 762 986 5cumbite
808 926 880 985 in
927 942 1235 1005 causam,
1282 923 1610 994 Quirites
1657 971 1669 984 .

625 1031 895 1093 Inducite
935 1034 1224 1114 animum,
1268 1030 1404 1092 Ter.
1442 1029 1625 1091 Heau.
1666 1032 1846 1108 (prol.
1886 1031 1995 1104 41)
2033 1047 2319 1091 causam
2365 1028 2544 1092 hanc
2589 1032 2850 1095 iustam
2896 1051 3053 1092 esse

452 1142 753 1202 animum
820 1139 1143 1202 inducite
1209 1186 1223 1201 .
1287 1138 1572 1199 inducere
1639 1139 1699 1198 in
1764 1140 2053 1219 animum,
2118 1137 2234 1199 Cic.
2299 1156 2409 1217 pro
2470 1137 2740 1200 Cluentio
2807 1140 3052 1215 (15,45)

456 1246 845 1328 [quenquam]
929 1249 1311 1328 quicquam
1394 1248 1550 1307 eius
1632 1246 1817 1307 modi
1908 1248 2117 1308 matri
2207 1240 2529 1325 poterat'
2583 1249 2655 1307 in
2749 1250 3054 1309 animum

450 1354 795 1415 inducere
843 1401 857 1415 .
1170 1401 1190 1421 .

377 1477 427 1516 10
629 1460 879 1523 Indutus
925 1461 1041 1522 illis
1087 1460 1296 1542 rebus,
1357 1462 1531 1537 Vera.
1578 1460 1720 1522 Aen.
1767 1459 1847 1521 XI
1895 1461 2035 1534 (83)

873 1568 1314 1658 inxdutosque
1362 1567 1563 1630 iubet
1610 1577 1911 1629 truncos
1958 1565 2351 1628 hostilibus
2398 1570 2645 1646 armiS,

451 1679 608 1738 idem
652 1677 799 1739 Aen.
849 1678 989 1738 XII
1030 1676 1223 1750 (947)
1272 1685 1444 1737 tune
1493 1678 1703 1737 etiam
1759 1675 2021 1756 spoliis
2076 1673 2327 1736 indute
2387 1693 2699 1736 meorum
2748 1724 2761 1736 .
2809 1676 3052 1738 indutus

448 1783 578 1845 illas
624 1802 753 1864 res,
799 1784 955 1845 idem
1002 1783 1142 1845 Aen.
1191 1784 1243 1844 11
1291 1784 1481 1857 (275)
1529 1786 1651 1863 qui
1715 1782 1908 1845 redit
1971 1786 2264 1844 exuvias
2330 1783 2643 1844 indutus.
2685 1783 2989 1845 Achillis
3037 1833 3050 1845 .

450 1892 716 1953 induitur
762 1890 846 1953 illi
893 1893 1007 1974 rei,
1068 1892 1241 1968 Ver-q.
1289 1891 1430 1951 Aen.
1480 1889 1579 1950 v11
1626 1891 1819 1964 (668)
2560 1973 2563 1976 Α

371 2013 422 2052 1⁵
945 1998 1242 2059 indutus
1290 1999 1536 2078 capiti,
1583 1999 1687 2057 sic
1735 1999 1930 2076 regia
1978 2005 2169 2058 tecta
2215 1996 2502 2059 subibat
2547 2046 2561 2059 .

448 2106 640 2168 induit
695 2126 758 2168 se
815 2109 876 2167 in
932 2105 1089 2166 illam
1148 2123 1300 2186 rem,
1379 2104 1552 2181 Verq.
1609 2122 1805 2184 georg.
1855 2104 1880 2164 1
1934 2104 2120 2178 (187)
2187 2122 2340 2165 cum
2405 2123 2478 2165 se
2544 2124 2680 2166 nux
2744 2104 3048 2184 plurima

448 2212 655 2274 silvis
708 2212 947 2274 induit
1001 2214 1072 2273 in
1128 2211 1389 2273 florem
1435 2258 1449 2272 .
1499 2211 1766 2272 induitur
1813 2210 1968 2280 illam
2015 2229 2143 2271 rem
2190 2229 2468 2293 corpore,
2538 2213 2711 2288 Very.
2758 2213 2901 2272 Aen.
2949 2211 3047 2272 vn

448 2320 645 2395 (646)
711 2319 1039 2381 induitur
1103 2318 1400 2381 loricam
1465 2319 1784 2381 humeris
1834 2319 2197 2380 ,inducitur
2262 2319 2357 2380 illa
2416 2339 2481 2380 re
2547 2339 2793 2401 corpuS‚
2872 2321 3045 2397 Vera.

447 2429 589 2488 Aen.
638 2426 765 2487 VIII
812 2427 1006 2501 (457)
1056 2429 1446 2507 tunicaque
1494 2426 1867 2487 inducitur
1916 2434 2117 2487 artus
2165 2473 2178 2488 .

366 2549 421 2588 20
624 2533 833 2595 Inludo
880 2533 966 2594 illi
1013 2536 1129 2615 rei,
1191 2533 1363 2610 Verq.
1411 2533 1553 2594 Aen.
1595 2532 1703 2593 1111
1742 2534 1924 2607 (591)
1973 2541 2042 2595 et
2087 2536 2361 2595 nostris
2409 2534 2735 2596 illuserit
2780 2536 3047 2597 advena

447 2643 694 2720 regnis
741 2689 755 2702 .
802 2640 1004 2702 inludo
1052 2640 1209 2702 illam
1255 2660 1411 2716 rem,
1457 2641 1614 2702 idem
1659 2642 1808 2703 Aen.
1856 2639 2013 2701 VIIII
2060 2643 2254 2715 (634)
2304 2644 2346 2716 i,
2407 2641 2648 2702 verbis
2707 2644 3045 2704 virtutem

445 2747 689 2810 inlude
737 2747 1070 2829 superbis
1117 2797 1131 2810 .
1180 2747 1381 2809 inludo
1427 2749 1488 2809 in
1535 2747 1630 2810 illa
1678 2768 1769 2830 re,
1815 2748 1950 2810 Ter.
2000 2748 2143 2811 And.
2190 2750 2322 2823 (IV
2361 2750 2532 2825 4,18)

1065 2859 1287 2918 adeon
1336 2856 1659 2918 videmur
1707 2857 1906 2917 vobis
1954 2875 2113 2918 esse
2159 2858 2427 2938 idonei,

1062 2967 1133 3026 in
1181 2964 1445 3045 quibus
1493 2966 1596 3025 sic
1642 2960 2035 3025 inludatis?
2074 2964 2085 3041 Ι
2420 2950 2423 2955 ’

624 3318 805 3374 Codex
846 3319 1141 3373 Parrhasii
1212 3323 1245 3371 2
1292 3314 1585 3386 presertim
1631 3317 1747 3368 tam
1795 3316 1898 3382 (vel
1934 3324 2119 3371 tamen
2133 3318 2180 3385 ?)
2226 3315 2455 3370 incubui
2598 3324 2630 3370 3
2676 3316 2940 3372 incumbo
2988 3317 3045 3372 in

443 3396 603 3453 illam
640 3415 755 3452 rem
797 3430 860 3438 -
900 3403 933 3452 5
972 3397 1214 3463 Quirites
1251 3398 1350 3452 hoe
1385 3397 1498 3451 loco
1534 3396 1735 3451 omissa
1769 3403 1820 3451 et
1848 3402 1976 3466 post
2015 3403 2079 3452 15
2116 3397 2270 3451 tecta
2305 3395 2531 3451 subibat
2563 3398 2775 3466 scripta
2808 3404 2939 3452 sunt

445 3487 479 3533 4
515 3480 641 3549 IIII]
680 3479 757 3532 III
930 3483 960 3532 7
997 3477 1261 3531 inducere
1306 3476 1366 3530 in
1411 3475 1682 3547 animum]
1721 3476 1971 3531 inducite
2006 3477 2066 3531 in
2102 3475 2350 3531 animum
2527 3483 2591 3531 10
2628 3476 2894 3532 Inductus
2932 3478 3045 3534 illis

443 3560 606 3614 rebus
645 3561 782 3614 Aen.
821 3557 924 3612 XII
961 3558 1332 3627 inductusque
1368 3557 1525 3612 iubet
1667 3563 1733 3611 12
1768 3557 1920 3612 idem
1960 3559 2093 3613 Aen.
2123 3557 2229 3612 XII
2254 3573 2356 3613 om.
2502 3558 2763 3614 Inductus
2800 3559 2927 3614 illas
2958 3579 3043 3615 res

543 3647 610 3693 14
648 3641 814 3709 Verg.
853 3655 954 3693 om.
1105 3645 1169 3693 15
1205 3637 1466 3693 inductus
1505 3636 1679 3707 capiti
1840 3643 1908 3693 16
1946 3637 2113 3707 Verg.
2152 3654 2250 3692 om.
2289 3639 2518 3709 itemque
2542 3645 2735 3709 postea
2772 3646 2843 3697 17
2878 3646 2928 3697 et
2964 3647 3042 3697 20

515 3726 580 3774 17
619 3719 746 3792 VII]
789 3721 867 3774 III
1011 3727 1076 3775 21
1117 3719 1308 3775 inludo
1345 3718 1504 3773 illum
1541 3717 1692 3773 idem
1729 3717 1859 3773 VIII
1896 3719 1956 3773 in
1992 3719 2177 3775 verbis
2338 3747 2347 3755 ·

621 4002 646 4049 1
689 4013 861 4065 quare
896 3995 1116 4063 videte,
1162 4013 1297 4050 num
1344 3994 1714 4051 dubitandum
1759 3993 1919 4048 vobis
1967 3995 2042 4049 sit
2086 3995 2237 4048 omni
2283 3996 2468 4049 studio
2506 3995 2577 4048 ad
2615 3996 2673 4050 id
2711 3997 2921 4053 bellum
2959 4000 3039 4055 in·

440 4076 698 4131 cumbere
729 4076 914 4132 Cicero
951 4077 1016 4130 de
1041 4077 1170 4146 imp.
1202 4076 1395 4146 Pomp.
1426 4082 1551 4143 7‚19
1696 4082 1728 4129 2
1767 4075 2098 4146 praesertim
2139 4093 2264 4130 cum
2300 4075 2554 4131 incubuit
2582 4077 2769 4133 Cicero
2787 4097 2849 4149 p.
2883 4081 3037 4135 Mur.

440 4162 630 4226 26,53,
666 4155 994 4227 praesertim
1034 4158 1223 4210 tamen
1259 4157 1484 4211 incubui
1525 4157 1726 4213 Maius
1759 4156 1824 4210 in
1860 4156 2094 4210 editione
2132 4157 2541 4211 Mediolanensi
2691 4164 2726 4211 4
2764 4159 3040 4231 equidem,

441 4237 741 4307 siquando,
777 4241 842 4292 ut
875 4238 964 4305 fit,
1002 4237 1182 4292 iactor
1218 4237 1275 4290 in
1315 4238 1508 4304 turba,
1545 4254 1656 4293 non
1693 4236 1854 4291 illum
1891 4252 2119 4304 accuso,
2157 4237 2253 4307 qui
2292 4239 2379 4292 est
2412 4237 2470 4290 in
2500 4255 2718 4293 summa
2745 4257 2902 4295 sacra
2929 4241 3039 4310 via,

445 4335 571 4372 cum
608 4334 715 4387 ego
753 4318 826 4371 ad
861 4317 1095 4373 Fabium
1135 4316 1402 4372 fornicem
1438 4316 1723 4387 impellor,
1762 4316 1861 4371 sed
1899 4333 2025 4370 eum
2064 4317 2161 4386 qui
2197 4318 2257 4371 in
2287 4335 2373 4372 me
2403 4316 2583 4387 ipsum
2609 4318 2844 4374 incurrit
2870 4322 3040 4390 atque

441 4396 642 4451 incidit
685 4403 734 4452 et
780 4398 976 4452 deinde
1012 4396 1084 4451 ab
1130 4396 1200 4451 iis
1250 4395 1349 4465 qui
1392 4395 1451 4450 in
1487 4399 1545 4452 te
1581 4396 1766 4467 ipsum
1802 4397 2173 4451 incubuerunt
2216 4400 2273 4453 te
2320 4398 2613 4468 depulsum
2649 4401 2815 4468 putas
2855 4401 3040 4456 Cicero

429 4495 491 4547 p.
543 4477 735 4531 Plane.
785 4482 911 4544 7,17
1092 4483 1124 4531 8
1171 4495 1351 4547 neque
1407 4478 1594 4548 legare
1651 4478 1923 4534 eiusmodi
1977 4477 2144 4533 matri
2199 4480 2425 4548 poterat
2477 4478 2722 4532 animum
2779 4479 3038 4552 inducere

438 4561 643 4615 codices
699 4559 976 4614 Ciceronis
1021 4575 1081 4628 p.
1132 4558 1341 4614 Cluent.
1388 4565 1551 4627 15,45
1589 4603 1600 4615 .
1640 4578 1822 4629 neque
1876 4559 2064 4629 legare
2119 4557 2419 4627 quicquam
2476 4557 2595 4614 eius
2650 4559 2801 4613 modi
2855 4561 3041 4632 legisse

436 4641 652 4694 videtur
688 4639 1012 4694 Arusianus
1194 4645 1257 4692 12
1295 4640 1428 4694 tune
1483 4640 1615 4695 hinc
1669 4639 1864 4709 spoliis
1923 4638 2197 4707 Veryilins
2379 4646 2442 4693 17
2491 4638 2687 4694 induet
2737 4640 2796 4694 in
2847 4641 3037 4697 florem

449 4719 723 4789 Veryiliue
905 4724 968 4772 17
1010 4716 1173 4786 Vei-g.
1213 4718 1351 4772 Aen.
1389 4717 1516 4791 vil]
1565 4724 1674 4774 640
1711 4718 1939 4773 loricam
1990 4716 2240 4773 induitur
2275 4719 2498 4789 fidoque
2534 4719 2846 4790 aecingitur
2883 4738 3038 4778 ense:

437 4800 506 4867 cf.
546 4800 684 4853 Aen.
727 4798 874 4852 XII
907 4804 984 4854 88
1023 4796 1331 4853 circumdat
1366 4797 1598 4854 loricam
1636 4800 1842 4854 umeris
