<?xml version="1.0" encoding="UTF-8"?>
<!DOCTYPE html PUBLIC "-//W3C//DTD XHTML 1.0 Transitional//EN"
    "http://www.w3.org/TR/xhtml1/DTD/xhtml1-transitional.dtd">
<html xmlns="http://www.w3.org/1999/xhtml" xml:lang="en" lang="en">
 <head>
  <title>
</title>
<meta http-equiv="Content-Type" content="text/html;charset=utf-8" />
  <meta name='ocr-system' content='tesseract 3.04.00' />
  <meta name='ocr-capabilities' content='ocr_page ocr_carea ocr_par ocr_line ocrx_word'/>
</head>
<body>
  <div class='ocr_page' id='page_1' title='image "./grammaticilatin09keilgoog_0261.png"; bbox 0 0 3613 5528; ppageno 0'>
   <div class='ocr_carea' id='block_1_1' title="bbox 395 400 2997 552">
    <p class='ocr_par' dir='ltr' id='par_1_1' title="bbox 395 400 2997 552">
     <span class='ocr_line' id='line_1_1' title="bbox 1353 400 2997 466; baseline 0.007 -10"><span class='ocrx_word' id='word_1_1' title='bbox 1353 400 1449 456; x_wconf 94' lang='lat' dir='ltr'><strong>DE</strong></span> <span class='ocrx_word' id='word_1_2' title='bbox 1488 401 1682 457; x_wconf 83' lang='lat' dir='ltr'><strong>ARTE</strong></span> <span class='ocrx_word' id='word_1_3' title='bbox 1722 401 2049 458; x_wconf 81' lang='lat' dir='ltr'><strong>METRICA</strong></span> <span class='ocrx_word' id='word_1_4' title='bbox 2877 403 2997 466; x_wconf 79' lang='grc'><strong>251</strong></span> 
     </span>
     <span class='ocr_line' id='line_1_2' title="bbox 395 502 748 552; baseline 0.003 -12"><span class='ocrx_word' id='word_1_5' title='bbox 395 502 588 552; x_wconf 71' lang='lat' dir='ltr'><strong>p.,2.⁰‚⁷3.</strong></span> <span class='ocrx_word' id='word_1_6' title='bbox 617 502 670 542; x_wconf 73' lang='lat' dir='ltr'><strong>‘u</strong></span> <span class='ocrx_word' id='word_1_7' title='bbox 697 503 748 541; x_wconf 82' lang='lat' dir='ltr'><strong>P.</strong></span> 
     </span>
    </p>
   </div>
   <div class='ocr_carea' id='block_1_2' title="bbox 293 586 3019 2701">
    <p class='ocr_par' dir='ltr' id='par_1_2' title="bbox 377 586 3017 990">
     <span class='ocr_line' id='line_1_3' title="bbox 573 586 3012 670; baseline 0.001 -24"><span class='ocrx_word' id='word_1_8' title='bbox 573 586 690 647; x_wconf 90' lang='lat' dir='ltr'><strong>Sed</strong></span> <span class='ocrx_word' id='word_1_9' title='bbox 737 593 796 647; x_wconf 83' lang='lat' dir='ltr'><strong>et</strong></span> <span class='ocrx_word' id='word_1_10' title='bbox 851 586 962 648; x_wconf 87' lang='lat' dir='ltr'><strong>hoc</strong></span> <span class='ocrx_word' id='word_1_11' title='bbox 1011 588 1621 670; x_wconf 89' lang='lat' dir='ltr'><strong>commemorandum,</strong></span> <span class='ocrx_word' id='word_1_12' title='bbox 1677 588 1845 668; x_wconf 86' lang='lat' dir='ltr'><strong>quia,</strong></span> <span class='ocrx_word' id='word_1_13' title='bbox 1891 606 2026 648; x_wconf 93' lang='lat' dir='ltr'><strong>cum</strong></span> <span class='ocrx_word' id='word_1_14' title='bbox 2078 588 2317 648; x_wconf 89' lang='lat' dir='ltr'><strong>uomina</strong></span> <span class='ocrx_word' id='word_1_15' title='bbox 2363 605 2515 666; x_wconf 86' lang='lat' dir='ltr'><strong>quae</strong></span> <span class='ocrx_word' id='word_1_16' title='bbox 2561 589 2623 647; x_wconf 90' lang='lat' dir='ltr'><strong>in</strong></span> <span class='ocrx_word' id='word_1_17' title='bbox 2670 588 2765 648; x_wconf 91' lang='lat' dir='ltr'><strong>ius</strong></span> <span class='ocrx_word' id='word_1_18' title='bbox 2811 586 2901 648; x_wconf 85' lang='lat' dir='ltr'><strong>vel</strong></span> <span class='ocrx_word' id='word_1_19' title='bbox 2950 589 3012 648; x_wconf 90' lang='lat' dir='ltr'><strong>in</strong></span> 
     </span>
     <span class='ocr_line' id='line_1_4' title="bbox 398 693 3017 776; baseline 0 -23"><span class='ocrx_word' id='word_1_20' title='bbox 398 693 517 753; x_wconf 90' lang='lat' dir='ltr'><strong>ium</strong></span> <span class='ocrx_word' id='word_1_21' title='bbox 573 695 971 755; x_wconf 75' lang='lat' dir='ltr'><strong>terminantur</strong></span> <span class='ocrx_word' id='word_1_22' title='bbox 1026 694 1144 755; x_wconf 90' lang='lat' dir='ltr'><strong>duo</strong></span> <span class='ocrx_word' id='word_1_23' title='bbox 1201 699 1223 758; x_wconf 88' lang='lat' dir='ltr'><strong>i</strong></span> <span class='ocrx_word' id='word_1_24' title='bbox 1278 699 1339 758; x_wconf 90' lang='lat' dir='ltr'><strong>in</strong></span> <span class='ocrx_word' id='word_1_25' title='bbox 1397 697 1670 776; x_wconf 79' lang='lat' dir='ltr'><strong>genetivo</strong></span> <span class='ocrx_word' id='word_1_26' title='bbox 1723 693 1945 755; x_wconf 88' lang='lat' dir='ltr'><strong>habere</strong></span> <span class='ocrx_word' id='word_1_27' title='bbox 2000 693 2255 755; x_wconf 86' lang='lat' dir='ltr'><strong>debeant</strong></span> <span class='ocrx_word' id='word_1_28' title='bbox 2310 712 2453 755; x_wconf 88' lang='lat' dir='ltr'><strong>casu</strong></span> <span class='ocrx_word' id='word_1_29' title='bbox 2518 695 2771 756; x_wconf 88' lang='lat' dir='ltr'><strong>duarum</strong></span> <span class='ocrx_word' id='word_1_30' title='bbox 2826 712 3017 772; x_wconf 85' lang='lat' dir='ltr'><strong>aeque</strong></span> 
     </span>
     <span class='ocr_line' id='line_1_5' title="bbox 377 798 3015 882; baseline -0 -23"><span class='ocrx_word' id='word_1_31' title='bbox 377 798 777 878; x_wconf 67' lang='lat' dir='ltr'><strong>syllabarum,</strong></span> <span class='ocrx_word' id='word_1_32' title='bbox 825 801 1060 861; x_wconf 90' lang='lat' dir='ltr'><strong>metrici</strong></span> <span class='ocrx_word' id='word_1_33' title='bbox 1105 821 1226 865; x_wconf 91' lang='lat' dir='ltr'><strong>non</strong></span> <span class='ocrx_word' id='word_1_34' title='bbox 1273 820 1597 882; x_wconf 86' lang='lat' dir='ltr'><strong>numquam</strong></span> <span class='ocrx_word' id='word_1_35' title='bbox 1642 803 1702 862; x_wconf 91' lang='lat' dir='ltr'><strong>in</strong></span> <span class='ocrx_word' id='word_1_36' title='bbox 1752 800 1960 861; x_wconf 90' lang='lat' dir='ltr'><strong>eodem</strong></span> <span class='ocrx_word' id='word_1_37' title='bbox 2007 802 2280 880; x_wconf 85' lang='lat' dir='ltr'><strong>genetivo</strong></span> <span class='ocrx_word' id='word_1_38' title='bbox 2321 818 2460 861; x_wconf 88' lang='lat' dir='ltr'><strong>casu</strong></span> <span class='ocrx_word' id='word_1_39' title='bbox 2509 818 2686 860; x_wconf 90' lang='lat' dir='ltr'><strong>unam</strong></span> <span class='ocrx_word' id='word_1_40' title='bbox 2737 798 3015 878; x_wconf 80' lang='lat' dir='ltr'><strong>syllabam</strong></span> 
     </span>
     <span class='ocr_line' id='line_1_6' title="bbox 396 906 3014 990; baseline 0 -24"><span class='ocrx_word' id='word_1_41' title='bbox 396 912 626 985; x_wconf 90' lang='lat' dir='ltr'><strong>ponunt</strong></span> <span class='ocrx_word' id='word_1_42' title='bbox 676 926 786 987; x_wconf 92' lang='lat' dir='ltr'><strong>pro</strong></span> <span class='ocrx_word' id='word_1_43' title='bbox 834 906 1091 990; x_wconf 89' lang='lat' dir='ltr'><strong>duabus,</strong></span> <span class='ocrx_word' id='word_1_44' title='bbox 1148 909 1238 971; x_wconf 85' lang='lat' dir='ltr'><strong>vel</strong></span> <span class='ocrx_word' id='word_1_45' title='bbox 1294 908 1483 970; x_wconf 86' lang='lat' dir='ltr'><strong>ablata</strong></span> <span class='ocrx_word' id='word_1_46' title='bbox 1531 907 1806 969; x_wconf 84' lang='lat' dir='ltr'><strong>videlicet</strong></span> <span class='ocrx_word' id='word_1_47' title='bbox 1853 924 1970 968; x_wconf 90' lang='lat' dir='ltr'><strong>una</strong></span> <span class='ocrx_word' id='word_1_48' title='bbox 2015 909 2036 967; x_wconf 89' lang='lat' dir='ltr'><strong>i</strong></span> <span class='ocrx_word' id='word_1_49' title='bbox 2082 907 2155 967; x_wconf 88' lang='lat' dir='ltr'><strong>de</strong></span> <span class='ocrx_word' id='word_1_50' title='bbox 2203 906 2434 969; x_wconf 88' lang='lat' dir='ltr'><strong>duabus</strong></span> <span class='ocrx_word' id='word_1_51' title='bbox 2480 906 2571 967; x_wconf 85' lang='lat' dir='ltr'><strong>vel</strong></span> <span class='ocrx_word' id='word_1_52' title='bbox 2619 906 2906 967; x_wconf 86' lang='lat' dir='ltr'><strong>ambabus</strong></span> <span class='ocrx_word' id='word_1_53' title='bbox 2952 908 3014 967; x_wconf 90' lang='lat' dir='ltr'><strong>in</strong></span> 
     </span>
    </p>

    <p class='ocr_par' dir='ltr' id='par_1_3' title="bbox 293 1009 3019 2701">
     <span class='ocr_line' id='line_1_7' title="bbox 346 1009 3016 1097; baseline 0 -24"><span class='ocrx_word' id='word_1_54' title='bbox 346 1035 371 1073; x_wconf 86' lang='lat'><strong>5</strong></span> <span class='ocrx_word' id='word_1_55' title='bbox 398 1030 573 1072; x_wconf 90' lang='lat' dir='ltr'><strong>unam</strong></span> <span class='ocrx_word' id='word_1_56' title='bbox 602 1012 881 1092; x_wconf 74' lang='lat' dir='ltr'><strong>syllabam</strong></span> <span class='ocrx_word' id='word_1_57' title='bbox 919 1017 1251 1097; x_wconf 85' lang='lat' dir='ltr'><strong>geminatis,</strong></span> <span class='ocrx_word' id='word_1_58' title='bbox 1280 1018 1547 1097; x_wconf 86' lang='lat' dir='ltr'><strong>quamvis</strong></span> <span class='ocrx_word' id='word_1_59' title='bbox 1574 1014 1634 1076; x_wconf 89' lang='lat' dir='ltr'><strong>id</strong></span> <span class='ocrx_word' id='word_1_60' title='bbox 1672 1015 1804 1076; x_wconf 85' lang='lat' dir='ltr'><strong>fieri</strong></span> <span class='ocrx_word' id='word_1_61' title='bbox 1840 1032 2016 1096; x_wconf 88' lang='lat' dir='ltr'><strong>posse</strong></span> <span class='ocrx_word' id='word_1_62' title='bbox 2046 1009 2275 1075; x_wconf 89' lang='lat' dir='ltr'><strong>Donato</strong></span> <span class='ocrx_word' id='word_1_63' title='bbox 2305 1021 2458 1075; x_wconf 89' lang='lat' dir='ltr'><strong>teste</strong></span> <span class='ocrx_word' id='word_1_64' title='bbox 2496 1011 2737 1092; x_wconf 84' lang='lat' dir='ltr'><strong>plurimi</strong></span> <span class='ocrx_word' id='word_1_65' title='bbox 2780 1021 3016 1093; x_wconf 81' lang='lat' dir='ltr'><strong>negent.</strong></span> 
     </span>
     <span class='ocr_line' id='line_1_8' title="bbox 398 1117 1074 1184; baseline 0.009 -6"><span class='ocrx_word' id='word_1_66' title='bbox 398 1117 539 1180; x_wconf 87' lang='lat' dir='ltr'><strong>dicit</strong></span> <span class='ocrx_word' id='word_1_67' title='bbox 584 1122 743 1181; x_wconf 89' lang='lat' dir='ltr'><strong>enim</strong></span> <span class='ocrx_word' id='word_1_68' title='bbox 790 1119 1074 1184; x_wconf 81' lang='lat' dir='ltr'><strong>Paulinus</strong></span> 
     </span>
     <span class='ocr_line' id='line_1_9' title="bbox 713 1225 2467 1311; baseline 0.001 -24"><span class='ocrx_word' id='word_1_69' title='bbox 713 1225 1089 1290; x_wconf 86' lang='lat' dir='ltr'><strong>oblectans</strong></span> <span class='ocrx_word' id='word_1_70' title='bbox 1135 1232 1422 1311; x_wconf 82' lang='lat' dir='ltr'><strong>inopem</strong></span> <span class='ocrx_word' id='word_1_71' title='bbox 1469 1247 1687 1291; x_wconf 87' lang='lat' dir='ltr'><strong>sensu</strong></span> <span class='ocrx_word' id='word_1_72' title='bbox 1735 1228 2129 1307; x_wconf 83' lang='lat' dir='ltr'><strong>fructuque</strong></span> <span class='ocrx_word' id='word_1_73' title='bbox 2176 1226 2467 1307; x_wconf 88' lang='lat' dir='ltr'><strong>peculii.</strong></span> 
     </span>
     <span class='ocr_line' id='line_1_10' title="bbox 399 1332 3013 1415; baseline 0 -23"><span class='ocrx_word' id='word_1_74' title='bbox 399 1332 553 1411; x_wconf 91' lang='lat' dir='ltr'><strong>quod</strong></span> <span class='ocrx_word' id='word_1_75' title='bbox 600 1336 651 1395; x_wconf 90' lang='lat' dir='ltr'><strong>si</strong></span> <span class='ocrx_word' id='word_1_76' title='bbox 697 1337 831 1414; x_wconf 89' lang='lat' dir='ltr'><strong>quis</strong></span> <span class='ocrx_word' id='word_1_77' title='bbox 878 1335 1093 1398; x_wconf 82' lang='lat' dir='ltr'><strong>dixerit</strong></span> <span class='ocrx_word' id='word_1_78' title='bbox 1137 1336 1233 1400; x_wconf 90' lang='lat' dir='ltr'><strong>hic</strong></span> <span class='ocrx_word' id='word_1_79' title='bbox 1279 1354 1415 1398; x_wconf 91' lang='lat' dir='ltr'><strong>eum</strong></span> <span class='ocrx_word' id='word_1_80' title='bbox 1463 1353 1628 1397; x_wconf 88' lang='lat' dir='ltr'><strong>more</strong></span> <span class='ocrx_word' id='word_1_81' title='bbox 1666 1336 2049 1415; x_wconf 88' lang='lat' dir='ltr'><strong>antiquorum</strong></span> <span class='ocrx_word' id='word_1_82' title='bbox 2096 1333 2391 1413; x_wconf 78' lang='lat' dir='ltr'><strong>dactylum</strong></span> <span class='ocrx_word' id='word_1_83' title='bbox 2446 1335 2508 1395; x_wconf 90' lang='lat' dir='ltr'><strong>in</strong></span> <span class='ocrx_word' id='word_1_84' title='bbox 2570 1334 2684 1394; x_wconf 80' lang='lat' dir='ltr'><strong>line</strong></span> <span class='ocrx_word' id='word_1_85' title='bbox 2741 1335 3013 1414; x_wconf 83' lang='lat' dir='ltr'><strong>posuisse</strong></span> 
     </span>
     <span class='ocr_line' id='line_1_11' title="bbox 400 1440 1717 1524; baseline 0.005 -27"><span class='ocrx_word' id='word_1_86' title='bbox 400 1440 703 1522; x_wconf 85' lang='lat' dir='ltr'><strong>versiculi,</strong></span> <span class='ocrx_word' id='word_1_87' title='bbox 747 1442 905 1521; x_wconf 83' lang='lat' dir='ltr'><strong>legat</strong></span> <span class='ocrx_word' id='word_1_88' title='bbox 951 1443 1109 1522; x_wconf 88' lang='lat' dir='ltr'><strong>quod</strong></span> <span class='ocrx_word' id='word_1_89' title='bbox 1156 1444 1313 1505; x_wconf 91' lang='lat' dir='ltr'><strong>idem</strong></span> <span class='ocrx_word' id='word_1_90' title='bbox 1359 1442 1496 1504; x_wconf 91' lang='lat' dir='ltr'><strong>alibi</strong></span> <span class='ocrx_word' id='word_1_91' title='bbox 1543 1442 1717 1524; x_wconf 91' lang='lat' dir='ltr'><strong>dicit,</strong></span> 
     </span>
     <span class='ocr_line' id='line_1_12' title="bbox 324 1548 2537 1631; baseline 0.002 -24"><span class='ocrx_word' id='word_1_92' title='bbox 324 1569 373 1608; x_wconf 86' lang='grc' dir='ltr'><strong>ιο</strong></span> <span class='ocrx_word' id='word_1_93' title='bbox 715 1548 1036 1611; x_wconf 83' lang='lat' dir='ltr'><strong>excoluit</strong></span> <span class='ocrx_word' id='word_1_94' title='bbox 1081 1550 1353 1631; x_wconf 85' lang='lat' dir='ltr'><strong>biiugis</strong></span> <span class='ocrx_word' id='word_1_95' title='bbox 1400 1551 1757 1629; x_wconf 86' lang='lat' dir='ltr'><strong>laquearii</strong></span> <span class='ocrx_word' id='word_1_96' title='bbox 1802 1556 1877 1610; x_wconf 86' lang='lat' dir='ltr'><strong>et</strong></span> <span class='ocrx_word' id='word_1_97' title='bbox 1921 1567 2272 1610; x_wconf 90' lang='lat' dir='ltr'><strong>marmore</strong></span> <span class='ocrx_word' id='word_1_98' title='bbox 2318 1548 2537 1611; x_wconf 79' lang='lat' dir='ltr'><strong>fabri:</strong></span> 
     </span>
     <span class='ocr_line' id='line_1_13' title="bbox 398 1654 3007 1739; baseline 0 -23"><span class='ocrx_word' id='word_1_99' title='bbox 398 1654 604 1716; x_wconf 86' lang='lat' dir='ltr'><strong>excolu</strong></span> <span class='ocrx_word' id='word_1_100' title='bbox 649 1654 943 1737; x_wconf 79' lang='lat' dir='ltr'><strong>dactyluS,</strong></span> <span class='ocrx_word' id='word_1_101' title='bbox 989 1656 1161 1718; x_wconf 84' lang='lat' dir='ltr'><strong>itbiiu</strong></span> <span class='ocrx_word' id='word_1_102' title='bbox 1208 1657 1474 1737; x_wconf 87' lang='lat' dir='ltr'><strong>dactylus</strong></span> <span class='ocrx_word' id='word_1_103' title='bbox 1487 1705 1505 1739; x_wconf 99' lang='lat'><strong>,</strong></span> <span class='ocrx_word' id='word_1_104' title='bbox 1549 1656 1815 1737; x_wconf 84' lang='lat' dir='ltr'><strong>gislaque</strong></span> <span class='ocrx_word' id='word_1_105' title='bbox 1858 1654 2139 1735; x_wconf 76' lang='lat' dir='ltr'><strong>dactylus,</strong></span> <span class='ocrx_word' id='word_1_106' title='bbox 2216 1657 2318 1735; x_wconf 93' lang='lat' dir='ltr'><strong>qui</strong></span> <span class='ocrx_word' id='word_1_107' title='bbox 2368 1664 2461 1717; x_wconf 89' lang='lat' dir='ltr'><strong>est</strong></span> <span class='ocrx_word' id='word_1_108' title='bbox 2506 1674 2649 1735; x_wconf 84' lang='lat' dir='ltr'><strong>ergo</strong></span> <span class='ocrx_word' id='word_1_109' title='bbox 2687 1675 2794 1737; x_wconf 88' lang='lat' dir='ltr'><strong>pes</strong></span> <span class='ocrx_word' id='word_1_110' title='bbox 2833 1675 3007 1736; x_wconf 83' lang='lat' dir='ltr'><strong>quar·</strong></span> 
     </span>
     <span class='ocr_line' id='line_1_14' title="bbox 293 1758 3012 1845; baseline 0.001 -22"><span class='ocrx_word' id='word_1_111' title='bbox 293 1806 301 1813; x_wconf 88' lang='lat'>-</span> <span class='ocrx_word' id='word_1_112' title='bbox 400 1758 538 1823; x_wconf 84' lang='lat' dir='ltr'><strong>tus‘?</strong></span> <span class='ocrx_word' id='word_1_113' title='bbox 590 1764 793 1826; x_wconf 83' lang='lat' dir='ltr'><strong>ariiet:</strong></span> <span class='ocrx_word' id='word_1_114' title='bbox 839 1761 1018 1825; x_wconf 87' lang='lat' dir='ltr'><strong>habet</strong></span> <span class='ocrx_word' id='word_1_115' title='bbox 1064 1765 1222 1825; x_wconf 90' lang='lat' dir='ltr'><strong>enim</strong></span> <span class='ocrx_word' id='word_1_116' title='bbox 1269 1771 1551 1844; x_wconf 84' lang='lat' dir='ltr'><strong>quattuor</strong></span> <span class='ocrx_word' id='word_1_117' title='bbox 1598 1762 1878 1845; x_wconf 86' lang='lat' dir='ltr'><strong>syllabas,</strong></span> <span class='ocrx_word' id='word_1_118' title='bbox 1922 1763 2157 1843; x_wconf 82' lang='lat' dir='ltr'><strong>longam</strong></span> <span class='ocrx_word' id='word_1_119' title='bbox 2203 1760 2446 1823; x_wconf 90' lang='lat' dir='ltr'><strong>brevem</strong></span> <span class='ocrx_word' id='word_1_120' title='bbox 2487 1770 2549 1823; x_wconf 89' lang='lat' dir='ltr'><strong>et</strong></span> <span class='ocrx_word' id='word_1_121' title='bbox 2595 1762 2742 1824; x_wconf 88' lang='lat' dir='ltr'><strong>duas</strong></span> <span class='ocrx_word' id='word_1_122' title='bbox 2788 1763 3012 1843; x_wconf 80' lang='lat' dir='ltr'><strong>longas,</strong></span> 
     </span>
     <span class='ocr_line' id='line_1_15' title="bbox 399 1868 3011 1950; baseline 0.002 -22"><span class='ocrx_word' id='word_1_123' title='bbox 399 1871 671 1949; x_wconf 81' lang='lat' dir='ltr'><strong>epitritus</strong></span> <span class='ocrx_word' id='word_1_124' title='bbox 726 1872 789 1931; x_wconf 89' lang='lat' dir='ltr'><strong>in</strong></span> <span class='ocrx_word' id='word_1_125' title='bbox 848 1869 1090 1931; x_wconf 88' lang='lat' dir='ltr'><strong>heroico</strong></span> <span class='ocrx_word' id='word_1_126' title='bbox 1139 1889 1313 1932; x_wconf 88' lang='lat' dir='ltr'><strong>versu</strong></span> <span class='ocrx_word' id='word_1_127' title='bbox 1361 1889 1493 1931; x_wconf 84' lang='lat' dir='ltr'><strong>esse</strong></span> <span class='ocrx_word' id='word_1_128' title='bbox 1540 1889 1660 1931; x_wconf 92' lang='lat' dir='ltr'><strong>non</strong></span> <span class='ocrx_word' id='word_1_129' title='bbox 1715 1877 1932 1950; x_wconf 87' lang='lat' dir='ltr'><strong>potest.</strong></span> <span class='ocrx_word' id='word_1_130' title='bbox 2016 1871 2169 1932; x_wconf 82' lang='lat' dir='ltr'><strong>l&#39;orte</strong></span> <span class='ocrx_word' id='word_1_131' title='bbox 2216 1887 2359 1949; x_wconf 84' lang='lat' dir='ltr'><strong>ergo</strong></span> <span class='ocrx_word' id='word_1_132' title='bbox 2417 1868 2718 1949; x_wconf 87' lang='lat' dir='ltr'><strong>spondeus</strong></span> <span class='ocrx_word' id='word_1_133' title='bbox 2766 1880 2858 1932; x_wconf 89' lang='lat' dir='ltr'><strong>est</strong></span> <span class='ocrx_word' id='word_1_134' title='bbox 2912 1870 3011 1932; x_wconf 88' lang='lat' dir='ltr'><strong>ab·</strong></span> 
     </span>
     <span class='ocr_line' id='line_1_16' title="bbox 399 1975 3011 2058; baseline 0.002 -23"><span class='ocrx_word' id='word_1_135' title='bbox 399 1982 668 2036; x_wconf 86' lang='lat' dir='ltr'><strong>sumente</strong></span> <span class='ocrx_word' id='word_1_136' title='bbox 723 1975 1027 2057; x_wconf 87' lang='lat' dir='ltr'><strong>synalipha</strong></span> <span class='ocrx_word' id='word_1_137' title='bbox 1082 1976 1230 2038; x_wconf 88' lang='lat' dir='ltr'><strong>duas</strong></span> <span class='ocrx_word' id='word_1_138' title='bbox 1277 1977 1506 2039; x_wconf 87' lang='lat' dir='ltr'><strong>vocales</strong></span> <span class='ocrx_word' id='word_1_139' title='bbox 1553 1985 1919 2058; x_wconf 87' lang='lat' dir='ltr'><strong>superventu</strong></span> <span class='ocrx_word' id='word_1_140' title='bbox 1966 1979 2175 2058; x_wconf 73' lang='lat' dir='ltr'><strong>uniuS,</strong></span> <span class='ocrx_word' id='word_1_141' title='bbox 2228 1975 2388 2056; x_wconf 88' lang='lat' dir='ltr'><strong>quod</strong></span> <span class='ocrx_word' id='word_1_142' title='bbox 2447 1994 2562 2036; x_wconf 90' lang='lat' dir='ltr'><strong>nou</strong></span> <span class='ocrx_word' id='word_1_143' title='bbox 2622 1977 2806 2038; x_wconf 79' lang='lat' dir='ltr'><strong>facile·</strong></span> <span class='ocrx_word' id='word_1_144' title='bbox 2839 1977 2931 2038; x_wconf 85' lang='lat' dir='ltr'><strong>vel</strong></span> <span class='ocrx_word' id='word_1_145' title='bbox 2978 1997 3011 2039; x_wconf 92' lang='lat' dir='ltr'><strong>a</strong></span> 
     </span>
     <span class='ocr_line' id='line_1_17' title="bbox 327 2083 3019 2165; baseline 0.001 -22"><span class='ocrx_word' id='word_1_146' title='bbox 327 2102 377 2143; x_wconf 67' lang='grc' dir='ltr'><strong>ιε</strong></span> <span class='ocrx_word' id='word_1_147' title='bbox 403 2084 798 2160; x_wconf 82' lang='lat' dir='ltr'><strong>grammaticis</strong></span> <span class='ocrx_word' id='word_1_148' title='bbox 852 2085 1215 2164; x_wconf 88' lang='lat' dir='ltr'><strong>permissum</strong></span> <span class='ocrx_word' id='word_1_149' title='bbox 1272 2084 1360 2145; x_wconf 79' lang='lat' dir='ltr'><strong>vel</strong></span> <span class='ocrx_word' id='word_1_150' title='bbox 1416 2103 1450 2145; x_wconf 85' lang='lat' dir='ltr'><strong>a</strong></span> <span class='ocrx_word' id='word_1_151' title='bbox 1502 2086 1696 2165; x_wconf 86' lang='lat' dir='ltr'><strong>poetis</strong></span> <span class='ocrx_word' id='word_1_152' title='bbox 1753 2092 2106 2164; x_wconf 83' lang='lat' dir='ltr'><strong>usurpatum</strong></span> <span class='ocrx_word' id='word_1_153' title='bbox 2162 2084 2454 2164; x_wconf 86' lang='lat' dir='ltr'><strong>invenies,</strong></span> <span class='ocrx_word' id='word_1_154' title='bbox 2509 2086 2744 2145; x_wconf 84' lang='lat' dir='ltr'><strong>tametsi</strong></span> <span class='ocrx_word' id='word_1_155' title='bbox 2798 2083 3019 2146; x_wconf 82' lang='lat' dir='ltr'><strong>dixerit</strong></span> 
     </span>
     <span class='ocr_line' id='line_1_18' title="bbox 399 2186 758 2251; baseline 0.014 -4"><span class='ocrx_word' id='word_1_156' title='bbox 399 2186 758 2251; x_wconf 84' lang='lat' dir='ltr'><strong>Fortunatus</strong></span> 
     </span>
     <span class='ocr_line' id='line_1_19' title="bbox 715 2296 2427 2381; baseline 0.002 -26"><span class='ocrx_word' id='word_1_157' title='bbox 715 2296 1082 2361; x_wconf 84' lang='lat' dir='ltr'><strong>vincentii</strong></span> <span class='ocrx_word' id='word_1_158' title='bbox 1127 2298 1518 2381; x_wconf 84' lang='lat' dir='ltr'><strong>Hispaniae</strong></span> <span class='ocrx_word' id='word_1_159' title='bbox 1566 2302 1803 2380; x_wconf 84' lang='lat' dir='ltr'><strong>surgit</strong></span> <span class='ocrx_word' id='word_1_160' title='bbox 1850 2298 1931 2360; x_wconf 87' lang='lat' dir='ltr'><strong>ab</strong></span> <span class='ocrx_word' id='word_1_161' title='bbox 1979 2317 2142 2360; x_wconf 87' lang='lat' dir='ltr'><strong>arce</strong></span> <span class='ocrx_word' id='word_1_162' title='bbox 2192 2298 2427 2360; x_wconf 87' lang='lat' dir='ltr'><strong>decus.</strong></span> 
     </span>
     <span class='ocr_line' id='line_1_20' title="bbox 401 2403 3010 2488; baseline 0.002 -25"><span class='ocrx_word' id='word_1_163' title='bbox 401 2403 569 2464; x_wconf 88' lang='lat' dir='ltr'><strong>cuius</strong></span> <span class='ocrx_word' id='word_1_164' title='bbox 606 2406 837 2466; x_wconf 87' lang='lat' dir='ltr'><strong>scansio</strong></span> <span class='ocrx_word' id='word_1_165' title='bbox 877 2424 1082 2469; x_wconf 89' lang='lat' dir='ltr'><strong>versus</strong></span> <span class='ocrx_word' id='word_1_166' title='bbox 1119 2425 1227 2487; x_wconf 88' lang='lat' dir='ltr'><strong>par</strong></span> <span class='ocrx_word' id='word_1_167' title='bbox 1263 2415 1356 2467; x_wconf 90' lang='lat' dir='ltr'><strong>est</strong></span> <span class='ocrx_word' id='word_1_168' title='bbox 1399 2406 1677 2488; x_wconf 83' lang='lat' dir='ltr'><strong>praefati,</strong></span> <span class='ocrx_word' id='word_1_169' title='bbox 1723 2409 1838 2468; x_wconf 89' lang='lat' dir='ltr'><strong>nisi</strong></span> <span class='ocrx_word' id='word_1_170' title='bbox 1876 2407 2030 2468; x_wconf 83' lang='lat' dir='ltr'><strong>forte</strong></span> <span class='ocrx_word' id='word_1_171' title='bbox 2069 2405 2333 2486; x_wconf 85' lang='lat' dir='ltr'><strong>regulam</strong></span> <span class='ocrx_word' id='word_1_172' title='bbox 2371 2404 2582 2467; x_wconf 87' lang='lat' dir='ltr'><strong>Lucilii</strong></span> <span class='ocrx_word' id='word_1_173' title='bbox 2618 2407 2810 2467; x_wconf 77' lang='lat' dir='ltr'><strong>secuti</strong></span> <span class='ocrx_word' id='word_1_174' title='bbox 2849 2413 3010 2488; x_wconf 87' lang='lat' dir='ltr'><strong>sunt,</strong></span> 
     </span>
     <span class='ocr_line' id='line_1_21' title="bbox 401 2508 3016 2593; baseline 0 -23"><span class='ocrx_word' id='word_1_175' title='bbox 401 2512 500 2588; x_wconf 89' lang='lat' dir='ltr'><strong>qui</strong></span> <span class='ocrx_word' id='word_1_176' title='bbox 537 2508 828 2571; x_wconf 90' lang='lat' dir='ltr'><strong>Lucilium</strong></span> <span class='ocrx_word' id='word_1_177' title='bbox 868 2519 929 2573; x_wconf 93' lang='lat' dir='ltr'><strong>et</strong></span> <span class='ocrx_word' id='word_1_178' title='bbox 965 2513 1277 2575; x_wconf 84' lang='lat' dir='ltr'><strong>Aemilium</strong></span> <span class='ocrx_word' id='word_1_179' title='bbox 1316 2522 1392 2575; x_wconf 87' lang='lat' dir='ltr'><strong>et·</strong></span> <span class='ocrx_word' id='word_1_180' title='bbox 1416 2523 1614 2575; x_wconf 89' lang='lat' dir='ltr'><strong>cetera</strong></span> <span class='ocrx_word' id='word_1_181' title='bbox 1652 2515 1891 2574; x_wconf 90' lang='lat' dir='ltr'><strong>nomina</strong></span> <span class='ocrx_word' id='word_1_182' title='bbox 1929 2531 2079 2593; x_wconf 87' lang='lat' dir='ltr'><strong>quae</strong></span> <span class='ocrx_word' id='word_1_183' title='bbox 2109 2522 2244 2574; x_wconf 86' lang='lat' dir='ltr'><strong>ante</strong></span> <span class='ocrx_word' id='word_1_184' title='bbox 2274 2531 2311 2573; x_wconf 90' lang='lat' dir='ltr'><strong>u</strong></span> <span class='ocrx_word' id='word_1_185' title='bbox 2352 2511 2571 2574; x_wconf 87' lang='lat' dir='ltr'><strong>habeut</strong></span> <span class='ocrx_word' id='word_1_186' title='bbox 2609 2514 2627 2573; x_wconf 94' lang='lat' dir='ltr'><strong>i</strong></span> <span class='ocrx_word' id='word_1_187' title='bbox 2669 2530 2787 2572; x_wconf 90' lang='lat' dir='ltr'><strong>non</strong></span> <span class='ocrx_word' id='word_1_188' title='bbox 2822 2511 3016 2572; x_wconf 90' lang='lat' dir='ltr'><strong>solum</strong></span> 
     </span>
     <span class='ocr_line' id='line_1_22' title="bbox 323 2617 3012 2701; baseline 0.001 -25"><span class='ocrx_word' id='word_1_189' title='bbox 323 2638 374 2676; x_wconf 62' lang='grc' dir='ltr'><strong>ιο</strong></span> <span class='ocrx_word' id='word_1_190' title='bbox 399 2618 458 2676; x_wconf 91' lang='lat' dir='ltr'><strong>in</strong></span> <span class='ocrx_word' id='word_1_191' title='bbox 507 2620 796 2700; x_wconf 81' lang='lat' dir='ltr'><strong>vocativo,</strong></span> <span class='ocrx_word' id='word_1_192' title='bbox 841 2619 945 2681; x_wconf 86' lang='lat' dir='ltr'><strong>sed</strong></span> <span class='ocrx_word' id='word_1_193' title='bbox 994 2622 1170 2682; x_wconf 87' lang='lat' dir='ltr'><strong>etiam</strong></span> <span class='ocrx_word' id='word_1_194' title='bbox 1217 2623 1278 2682; x_wconf 89' lang='lat' dir='ltr'><strong>in</strong></span> <span class='ocrx_word' id='word_1_195' title='bbox 1326 2623 1599 2701; x_wconf 82' lang='lat' dir='ltr'><strong>genetivo</strong></span> <span class='ocrx_word' id='word_1_196' title='bbox 1636 2639 1778 2682; x_wconf 89' lang='lat' dir='ltr'><strong>casu</strong></span> <span class='ocrx_word' id='word_1_197' title='bbox 1824 2639 1933 2701; x_wconf 89' lang='lat' dir='ltr'><strong>per</strong></span> <span class='ocrx_word' id='word_1_198' title='bbox 1972 2638 2158 2682; x_wconf 88' lang='lat' dir='ltr'><strong>unum</strong></span> <span class='ocrx_word' id='word_1_199' title='bbox 2195 2622 2215 2681; x_wconf 89' lang='lat' dir='ltr'><strong>i</strong></span> <span class='ocrx_word' id='word_1_200' title='bbox 2253 2621 2551 2681; x_wconf 85' lang='lat' dir='ltr'><strong>existimat</strong></span> <span class='ocrx_word' id='word_1_201' title='bbox 2587 2617 2770 2679; x_wconf 87' lang='lat' dir='ltr'><strong>scribi</strong></span> <span class='ocrx_word' id='word_1_202' title='bbox 2815 2637 3012 2699; x_wconf 85' lang='lat' dir='ltr'><strong>posse.</strong></span> 
     </span>
    </p>
   </div>
   <div class='ocr_carea' id='block_1_3' title="bbox 575 2751 2831 2902">
    <p class='ocr_par' dir='ltr' id='par_1_4' title="bbox 575 2751 2831 2902">
     <span class='ocr_line' id='line_1_23' title="bbox 575 2751 2831 2821; baseline 0 -11"><span class='ocrx_word' id='word_1_203' title='bbox 575 2751 775 2821; x_wconf 85' lang='lat' dir='ltr'>QVOD</span> <span class='ocrx_word' id='word_1_204' title='bbox 813 2754 909 2811; x_wconf 90' lang='lat' dir='ltr'><strong>ET</strong></span> <span class='ocrx_word' id='word_1_205' title='bbox 946 2754 1414 2814; x_wconf 83' lang='lat' dir='ltr'><strong>AVCTORITAS</strong></span> <span class='ocrx_word' id='word_1_206' title='bbox 1454 2756 1683 2814; x_wconf 83' lang='lat' dir='ltr'>SAEPE</span> <span class='ocrx_word' id='word_1_207' title='bbox 1721 2756 1819 2811; x_wconf 84' lang='grc' dir='ltr'><strong>ΕΤ</strong></span> <span class='ocrx_word' id='word_1_208' title='bbox 1856 2754 2303 2812; x_wconf 83' lang='lat' dir='ltr'><strong>NECESSITAS</strong></span> <span class='ocrx_word' id='word_1_209' title='bbox 2342 2753 2831 2811; x_wconf 80' lang='lat' dir='ltr'><strong>METRICORVM</strong></span> 
     </span>
     <span class='ocr_line' id='line_1_24' title="bbox 1376 2845 2032 2902; baseline 0 -1"><span class='ocrx_word' id='word_1_210' title='bbox 1376 2845 1720 2902; x_wconf 84' lang='lat' dir='ltr'><strong>DECRETA</strong></span> <span class='ocrx_word' id='word_1_211' title='bbox 1758 2846 2032 2902; x_wconf 87' lang='lat' dir='ltr'><strong>VIOLET</strong></span> 
     </span>
    </p>
   </div>
   <div class='ocr_carea' id='block_1_4' title="bbox 316 2957 3063 4003">
    <p class='ocr_par' dir='ltr' id='par_1_5' title="bbox 316 2957 3063 4003">
     <span class='ocr_line' id='line_1_25' title="bbox 573 2957 3019 3040; baseline 0 -23"><span class='ocrx_word' id='word_1_212' title='bbox 573 2957 648 3018; x_wconf 83' lang='lat' dir='ltr'><strong>At</strong></span> <span class='ocrx_word' id='word_1_213' title='bbox 702 2964 899 3020; x_wconf 87' lang='lat' dir='ltr'><strong>tamen</strong></span> <span class='ocrx_word' id='word_1_214' title='bbox 954 2960 1304 3022; x_wconf 88' lang='lat' dir='ltr'><strong>intuendum</strong></span> <span class='ocrx_word' id='word_1_215' title='bbox 1352 2969 1445 3022; x_wconf 87' lang='lat' dir='ltr'><strong>est</strong></span> <span class='ocrx_word' id='word_1_216' title='bbox 1497 2959 1668 3023; x_wconf 89' lang='lat' dir='ltr'><strong>nobis</strong></span> <span class='ocrx_word' id='word_1_217' title='bbox 1723 2963 1862 3040; x_wconf 83' lang='lat' dir='ltr'><strong>quia</strong></span> <span class='ocrx_word' id='word_1_218' title='bbox 1918 2967 1980 3020; x_wconf 89' lang='lat' dir='ltr'><strong>et</strong></span> <span class='ocrx_word' id='word_1_219' title='bbox 2029 2961 2352 3021; x_wconf 87' lang='lat' dir='ltr'><strong>auctoritas</strong></span> <span class='ocrx_word' id='word_1_220' title='bbox 2411 2977 2529 3021; x_wconf 92' lang='lat' dir='ltr'><strong>non</strong></span> <span class='ocrx_word' id='word_1_221' title='bbox 2587 2976 2908 3038; x_wconf 88' lang='lat' dir='ltr'><strong>numquam</strong></span> <span class='ocrx_word' id='word_1_222' title='bbox 2958 2966 3019 3018; x_wconf 87' lang='lat' dir='ltr'><strong>et</strong></span> 
     </span>
     <span class='ocr_line' id='line_1_26' title="bbox 401 3063 3015 3148; baseline 0 -25"><span class='ocrx_word' id='word_1_223' title='bbox 401 3066 722 3126; x_wconf 82' lang='lat' dir='ltr'><strong>necessitas</strong></span> <span class='ocrx_word' id='word_1_224' title='bbox 768 3068 1048 3127; x_wconf 86' lang='lat' dir='ltr'><strong>metricae</strong></span> <span class='ocrx_word' id='word_1_225' title='bbox 1095 3066 1439 3148; x_wconf 89' lang='lat' dir='ltr'><strong>disciplinae</strong></span> <span class='ocrx_word' id='word_1_226' title='bbox 1487 3066 1722 3147; x_wconf 85' lang='lat' dir='ltr'><strong>regulas</strong></span> <span class='ocrx_word' id='word_1_227' title='bbox 1785 3066 1945 3127; x_wconf 85' lang='lat' dir='ltr'><strong>licite</strong></span> <span class='ocrx_word' id='word_1_228' title='bbox 1992 3067 2345 3126; x_wconf 87' lang='lat' dir='ltr'><strong>contemnit:</strong></span> <span class='ocrx_word' id='word_1_229' title='bbox 2402 3067 2726 3126; x_wconf 87' lang='lat' dir='ltr'><strong>necessitas</strong></span> <span class='ocrx_word' id='word_1_230' title='bbox 2772 3063 3015 3143; x_wconf 90' lang='lat' dir='ltr'><strong>quidem</strong></span> 
     </span>
     <span class='ocr_line' id='line_1_27' title="bbox 322 3168 3015 3253; baseline 0 -24"><span class='ocrx_word' id='word_1_231' title='bbox 322 3188 373 3229; x_wconf 64' lang='grc' dir='ltr'><strong>ιε</strong></span> <span class='ocrx_word' id='word_1_232' title='bbox 401 3171 459 3230; x_wconf 89' lang='lat' dir='ltr'><strong>iu</strong></span> <span class='ocrx_word' id='word_1_233' title='bbox 514 3169 607 3231; x_wconf 88' lang='lat' dir='ltr'><strong>his</strong></span> <span class='ocrx_word' id='word_1_234' title='bbox 654 3170 848 3232; x_wconf 88' lang='lat' dir='ltr'><strong>verbis</strong></span> <span class='ocrx_word' id='word_1_235' title='bbox 888 3168 898 3252; x_wconf 91' lang='grc' dir='ltr'>Ι</span> <span class='ocrx_word' id='word_1_236' title='bbox 940 3191 1090 3252; x_wconf 88' lang='lat' dir='ltr'><strong>quae</strong></span> <span class='ocrx_word' id='word_1_237' title='bbox 1147 3192 1265 3234; x_wconf 89' lang='lat' dir='ltr'><strong>non</strong></span> <span class='ocrx_word' id='word_1_238' title='bbox 1321 3173 1493 3234; x_wconf 91' lang='lat' dir='ltr'><strong>aliter</strong></span> <span class='ocrx_word' id='word_1_239' title='bbox 1548 3175 1608 3235; x_wconf 90' lang='lat' dir='ltr'><strong>iu</strong></span> <span class='ocrx_word' id='word_1_240' title='bbox 1667 3191 1844 3234; x_wconf 88' lang='lat' dir='ltr'><strong>versu</strong></span> <span class='ocrx_word' id='word_1_241' title='bbox 1901 3174 2043 3253; x_wconf 89' lang='lat' dir='ltr'><strong>poni</strong></span> <span class='ocrx_word' id='word_1_242' title='bbox 2098 3179 2376 3252; x_wconf 86' lang='lat' dir='ltr'><strong>possunt,</strong></span> <span class='ocrx_word' id='word_1_243' title='bbox 2437 3179 2499 3233; x_wconf 82' lang='lat' dir='ltr'><strong>ut</strong></span> <span class='ocrx_word' id='word_1_244' title='bbox 2550 3185 2691 3231; x_wconf 87' lang='lat' dir='ltr'><strong>sunt</strong></span> <span class='ocrx_word' id='word_1_245' title='bbox 2749 3187 2817 3230; x_wconf 90' lang='lat' dir='ltr'><strong>ea</strong></span> <span class='ocrx_word' id='word_1_246' title='bbox 2863 3187 3015 3248; x_wconf 90' lang='lat' dir='ltr'><strong>quae</strong></span> 
     </span>
     <span class='ocr_line' id='line_1_28' title="bbox 400 3276 3014 3363; baseline -0.001 -24"><span class='ocrx_word' id='word_1_247' title='bbox 400 3286 678 3356; x_wconf 84' lang='lat' dir='ltr'><strong>quattuor</strong></span> <span class='ocrx_word' id='word_1_248' title='bbox 731 3278 980 3358; x_wconf 83' lang='lat' dir='ltr'><strong>syllabas</strong></span> <span class='ocrx_word' id='word_1_249' title='bbox 1034 3279 1246 3341; x_wconf 86' lang='lat' dir='ltr'><strong>breves</strong></span> <span class='ocrx_word' id='word_1_250' title='bbox 1303 3280 1550 3363; x_wconf 86' lang='lat' dir='ltr'><strong>habent,</strong></span> <span class='ocrx_word' id='word_1_251' title='bbox 1625 3280 1788 3341; x_wconf 86' lang='lat' dir='ltr'><strong>ltalia</strong></span> <span class='ocrx_word' id='word_1_252' title='bbox 1854 3278 2091 3361; x_wconf 75' lang='lat' dir='ltr'><strong>basilica</strong></span> <span class='ocrx_word' id='word_1_253' title='bbox 2158 3278 2391 3360; x_wconf 83' lang='lat' dir='ltr'><strong>religio,</strong></span> <span class='ocrx_word' id='word_1_254' title='bbox 2454 3276 2546 3338; x_wconf 88' lang='lat' dir='ltr'><strong>vel</strong></span> <span class='ocrx_word' id='word_1_255' title='bbox 2611 3286 2737 3338; x_wconf 92' lang='lat' dir='ltr'><strong>tres</strong></span> <span class='ocrx_word' id='word_1_256' title='bbox 2793 3278 3014 3357; x_wconf 87' lang='lat' dir='ltr'><strong>primas</strong></span> 
     </span>
     <span class='ocr_line' id='line_1_29' title="bbox 399 3382 3063 3469; baseline 0 -25"><span class='ocrx_word' id='word_1_257' title='bbox 399 3382 635 3465; x_wconf 80' lang='lat' dir='ltr'><strong>breveS,</strong></span> <span class='ocrx_word' id='word_1_258' title='bbox 680 3393 747 3446; x_wconf 88' lang='lat' dir='ltr'><strong>ut</strong></span> <span class='ocrx_word' id='word_1_259' title='bbox 793 3385 1102 3469; x_wconf 86' lang='lat' dir='ltr'><strong>reliquiae,</strong></span> <span class='ocrx_word' id='word_1_260' title='bbox 1150 3387 1241 3448; x_wconf 87' lang='lat' dir='ltr'><strong>vel</strong></span> <span class='ocrx_word' id='word_1_261' title='bbox 1286 3406 1463 3449; x_wconf 86' lang='lat' dir='ltr'><strong>unam</strong></span> <span class='ocrx_word' id='word_1_262' title='bbox 1510 3390 1573 3448; x_wconf 91' lang='lat' dir='ltr'><strong>in</strong></span> <span class='ocrx_word' id='word_1_263' title='bbox 1619 3386 1814 3449; x_wconf 89' lang='lat' dir='ltr'><strong>medio</strong></span> <span class='ocrx_word' id='word_1_264' title='bbox 1862 3385 2133 3466; x_wconf 88' lang='lat' dir='ltr'><strong>brevem,</strong></span> <span class='ocrx_word' id='word_1_265' title='bbox 2181 3395 2248 3448; x_wconf 91' lang='lat' dir='ltr'><strong>ut</strong></span> <span class='ocrx_word' id='word_1_266' title='bbox 2294 3387 2510 3447; x_wconf 85' lang='lat' dir='ltr'><strong>veritas</strong></span> <span class='ocrx_word' id='word_1_267' title='bbox 2559 3385 2821 3465; x_wconf 85' lang='lat' dir='ltr'><strong>trinitas,</strong></span> <span class='ocrx_word' id='word_1_268' title='bbox 2863 3402 3013 3463; x_wconf 87' lang='lat' dir='ltr'><strong>quae</strong></span> <span class='ocrx_word' id='word_1_269' title='bbox 3052 3392 3063 3402; x_wconf 84' lang='grc'><em>·</em></span> 
     </span>
     <span class='ocr_line' id='line_1_30' title="bbox 399 3491 3014 3575; baseline 0 -26"><span class='ocrx_word' id='word_1_270' title='bbox 399 3508 593 3569; x_wconf 88' lang='lat' dir='ltr'><strong>neque</strong></span> <span class='ocrx_word' id='word_1_271' title='bbox 637 3491 932 3572; x_wconf 85' lang='lat' dir='ltr'><strong>dactylum</strong></span> <span class='ocrx_word' id='word_1_272' title='bbox 969 3501 1323 3555; x_wconf 88' lang='lat' dir='ltr'><strong>consuetum</strong></span> <span class='ocrx_word' id='word_1_273' title='bbox 1361 3513 1554 3574; x_wconf 88' lang='lat' dir='ltr'><strong>neque</strong></span> <span class='ocrx_word' id='word_1_274' title='bbox 1603 3493 1932 3575; x_wconf 89' lang='lat' dir='ltr'><strong>spondeum</strong></span> <span class='ocrx_word' id='word_1_275' title='bbox 1979 3493 2173 3553; x_wconf 83' lang='lat' dir='ltr'><strong>facere</strong></span> <span class='ocrx_word' id='word_1_276' title='bbox 2222 3501 2501 3573; x_wconf 88' lang='lat' dir='ltr'><strong>possunt,</strong></span> <span class='ocrx_word' id='word_1_277' title='bbox 2549 3491 2705 3571; x_wconf 90' lang='lat' dir='ltr'><strong>quod</strong></span> <span class='ocrx_word' id='word_1_278' title='bbox 2753 3491 3014 3572; x_wconf 89' lang='lat' dir='ltr'><strong>propriis</strong></span> 
     </span>
     <span class='ocr_line' id='line_1_31' title="bbox 398 3597 2171 3681; baseline 0.002 -24"><span class='ocrx_word' id='word_1_279' title='bbox 398 3597 736 3659; x_wconf 86' lang='lat' dir='ltr'><strong>nominibus</strong></span> <span class='ocrx_word' id='word_1_280' title='bbox 782 3602 1032 3661; x_wconf 86' lang='lat' dir='ltr'><strong>maxime</strong></span> <span class='ocrx_word' id='word_1_281' title='bbox 1080 3600 1231 3662; x_wconf 88' lang='lat' dir='ltr'><strong>solet</strong></span> <span class='ocrx_word' id='word_1_282' title='bbox 1276 3604 1533 3662; x_wconf 86' lang='lat' dir='ltr'><strong>evenire.</strong></span> <span class='ocrx_word' id='word_1_283' title='bbox 1609 3599 1787 3662; x_wconf 88' lang='lat' dir='ltr'><strong>huius</strong></span> <span class='ocrx_word' id='word_1_284' title='bbox 1835 3599 2171 3681; x_wconf 84' lang='lat' dir='ltr'><strong>exemplum</strong></span> 
     </span>
     <span class='ocr_line' id='line_1_32' title="bbox 316 3688 2706 3788; baseline 0.003 -26"><span class='ocrx_word' id='word_1_285' title='bbox 316 3721 371 3762; x_wconf 76' lang='lat' dir='ltr'><strong>ao</strong></span> <span class='ocrx_word' id='word_1_286' title='bbox 716 3688 993 3767; x_wconf 85' lang='lat' dir='ltr'><strong>ltaliam</strong></span> <span class='ocrx_word' id='word_1_287' title='bbox 1040 3710 1411 3788; x_wconf 87' lang='lat' dir='ltr'><strong>sequimur</strong></span> <span class='ocrx_word' id='word_1_288' title='bbox 1457 3710 1855 3788; x_wconf 77' lang='lat' dir='ltr'><strong>lugientem</strong></span> <span class='ocrx_word' id='word_1_289' title='bbox 1901 3715 1972 3768; x_wconf 88' lang='lat' dir='ltr'><strong>et</strong></span> <span class='ocrx_word' id='word_1_290' title='bbox 2017 3708 2408 3787; x_wconf 82' lang='lat' dir='ltr'><strong>mergimur</strong></span> <span class='ocrx_word' id='word_1_291' title='bbox 2464 3705 2706 3768; x_wconf 87' lang='lat' dir='ltr'><strong>undis:</strong></span> 
     </span>
     <span class='ocr_line' id='line_1_33' title="bbox 398 3803 3017 3907; baseline 0.002 -39"><span class='ocrx_word' id='word_1_292' title='bbox 398 3811 417 3869; x_wconf 94' lang='lat' dir='ltr'><strong>i</strong></span> <span class='ocrx_word' id='word_1_293' title='bbox 464 3816 670 3871; x_wconf 86' lang='lat' dir='ltr'><strong>contra</strong></span> <span class='ocrx_word' id='word_1_294' title='bbox 717 3821 987 3879; x_wconf 86' lang='lat' dir='ltr'><strong>naturam</strong></span> <span class='ocrx_word' id='word_1_295' title='bbox 1033 3833 1143 3895; x_wconf 90' lang='lat' dir='ltr'><strong>pro</strong></span> <span class='ocrx_word' id='word_1_296' title='bbox 1189 3815 1358 3907; x_wconf 73' lang='lat' dir='ltr'><strong>longa</strong></span> <span class='ocrx_word' id='word_1_297' title='bbox 1407 3817 1634 3896; x_wconf 88' lang='lat' dir='ltr'><strong>posuit,</strong></span> <span class='ocrx_word' id='word_1_298' title='bbox 1681 3816 1819 3893; x_wconf 88' lang='lat' dir='ltr'><strong>quia</strong></span> <span class='ocrx_word' id='word_1_299' title='bbox 1873 3832 1989 3874; x_wconf 92' lang='lat' dir='ltr'><strong>non</strong></span> <span class='ocrx_word' id='word_1_300' title='bbox 2037 3813 2207 3875; x_wconf 88' lang='lat' dir='ltr'><strong>aliter</strong></span> <span class='ocrx_word' id='word_1_301' title='bbox 2256 3813 2508 3896; x_wconf 88' lang='lat' dir='ltr'><strong>ltaliam,</strong></span> <span class='ocrx_word' id='word_1_302' title='bbox 2557 3803 3017 3893; x_wconf 65' lang='lat' dir='ltr'><strong>quam‘saepius</strong></span> 
     </span>
     <span class='ocr_line' id='line_1_34' title="bbox 397 3917 3016 4003; baseline 0.002 -28"><span class='ocrx_word' id='word_1_303' title='bbox 397 3924 527 3977; x_wconf 87' lang='lat' dir='ltr'><strong>erat</strong></span> <span class='ocrx_word' id='word_1_304' title='bbox 572 3920 1011 4003; x_wconf 79' lang='lat' dir='ltr'><strong>nominaturuS,</strong></span> <span class='ocrx_word' id='word_1_305' title='bbox 1058 3922 1350 4003; x_wconf 87' lang='lat' dir='ltr'><strong>appellare</strong></span> <span class='ocrx_word' id='word_1_306' title='bbox 1398 3920 1654 4003; x_wconf 87' lang='lat' dir='ltr'><strong>valebat,</strong></span> <span class='ocrx_word' id='word_1_307' title='bbox 1715 3922 1831 3981; x_wconf 89' lang='lat' dir='ltr'><strong>nisi</strong></span> <span class='ocrx_word' id='word_1_308' title='bbox 1877 3928 1979 3981; x_wconf 88' lang='lat' dir='ltr'><strong>aut</strong></span> <span class='ocrx_word' id='word_1_309' title='bbox 2025 3917 2303 4000; x_wconf 83' lang='lat' dir='ltr'><strong>syllabam</strong></span> <span class='ocrx_word' id='word_1_310' title='bbox 2362 3937 2513 3999; x_wconf 89' lang='lat' dir='ltr'><strong>quae</strong></span> <span class='ocrx_word' id='word_1_311' title='bbox 2561 3927 2770 3980; x_wconf 84' lang='lat' dir='ltr'><strong>natura</strong></span> <span class='ocrx_word' id='word_1_312' title='bbox 2818 3917 3016 3980; x_wconf 84' lang='lat' dir='ltr'><strong>brevis</strong></span> 
     </span>
    </p>
   </div>
   <div class='ocr_carea' id='block_1_5' title="bbox 399 4039 822 4051">
    <p class='ocr_par' dir='ltr' id='par_1_6' title="bbox 399 4039 822 4051">
     <span class='ocr_line' id='line_1_35' title="bbox 399 4039 822 4051; baseline 0 1477"><span class='ocrx_word' id='word_1_313' title='bbox 399 4039 822 4051; x_wconf 95' lang='lat' dir='ltr'><strong> </strong></span> 
     </span>
    </p>
   </div>
   <div class='ocr_carea' id='block_1_6' title="bbox 395 4098 3017 4412">
    <p class='ocr_par' dir='ltr' id='par_1_7' title="bbox 395 4098 3017 4333">
     <span class='ocr_line' id='line_1_36' title="bbox 545 4098 3015 4170; baseline 0.001 -18"><span class='ocrx_word' id='word_1_314' title='bbox 545 4105 572 4152; x_wconf 91' lang='lat'>1</span> <span class='ocrx_word' id='word_1_315' title='bbox 604 4101 662 4154; x_wconf 80' lang='lat' dir='ltr'><strong>et</strong></span> <span class='ocrx_word' id='word_1_316' title='bbox 688 4117 789 4157; x_wconf 86' lang='lat' dir='ltr'><strong>om.</strong></span> <span class='ocrx_word' id='word_1_317' title='bbox 821 4100 1014 4169; x_wconf 90' lang='lat' dir='ltr'><strong>FLP,</strong></span> <span class='ocrx_word' id='word_1_318' title='bbox 1043 4104 1171 4159; x_wconf 79' lang='lat' dir='ltr'><strong>add.</strong></span> <span class='ocrx_word' id='word_1_319' title='bbox 1202 4117 1236 4161; x_wconf 86' lang='grc' dir='ltr'><strong><em>ς</em></strong></span> <span class='ocrx_word' id='word_1_320' title='bbox 1343 4102 1438 4157; x_wconf 85' lang='lat' dir='ltr'><strong>uel</strong></span> <span class='ocrx_word' id='word_1_321' title='bbox 1463 4100 1522 4155; x_wconf 85' lang='lat' dir='ltr'><strong>in</strong></span> <span class='ocrx_word' id='word_1_322' title='bbox 1550 4099 1668 4155; x_wconf 87' lang='lat' dir='ltr'><strong>ium</strong></span> <span class='ocrx_word' id='word_1_323' title='bbox 1698 4099 1761 4153; x_wconf 99' lang='lat' dir='ltr'><strong><em>F</em></strong></span> <span class='ocrx_word' id='word_1_324' title='bbox 1784 4098 1877 4155; x_wconf 86' lang='lat' dir='ltr'><strong>uel</strong></span> <span class='ocrx_word' id='word_1_325' title='bbox 1907 4116 2049 4168; x_wconf 78' lang='lat' dir='ltr'><strong>quae</strong></span> <span class='ocrx_word' id='word_1_326' title='bbox 2078 4098 2137 4153; x_wconf 85' lang='lat' dir='ltr'><strong>in</strong></span> <span class='ocrx_word' id='word_1_327' title='bbox 2163 4099 2282 4153; x_wconf 89' lang='lat' dir='ltr'><strong>ium</strong></span> <span class='ocrx_word' id='word_1_328' title='bbox 2301 4098 2472 4156; x_wconf 68' lang='grc' dir='ltr'><strong>ςΙιΡ</strong></span> <span class='ocrx_word' id='word_1_329' title='bbox 2573 4105 2605 4152; x_wconf 83' lang='lat'><strong>2</strong></span> <span class='ocrx_word' id='word_1_330' title='bbox 2644 4099 2848 4170; x_wconf 77' lang='lat' dir='ltr'><strong>aeque]</strong></span> <span class='ocrx_word' id='word_1_331' title='bbox 2880 4117 3015 4170; x_wconf 91' lang='lat' dir='ltr'><strong>quo·</strong></span> 
     </span>
     <span class='ocr_line' id='line_1_37' title="bbox 397 4177 3017 4251; baseline 0.001 -19"><span class='ocrx_word' id='word_1_332' title='bbox 397 4195 508 4247; x_wconf 87' lang='lat' dir='ltr'><strong>quo</strong></span> <span class='ocrx_word' id='word_1_333' title='bbox 532 4179 586 4232; x_wconf 88' lang='lat' dir='ltr'><strong><em>L</em></strong></span> <span class='ocrx_word' id='word_1_334' title='bbox 694 4185 727 4234; x_wconf 83' lang='lat'>4</span> <span class='ocrx_word' id='word_1_335' title='bbox 754 4182 973 4250; x_wconf 78' lang='lat' dir='ltr'><strong>ponunt</strong></span> <span class='ocrx_word' id='word_1_336' title='bbox 999 4198 1101 4250; x_wconf 88' lang='lat' dir='ltr'><strong>pro</strong></span> <span class='ocrx_word' id='word_1_337' title='bbox 1122 4183 1336 4238; x_wconf 77' lang='lat' dir='ltr'><strong>duabus</strong></span> <span class='ocrx_word' id='word_1_338' title='bbox 1357 4182 1480 4236; x_wconf 88' lang='lat' dir='ltr'><strong>FP</strong></span> <span class='ocrx_word' id='word_1_339' title='bbox 1501 4197 1602 4251; x_wconf 86' lang='lat' dir='ltr'><strong>pro</strong></span> <span class='ocrx_word' id='word_1_340' title='bbox 1623 4180 1840 4236; x_wconf 78' lang='lat' dir='ltr'><strong>duabus</strong></span> <span class='ocrx_word' id='word_1_341' title='bbox 1860 4181 1914 4234; x_wconf 88' lang='lat' dir='ltr'><strong><em>L</em></strong></span> <span class='ocrx_word' id='word_1_342' title='bbox 1942 4196 2043 4250; x_wconf 86' lang='lat' dir='ltr'><strong>pro</strong></span> <span class='ocrx_word' id='word_1_343' title='bbox 2064 4178 2279 4234; x_wconf 80' lang='lat' dir='ltr'><strong>duabus</strong></span> <span class='ocrx_word' id='word_1_344' title='bbox 2303 4177 2597 4247; x_wconf 78' lang='lat' dir='ltr'><strong>proferunt</strong></span> <span class='ocrx_word' id='word_1_345' title='bbox 2624 4179 2646 4232; x_wconf 83' lang='lat' dir='ltr'><em>l</em></span> <span class='ocrx_word' id='word_1_346' title='bbox 2752 4184 2783 4232; x_wconf 87' lang='lat'><strong>5</strong></span> <span class='ocrx_word' id='word_1_347' title='bbox 2805 4177 3017 4235; x_wconf 75' lang='lat' dir='ltr'><strong>donato</strong></span> 
     </span>
     <span class='ocr_line' id='line_1_38' title="bbox 395 4257 3014 4333; baseline -0 -19"><span class='ocrx_word' id='word_1_348' title='bbox 395 4260 545 4314; x_wconf 70' lang='lat' dir='ltr'><strong>testa</strong></span> <span class='ocrx_word' id='word_1_349' title='bbox 571 4259 799 4329; x_wconf 89' lang='lat' dir='ltr'><strong>plurimi</strong></span> <span class='ocrx_word' id='word_1_350' title='bbox 814 4260 876 4314; x_wconf 87' lang='lat' dir='ltr'><strong><em>F</em></strong></span> <span class='ocrx_word' id='word_1_351' title='bbox 898 4259 1106 4317; x_wconf 73' lang='lat' dir='ltr'><strong>donato</strong></span> <span class='ocrx_word' id='word_1_352' title='bbox 1134 4263 1380 4319; x_wconf 66' lang='lat' dir='ltr'><strong>testante</strong></span> <span class='ocrx_word' id='word_1_353' title='bbox 1407 4259 1637 4333; x_wconf 85' lang='lat' dir='ltr'><strong>plurimi</strong></span> <span class='ocrx_word' id='word_1_354' title='bbox 1656 4276 1690 4319; x_wconf 83' lang='grc' dir='ltr'><strong><em>ς</em></strong></span> <span class='ocrx_word' id='word_1_355' title='bbox 1706 4261 1762 4314; x_wconf 89' lang='grc' dir='ltr'><strong><em>Ρ</em></strong></span> <span class='ocrx_word' id='word_1_356' title='bbox 1787 4258 2017 4330; x_wconf 88' lang='lat' dir='ltr'><strong>plurimi</strong></span> <span class='ocrx_word' id='word_1_357' title='bbox 2036 4260 2246 4315; x_wconf 78' lang='lat' dir='ltr'><strong>donato</strong></span> <span class='ocrx_word' id='word_1_358' title='bbox 2273 4260 2420 4312; x_wconf 75' lang='lat' dir='ltr'><strong>teste</strong></span> <span class='ocrx_word' id='word_1_359' title='bbox 2436 4257 2520 4312; x_wconf 74' lang='lat' dir='ltr'><strong>L:</strong></span> <span class='ocrx_word' id='word_1_360' title='bbox 2548 4258 2696 4313; x_wconf 76' lang='lat' dir='ltr'><strong>Don.</strong></span> <span class='ocrx_word' id='word_1_361' title='bbox 2709 4274 2771 4326; x_wconf 83' lang='lat' dir='ltr'><strong>p.</strong></span> <span class='ocrx_word' id='word_1_362' title='bbox 2794 4263 2923 4324; x_wconf 86' lang='lat'><strong>367,</strong></span> <span class='ocrx_word' id='word_1_363' title='bbox 2943 4265 3014 4314; x_wconf 86' lang='lat'><strong>19</strong></span> 
     </span>
    </p>

    <p class='ocr_par' dir='ltr' id='par_1_8' title="bbox 470 4337 3015 4412">
     <span class='ocr_line' id='line_1_39' title="bbox 470 4337 3015 4412; baseline -0 -18"><span class='ocrx_word' id='word_1_364' title='bbox 470 4346 502 4394; x_wconf 84' lang='lat'>8</span> <span class='ocrx_word' id='word_1_365' title='bbox 541 4340 774 4409; x_wconf 76' lang='lat' dir='ltr'><strong>antiquo</strong></span> <span class='ocrx_word' id='word_1_366' title='bbox 812 4340 866 4393; x_wconf 90' lang='lat' dir='ltr'><strong><em>L</em></strong></span> <span class='ocrx_word' id='word_1_367' title='bbox 977 4347 1039 4394; x_wconf 90' lang='lat'><strong>11</strong></span> <span class='ocrx_word' id='word_1_368' title='bbox 1081 4342 1208 4412; x_wconf 86' lang='lat' dir='ltr'><strong>quis</strong></span> <span class='ocrx_word' id='word_1_369' title='bbox 1245 4347 1331 4399; x_wconf 81' lang='lat' dir='ltr'><strong>est</strong></span> <span class='ocrx_word' id='word_1_370' title='bbox 1357 4344 1411 4397; x_wconf 99' lang='lat' dir='ltr'><strong><em>L</em></strong></span> <span class='ocrx_word' id='word_1_371' title='bbox 1524 4346 1588 4396; x_wconf 84' lang='lat'><strong>15</strong></span> <span class='ocrx_word' id='word_1_372' title='bbox 1617 4340 1868 4411; x_wconf 78' lang='lat' dir='ltr'><strong>tametsi]</strong></span> <span class='ocrx_word' id='word_1_373' title='bbox 1899 4341 2080 4394; x_wconf 70' lang='lat' dir='ltr'><strong>temet.</strong></span> <span class='ocrx_word' id='word_1_374' title='bbox 2105 4338 2167 4392; x_wconf 86' lang='lat' dir='ltr'><strong><em>F</em></strong></span> <span class='ocrx_word' id='word_1_375' title='bbox 2274 4343 2339 4392; x_wconf 82' lang='lat'><strong>17</strong></span> <span class='ocrx_word' id='word_1_376' title='bbox 2369 4337 2676 4408; x_wconf 76' lang='lat' dir='ltr'><strong>Hispaniae</strong></span> <span class='ocrx_word' id='word_1_377' title='bbox 2705 4337 3015 4407; x_wconf 61' lang='lat' dir='ltr'><strong>Fut-scmus,</strong></span> 
     </span>
    </p>
   </div>
   <div class='ocr_carea' id='block_1_7' title="bbox 393 4416 3014 4623">
    <p class='ocr_par' dir='ltr' id='par_1_9' title="bbox 393 4416 3014 4623">
     <span class='ocr_line' id='line_1_40' title="bbox 393 4416 3013 4492; baseline 0 -19"><span class='ocrx_word' id='word_1_378' title='bbox 393 4418 657 4490; x_wconf 74' lang='lat' dir='ltr'><strong>hispania</strong></span> <span class='ocrx_word' id='word_1_379' title='bbox 692 4419 919 4478; x_wconf 78' lang='lat' dir='ltr'><strong>FLPs&#39;</strong></span> <span class='ocrx_word' id='word_1_380' title='bbox 1089 4426 1281 4492; x_wconf 82' lang='lat' dir='ltr'><strong>surget</strong></span> <span class='ocrx_word' id='word_1_381' title='bbox 1316 4439 1453 4478; x_wconf 82' lang='lat' dir='ltr'><strong>corr.</strong></span> <span class='ocrx_word' id='word_1_382' title='bbox 1494 4421 1568 4477; x_wconf 82' lang='lat' dir='ltr'><strong>-it</strong></span> <span class='ocrx_word' id='word_1_383' title='bbox 1608 4421 1664 4475; x_wconf 92' lang='lat' dir='ltr'><strong><em>P</em></strong></span> <span class='ocrx_word' id='word_1_384' title='bbox 1835 4424 1900 4475; x_wconf 88' lang='lat'><strong>18</strong></span> <span class='ocrx_word' id='word_1_385' title='bbox 1951 4436 2081 4491; x_wconf 79' lang='lat' dir='ltr'><strong>pars</strong></span> <span class='ocrx_word' id='word_1_386' title='bbox 2119 4436 2257 4476; x_wconf 81' lang='lat' dir='ltr'><strong>corr.</strong></span> <span class='ocrx_word' id='word_1_387' title='bbox 2295 4437 2397 4489; x_wconf 79' lang='lat' dir='ltr'><strong>par</strong></span> <span class='ocrx_word' id='word_1_388' title='bbox 2434 4419 2489 4472; x_wconf 93' lang='lat' dir='ltr'><em>P</em></span> <span class='ocrx_word' id='word_1_389' title='bbox 2653 4416 2830 4472; x_wconf 83' lang='lat' dir='ltr'><strong>lucilii</strong></span> <span class='ocrx_word' id='word_1_390' title='bbox 2874 4433 3013 4474; x_wconf 77' lang='lat' dir='ltr'><strong>corr.</strong></span> 
     </span>
     <span class='ocr_line' id='line_1_41' title="bbox 394 4502 3014 4623; baseline 0 -17"><span class='ocrx_word' id='word_1_391' title='bbox 394 4551 532 4607; x_wconf 85' lang='lat' dir='ltr'><strong>lucii</strong></span> <span class='ocrx_word' id='word_1_392' title='bbox 573 4552 651 4606; x_wconf 87' lang='lat' dir='ltr'><strong>P:</strong></span> <span class='ocrx_word' id='word_1_393' title='bbox 688 4554 757 4621; x_wconf 63' lang='grc' dir='ltr'><strong>οἶ.</strong></span> <span class='ocrx_word' id='word_1_394' title='bbox 797 4552 1013 4609; x_wconf 67' lang='lat' dir='ltr'><strong>Charis.</strong></span> <span class='ocrx_word' id='word_1_395' title='bbox 1042 4571 1103 4623; x_wconf 79' lang='lat' dir='ltr'><strong>p.</strong></span> <span class='ocrx_word' id='word_1_396' title='bbox 1144 4560 1237 4621; x_wconf 78' lang='lat'><strong>78,</strong></span> <span class='ocrx_word' id='word_1_397' title='bbox 1273 4560 1308 4609; x_wconf 78' lang='lat'><strong><em>4</em></strong></span> <span class='ocrx_word' id='word_1_398' title='bbox 1455 4561 1519 4610; x_wconf 87' lang='lat'><strong>19</strong></span> <span class='ocrx_word' id='word_1_399' title='bbox 1558 4554 1814 4609; x_wconf 88' lang='lat' dir='ltr'><strong>lucilium</strong></span> <span class='ocrx_word' id='word_1_400' title='bbox 1851 4554 1905 4607; x_wconf 93' lang='lat' dir='ltr'><strong><em>L</em></strong></span> <span class='ocrx_word' id='word_1_401' title='bbox 1940 4502 2149 4608; x_wconf 67' lang='lat' dir='ltr'><strong>luc-iiim</strong></span> <span class='ocrx_word' id='word_1_402' title='bbox 2189 4552 2245 4606; x_wconf 92' lang='lat' dir='ltr'><strong><em>P</em></strong></span> <span class='ocrx_word' id='word_1_403' title='bbox 2272 4551 2481 4606; x_wconf 86' lang='lat' dir='ltr'><strong>lucium</strong></span> <span class='ocrx_word' id='word_1_404' title='bbox 2518 4550 2581 4604; x_wconf 89' lang='lat' dir='ltr'><strong><em>F</em></strong></span> <span class='ocrx_word' id='word_1_405' title='bbox 2702 4555 2773 4605; x_wconf 75' lang='lat'><strong>20</strong></span> <span class='ocrx_word' id='word_1_406' title='bbox 2798 4548 2858 4604; x_wconf 84' lang='lat' dir='ltr'><strong>in</strong></span> <span class='ocrx_word' id='word_1_407' title='bbox 2885 4555 3014 4606; x_wconf 76' lang='lat' dir='ltr'><strong>ante</strong></span> 
     </span>
    </p>
   </div>
   <div class='ocr_carea' id='block_1_8' title="bbox 393 4630 3020 4947">
    <p class='ocr_par' dir='ltr' id='par_1_10' title="bbox 393 4630 3020 4947">
     <span class='ocr_line' id='line_1_42' title="bbox 395 4630 3018 4703; baseline 0 -17"><span class='ocrx_word' id='word_1_408' title='bbox 395 4632 657 4688; x_wconf 78' lang='lat' dir='ltr'><strong>vocativo</strong></span> <span class='ocrx_word' id='word_1_409' title='bbox 693 4650 794 4689; x_wconf 78' lang='lat' dir='ltr'><strong>om.</strong></span> <span class='ocrx_word' id='word_1_410' title='bbox 834 4633 910 4700; x_wconf 82' lang='lat' dir='ltr'><strong>F,</strong></span> <span class='ocrx_word' id='word_1_411' title='bbox 947 4636 1075 4690; x_wconf 77' lang='lat' dir='ltr'><strong>aad.</strong></span> <span class='ocrx_word' id='word_1_412' title='bbox 1115 4635 1237 4689; x_wconf 92' lang='lat' dir='ltr'><strong>LP</strong></span> <span class='ocrx_word' id='word_1_413' title='bbox 1359 4634 1529 4690; x_wconf 77' lang='lat' dir='ltr'><strong>etiam</strong></span> <span class='ocrx_word' id='word_1_414' title='bbox 1567 4651 1667 4691; x_wconf 84' lang='lat' dir='ltr'><strong>om.</strong></span> <span class='ocrx_word' id='word_1_415' title='bbox 1707 4634 1842 4703; x_wconf 90' lang='lat' dir='ltr'><strong>FP,</strong></span> <span class='ocrx_word' id='word_1_416' title='bbox 1879 4635 2007 4689; x_wconf 78' lang='lat' dir='ltr'><strong>add.</strong></span> <span class='ocrx_word' id='word_1_417' title='bbox 2048 4634 2102 4687; x_wconf 91' lang='lat' dir='ltr'><strong><em>L</em></strong></span> <span class='ocrx_word' id='word_1_418' title='bbox 2211 4630 2494 4688; x_wconf 70' lang='lat' dir='ltr'><strong>existimat</strong></span> <span class='ocrx_word' id='word_1_419' title='bbox 2532 4630 2712 4686; x_wconf 85' lang='lat' dir='ltr'><strong>scribe</strong></span> <span class='ocrx_word' id='word_1_420' title='bbox 2747 4647 2912 4701; x_wconf 81' lang='lat' dir='ltr'><strong>posse</strong></span> <span class='ocrx_word' id='word_1_421' title='bbox 2957 4631 3018 4686; x_wconf 90' lang='lat' dir='ltr'><strong><em>F</em></strong></span> 
     </span>
     <span class='ocr_line' id='line_1_43' title="bbox 395 4711 3016 4784; baseline 0.001 -17"><span class='ocrx_word' id='word_1_422' title='bbox 395 4711 722 4769; x_wconf 76' lang='lat' dir='ltr'><strong>existimant</strong></span> <span class='ocrx_word' id='word_1_423' title='bbox 748 4715 919 4770; x_wconf 82' lang='lat' dir='ltr'><strong>scribi</strong></span> <span class='ocrx_word' id='word_1_424' title='bbox 946 4731 1108 4784; x_wconf 78' lang='lat' dir='ltr'><strong>posse</strong></span> <span class='ocrx_word' id='word_1_425' title='bbox 1138 4714 1192 4768; x_wconf 91' lang='lat' dir='ltr'><strong><em>L</em></strong></span> <span class='ocrx_word' id='word_1_426' title='bbox 1221 4712 1388 4770; x_wconf 80' lang='lat' dir='ltr'><strong>scribi</strong></span> <span class='ocrx_word' id='word_1_427' title='bbox 1416 4730 1578 4782; x_wconf 80' lang='lat' dir='ltr'><strong>posse</strong></span> <span class='ocrx_word' id='word_1_428' title='bbox 1608 4714 1934 4769; x_wconf 76' lang='lat' dir='ltr'><strong>existimant</strong></span> <span class='ocrx_word' id='word_1_429' title='bbox 1962 4713 2066 4771; x_wconf 86' lang='grc' dir='ltr'><strong>ςΡ</strong></span> <span class='ocrx_word' id='word_1_430' title='bbox 2170 4718 2235 4766; x_wconf 81' lang='lat'><strong>21</strong></span> <span class='ocrx_word' id='word_1_431' title='bbox 2269 4712 2417 4781; x_wconf 83' lang='lat' dir='ltr'><strong>quod</strong></span> <span class='ocrx_word' id='word_1_432' title='bbox 2448 4741 2511 4751; x_wconf 88' lang='lat'>—</span> <span class='ocrx_word' id='word_1_433' title='bbox 2543 4711 2723 4766; x_wconf 80' lang='lat' dir='ltr'><strong>uiolet</strong></span> <span class='ocrx_word' id='word_1_434' title='bbox 2749 4713 3016 4769; x_wconf 74' lang='lat' dir='ltr'><strong>continua</strong></span> 
     </span>
     <span class='ocr_line' id='line_1_44' title="bbox 393 4790 3012 4863; baseline -0 -14"><span class='ocrx_word' id='word_1_435' title='bbox 393 4795 680 4863; x_wconf 53' lang='grc' dir='ltr'><strong>πύρωνα</strong></span> <span class='ocrx_word' id='word_1_436' title='bbox 707 4795 770 4848; x_wconf 77' lang='lat' dir='ltr'><strong>in</strong></span> <span class='ocrx_word' id='word_1_437' title='bbox 800 4794 856 4847; x_wconf 90' lang='lat' dir='ltr'><em>P</em></span> <span class='ocrx_word' id='word_1_438' title='bbox 957 4800 1025 4848; x_wconf 79' lang='lat'><strong>23</strong></span> <span class='ocrx_word' id='word_1_439' title='bbox 1064 4792 1391 4849; x_wconf 81' lang='lat' dir='ltr'><strong>intuendum</strong></span> <span class='ocrx_word' id='word_1_440' title='bbox 1421 4794 1509 4848; x_wconf 78' lang='lat' dir='ltr'><strong>est</strong></span> <span class='ocrx_word' id='word_1_441' title='bbox 1536 4791 1697 4847; x_wconf 84' lang='lat' dir='ltr'><strong>nobis</strong></span> <span class='ocrx_word' id='word_1_442' title='bbox 1727 4793 1851 4846; x_wconf 90' lang='lat' dir='ltr'><strong>LP</strong></span> <span class='ocrx_word' id='word_1_443' title='bbox 1875 4792 2204 4848; x_wconf 76' lang='lat' dir='ltr'><strong>intuendam</strong></span> <span class='ocrx_word' id='word_1_444' title='bbox 2233 4791 2294 4845; x_wconf 81' lang='lat' dir='ltr'><strong><em>F</em></strong></span> <span class='ocrx_word' id='word_1_445' title='bbox 2398 4796 2465 4847; x_wconf 80' lang='lat'><strong>25</strong></span> <span class='ocrx_word' id='word_1_446' title='bbox 2494 4790 2582 4845; x_wconf 82' lang='lat' dir='ltr'><strong>his</strong></span> <span class='ocrx_word' id='word_1_447' title='bbox 2608 4807 2709 4846; x_wconf 67' lang='lat' dir='ltr'><strong>oon.</strong></span> <span class='ocrx_word' id='word_1_448' title='bbox 2741 4791 2851 4856; x_wconf 84' lang='grc' dir='ltr'><strong>ςΡ,</strong></span> <span class='ocrx_word' id='word_1_449' title='bbox 2885 4794 3012 4848; x_wconf 83' lang='lat' dir='ltr'><strong>add.</strong></span> 
     </span>
     <span class='ocr_line' id='line_1_45' title="bbox 397 4871 3020 4947; baseline -0.001 -16"><span class='ocrx_word' id='word_1_450' title='bbox 397 4873 520 4931; x_wconf 83' lang='lat' dir='ltr'><strong>FL</strong></span> <span class='ocrx_word' id='word_1_451' title='bbox 629 4878 698 4928; x_wconf 74' lang='lat'><strong>27</strong></span> <span class='ocrx_word' id='word_1_452' title='bbox 730 4871 927 4930; x_wconf 77' lang='lat' dir='ltr'><strong>breves</strong></span> <span class='ocrx_word' id='word_1_453' title='bbox 956 4890 1057 4929; x_wconf 78' lang='lat' dir='ltr'><strong>mn.</strong></span> <span class='ocrx_word' id='word_1_454' title='bbox 1079 4873 1150 4943; x_wconf 80' lang='lat' dir='ltr'><strong>P,</strong></span> <span class='ocrx_word' id='word_1_455' title='bbox 1179 4874 1306 4929; x_wconf 81' lang='lat' dir='ltr'><strong>add.</strong></span> <span class='ocrx_word' id='word_1_456' title='bbox 1327 4872 1445 4929; x_wconf 88' lang='lat' dir='ltr'><strong>FL</strong></span> <span class='ocrx_word' id='word_1_457' title='bbox 1555 4879 1625 4927; x_wconf 84' lang='grc'><strong>30</strong></span> <span class='ocrx_word' id='word_1_458' title='bbox 1654 4871 1907 4947; x_wconf 70' lang='lat' dir='ltr'><strong>ltaliam]</strong></span> <span class='ocrx_word' id='word_1_459' title='bbox 1950 4871 2102 4945; x_wconf 72' lang='lat' dir='ltr'><strong>Verq.</strong></span> <span class='ocrx_word' id='word_1_460' title='bbox 2132 4872 2269 4925; x_wconf 77' lang='lat' dir='ltr'><strong>Aen.</strong></span> <span class='ocrx_word' id='word_1_461' title='bbox 2303 4872 2353 4925; x_wconf 90' lang='lat' dir='ltr'><em>V</em></span> <span class='ocrx_word' id='word_1_462' title='bbox 2377 4877 2492 4931; x_wconf 78' lang='lat'><strong>629</strong></span> <span class='ocrx_word' id='word_1_463' title='bbox 2601 4877 2672 4927; x_wconf 81' lang='lat'><strong>32</strong></span> <span class='ocrx_word' id='word_1_464' title='bbox 2702 4873 2932 4929; x_wconf 76' lang='lat' dir='ltr'><strong>uolebat</strong></span> <span class='ocrx_word' id='word_1_465' title='bbox 2959 4873 3020 4929; x_wconf 77' lang='lat' dir='ltr'><strong><em>F</em></strong></span> 
     </span>
    </p>
   </div>
  </div>
 </body>
</html>
