3613 5528
1356 401 1453 455 DE
1492 399 2071 457 ORTHOGRAPHIA
2874 402 3001 466 201

396 512 440 550 p.
467 500 582 542 2812.
611 501 663 540 13
689 500 738 538 P.

572 584 776 646 Omnis
833 584 1049 645 vocalis
1096 587 1124 645 l'
1163 604 1201 664 g
1246 584 1284 645 h
1330 606 1369 667 p
1417 606 1454 667 q
1501 596 1528 648 t
1572 606 1608 646 v
1664 605 1773 667 pro
1822 594 2185 648 consonante
2244 586 2632 664 sequentibus
2689 595 2851 648 caret
2909 587 3006 647 ad-

400 694 745 772 spiratione,
792 702 860 754 ut
897 692 1036 753 Afer
1074 711 1215 773 ager
1261 693 1370 753 aha
1416 697 1543 774 apis
1591 712 1739 772 aqua
1788 701 1917 754 ater
1962 712 2132 775 aVuS,
2177 695 2360 754 ess'ero
2400 712 2543 772 egeo
2583 693 2754 753 ehem
2799 675 3005 773 epulae

399 821 604 885 equuS,
650 809 710 864 et
756 802 1116 881 coniunctio,
1161 802 1315 879 ignis
1362 803 1497 882 iter,
1540 815 1693 880 opus
1739 803 1927 861 otium
1974 802 2117 881 ovis,
2162 807 2298 861 uter
2346 818 2470 861 uva.
2546 799 2619 860 de
2666 803 2802 880 agni
2849 803 3007 863 enim

398 908 604 990 hapso,
649 909 709 969 id
756 915 849 969 est
895 907 1138 989 vellere,
1185 910 1247 968 in
1294 907 1706 987 superioribus
1753 907 1979 968 dictum
2026 916 2133 968 est.

347 1038 373 1078 5
572 1013 780 1075 Omnis
837 1015 1052 1076 vocalis
1099 1014 1117 1075 l
1174 1024 1462 1094 sequente
1518 1014 1741 1093 absque
1793 1033 1827 1074 e
1883 1014 2094 1075 leviter
2148 1016 2520 1095 enuntiatur,
2576 1022 2641 1074 ut
2699 1014 2813 1096 ala,
2869 1014 3009 1096 aleS,

400 1120 487 1181 alo
529 1122 589 1182 id
645 1129 738 1182 est
792 1124 1017 1203 nutrio,
1073 1120 1241 1182 albus
1296 1124 1355 1184 id
1412 1131 1505 1184 est
1560 1122 1740 1203 color,
1795 1122 1955 1203 alga,
2000 1121 2220 1202 almuS,
2265 1120 2464 1203 alnus,
2509 1119 2694 1202 altuS,
2739 1121 2903 1181 alvus
2950 1122 3007 1182 id

401 1236 492 1289 est
525 1235 751 1310 venter,
798 1228 931 1309 ilex,
979 1227 1187 1310 ilerda,
1232 1230 1389 1312 ilico,
1426 1230 1541 1311 ille,
1583 1230 1710 1291 olor
1746 1230 1806 1291 id
1846 1237 1939 1290 est
1974 1248 2217 1309 cygnus,
2255 1227 2472 1308 oleum,
2510 1227 2698 1309 ulcuS,
2734 1227 3010 1310 ulciscor,

401 1334 611 1416 ulmuS,
655 1334 807 1396 ulna.
884 1343 1166 1396 notantur
1212 1335 1344 1397 halo
1390 1336 1665 1417 verbum,
1720 1335 1908 1397 hilum
1964 1334 2168 1395 hilaris
2225 1334 2398 1395 holus
2444 1336 2698 1395 nomina.
2771 1353 2804 1394 e
2853 1336 3008 1394 enim

403 1449 683 1520 sequente
733 1440 749 1500 Ι
796 1441 1148 1521 plerumque
1195 1445 1454 1522 graviter
1488 1445 1754 1524 effertur,
1799 1450 1870 1503 ut
1914 1441 2112 1503 helluo
2159 1440 2365 1503 helvus
2411 1440 2662 1502 helucus
2708 1440 2916 1520 helops
2953 1449 3012 1502 et

332 1571 379 1610 ιο
406 1547 679 1626 quicquid
729 1546 802 1607 ah
849 1567 967 1609 uno
1015 1566 1253 1629 quoque
1300 1568 1508 1611 eorum
1558 1552 1636 1611 lit.
2514 1611 2523 1614 -

578 1651 784 1714 Omnis
824 1654 1039 1715 vocalis
1075 1673 1134 1716 m
1171 1665 1459 1735 sequente
1497 1656 1708 1717 leviter
1744 1658 2107 1737 enuntiatur,
2154 1641 2222 1716 ut
2258 1673 2423 1715 amor
2461 1656 2687 1716 amicus
2726 1673 3011 1715 amoenus

405 1778 602 1821 amans
666 1762 917 1821 amictus
979 1779 1217 1824 amurca
1275 1782 1408 1824 emo
1465 1781 1631 1824 emax
1701 1766 1855 1824 imus
1915 1765 2095 1823 immo
2150 1781 2323 1823 omen
2381 1781 2649 1823 omasum
2706 1769 3013 1823 omentum

407 1885 573 1927 umor
619 1886 864 1929 umerus
911 1868 1178 1951 umidus,
1231 1872 1449 1931 notatis
1505 1870 1714 1931 hamus
1761 1869 2050 1930 Hammon
2107 1869 2283 1929 homo
2342 1869 2557 1931 humus
2615 1877 2675 1929 et
2732 1870 3013 1949 quicquid

407 1973 476 2033 ah
520 1974 612 2036 his
657 1976 737 2036 fit.

336 2103 384 2143 ιε
581 2079 787 2143 Omnis
825 2083 1041 2144 vocalis
1077 2102 1117 2145 n
1156 2092 1443 2164 sequente
1483 2084 1691 2146 leviter
1729 2086 1994 2166 effertur,
2042 2093 2109 2146 ut
2144 2103 2334 2145 annus
2371 2084 2584 2145 anulus
2623 2087 2784 2145 ensis
2822 2087 3015 2146 inanis

409 2188 634 2248 initium
672 2188 868 2249 inulae
897 2208 1049 2251 onus
1077 2199 1330 2252 onustus
1363 2210 1517 2253 unus
1543 2193 1777 2272 unicuS,
1808 2193 2025 2251 notatis
2062 2190 2253 2251 honor
2289 2190 2569 2252 honestas
2593 2200 2657 2252 et
2689 2185 3007 2271 lohannes!

412 2292 494 2352 vel
550 2296 988 2373 peregrinissst
1033 2299 1267 2376 punicis
1316 2298 1589 2380 vocibuS,
1635 2305 1701 2359 ut
1748 2297 2038 2359 Hannibal
2085 2298 2291 2360 Hanno
2340 2297 2578 2378 Henna,
2624 2307 2684 2359 et
2729 2297 3013 2358 hinnulus

410 2397 497 2459 vel
538 2398 756 2460 hinnus
803 2408 862 2463 et
907 2403 1190 2482 quicquid
1237 2403 1309 2463 ah
1356 2403 1448 2465 his
1496 2406 1577 2465 fit.

580 2506 623 2565 A
674 2506 763 2567 vel
811 2527 848 2568 u
899 2509 1125 2570 vocales
1173 2529 1204 2570 r
1250 2519 1537 2590 sequente
1585 2489 1793 2573 leviter
1842 2515 2253 2593 enuntiantur,
2306 2520 2372 2572 ut
2418 2530 2555 2572 area
2601 2514 2757 2573 aries
2803 2529 3015 2572 aranea

338 2630 579 2675 marcus
634 2631 793 2673 arma
850 2615 1070 2677 arduus
1125 2626 1289 2678 artus
1336 2636 1438 2678 aro
1487 2620 1678 2679 urtica
1734 2637 1911 2700 urna,
1968 2621 2185 2679 notatis
2239 2619 2381 2679 hara
2440 2618 2659 2680 harena
2722 2618 3018 2680 harundo:

412 2737 539 2780 nam
593 2719 897 2782 harmonia
952 2721 1226 2804 harpyiae
1283 2724 1579 2807 harpalice
1636 2743 1847 2805 graeca
1903 2733 2042 2787 sunt
2098 2734 2175 2787 et.
2208 2725 2282 2786 ob
2339 2726 2451 2787 hoc
2514 2725 2907 2806 adspirantur.
2985 2745 3017 2786 e

413 2827 620 2889 vocalis
667 2847 697 2888 r
753 2837 1040 2908 sequente
1094 2830 1304 2892 leviter
1360 2833 1634 2913 effertur,
1688 2839 1756 2892 ut
1813 2850 1953 2892 erus
2009 2851 2179 2893 error
2236 2850 2442 2893 ervum
2489 2852 2659 2915 ergo,
2714 2835 2828 2893 nisi
2882 2842 3019 2913 post

413 2950 442 2992 r
485 2933 522 2994 b
567 2945 850 3014 sequatur
899 2937 987 2998 vel
1035 2956 1072 2997 n
1120 2937 1212 2999 vel
1259 2957 1288 2999 s
1334 2938 1426 2999 vel
1473 2957 1505 2999 e
1552 2937 1749 3018 longa:
1808 2946 1951 3000 tunc
2010 2941 2193 3010 enim,
2223 2941 2481 3018 graviter
2529 2941 2897 3019 enuntiatur,
2953 2945 3020 2999 ut

413 3039 586 3101 herba
643 3041 926 3104 herbidus
981 3043 1227 3106 herbilis
1283 3044 1602 3125 herbosuS,
1657 3047 1966 3126 proprium
2015 3044 2277 3126 Hernae,
2335 3045 2490 3106 unde
2540 3054 2629 3107 est
2677 3041 3016 3107 ‘Hernica

340 3165 567 3208 sssaxa
617 3145 919 3231 colunt’,
966 3150 1217 3212 Hersilia
1262 3152 1439 3213 heres
1486 3151 1797 3213 heredium
1846 3151 2183 3213 Herennius
2230 3155 2567 3234 proprium3
2625 3161 2686 3214 et
2730 3152 3018 3213 Hercules

412 3271 442 3311 a
493 3273 703 3333 graeco
760 3276 867 3337 per
915 3276 1232 3338 syncopam
1290 3260 1509 3320 factum
1556 3261 1687 3319 iure
1734 3257 1914 3319 hahet
1958 3258 2449 3341 adspirationem,
2511 3259 2642 3319 heri
2696 3261 2872 3320 etiam
2919 3259 3016 3319 ad-

413 3360 673 3423 verbium
722 3366 1008 3444 temporis
1053 3364 1421 3428 differentiae
1473 3384 1675 3446 causa,
1724 3383 1797 3425 ne
1845 3367 2153 3445 genetivus
2197 3373 2444 3446 putetur
2486 3365 2558 3426 ab
2605 3385 2675 3426 eo
2724 3365 2881 3444 quod
2929 3375 3021 3426 est

413 3483 547 3527 erus
593 3471 697 3529 eri.
771 3472 791 3531 i
839 3470 1053 3531 vocalis
1100 3480 1236 3535 ante
1283 3491 1313 3533 r
1360 3490 1596 3552 semper
1653 3472 2014 3552 adspiratur,
2072 3481 2139 3533 ut
2194 3472 2398 3533 hircus
2463 3471 2840 3552 hirquitallus
2885 3471 3017 3532 1111·-

585 3672 610 3719 1
662 3669 841 3724 omnis
887 3671 1099 3726 uocalis
1137 3671 1165 3724 f
1196 3688 1227 3726 c
1263 3689 1301 3724 0
1337 3688 1376 3739 p
1414 3687 1451 3738 q
1487 3671 1515 3724 t
1551 3689 1587 3725 u
1635 3687 1739 3741 pro
1776 3673 2115 3726 consonante
2156 3669 2520 3740 sequentibus
2557 3673 2712 3726 caret
2746 3671 2802 3725 Β
2840 3672 3020 3726 omnis

412 3744 615 3799 uocalis
651 3746 679 3799 f
700 3764 740 3815 g
767 3748 806 3802 11
833 3749 854 3802 l
882 3766 919 3818 p
947 3751 1040 3819 q't
1065 3768 1104 3804 0
1139 3753 1408 3819 sequente
1447 3750 1602 3803 caret
1637 3749 1692 3803 A
1731 3749 1913 3805 omnis
1949 3749 2162 3805 uoealis
2199 3753 2329 3805 ante
2368 3752 2397 3804 f
2416 3767 2456 3819 g
2482 3749 2504 3803 l
2530 3768 2569 3819 p
2597 3769 2634 3820 q
2664 3753 2689 3806 t
2715 3770 2753 3806 u
2789 3754 2942 3807 caret
2977 3750 3025 3808 G

429 3870 446 3886 .
513 3830 545 3877 2
581 3840 717 3895 ager
753 3827 846 3883 ala
881 3829 1005 3899 apis
1041 3830 1162 3884 AB
1198 3847 1331 3901 eger
1367 3829 1548 3900 alapis
1587 3830 1635 3886 0
1799 3828 1995 3900 effero]
2034 3830 2207 3886 affero
2242 3830 2298 3884 Β
2335 3830 2534 3885 afferre
2571 3832 2626 3884 A
2662 3830 2830 3887 affere
2870 3830 2918 3886 0

413 3903 592 3975 ehem]
629 3905 761 3960 hem
797 3924 933 3965 corr.
974 3911 1137 3965 ehem
1174 3911 1229 3965 A
1267 3910 1416 3965 enim
1451 3910 1572 3966 BG
1745 3918 1776 3966 3
1823 3912 1893 3966 de
1929 3911 2063 3981 agni
2100 3910 2250 3965 enim
2286 3911 2464 3979 hapso
2500 3909 2556 3963 Β
2594 3910 2664 3965 de
2700 3911 2834 3981 agni
2870 3910 3018 3966 enim

414 3999 544 4052 apso
580 3986 634 4039 A
673 3986 742 4041 de
782 4004 927 4056 agno
964 3990 1113 4044 enim
1149 4006 1287 4060 apso
1305 4046 1308 4051 ,
1326 3988 1374 4043 0
1513 3998 1546 4045 4
1591 3991 1649 4046 in
1695 3991 2070 4062 superioribus
2108 3989 2320 4045 dictum
2367 3990 2455 4044 est
2489 4005 2590 4045 om.
2629 3990 2746 4046 ΑΟ
2884 3998 2916 4046 5
2956 3994 3021 4047 ut

415 4062 522 4118 alis
557 4064 674 4120 ales
708 4066 800 4121 alo
835 4068 892 4121 Β
929 4071 995 4123 ut
1030 4069 1123 4124 ala
1159 4070 1277 4125 alas
1315 4069 1405 4125 alo
1446 4068 1494 4123 Ο
1524 4073 1588 4124 ut
1623 4070 1714 4127 alo
1741 4070 1848 4127 alis
1884 4072 1938 4125 A
2067 4077 2098 4126 7
2136 4070 2346 4142 oleum]
2388 4068 2511 4123 oleo
2549 4068 2666 4123 AG
2786 4078 2819 4126 8
2858 4071 3020 4125 holus

415 4143 636 4199 nomina
671 4146 791 4200 AB
829 4148 951 4203 olus
988 4148 1218 4204 nomina
1257 4147 1305 4203 Ο
1407 4155 1439 4203 9
1477 4150 1728 4219 grauiter
1756 4151 1985 4207 effertur
2010 4151 2337 4221 plerumque
2365 4151 2432 4203 ut
2457 4148 2606 4205 elluo
2646 4150 2696 4206 0
2797 4151 3018 4221 helvus]

415 4222 606 4279 heluus
643 4225 698 4279 A
731 4226 895 4282 elnus
935 4226 983 4282 0
1085 4229 1339 4301 helucus]
1377 4229 1559 4285 hellus
1594 4230 1710 4286 AC
1834 4238 1897 4286 11
1937 4249 2129 4287 omnes
2167 4230 2388 4285 uocales
2424 4248 2480 4283 m
2518 4232 2784 4299 sequente
2820 4230 3022 4285 leuiter

416 4305 770 4361 enuntiantur
819 4307 867 4362 0
1043 4315 1107 4363 12
1156 4325 1351 4364 amans
1398 4309 1637 4365 amictus
1684 4329 1915 4367 amm-ca
1958 4312 2014 4366 Β
2060 4328 2253 4367 amans
2299 4313 2456 4367 amat
2499 4327 2724 4365 amurca.
2772 4308 2820 4363 0
2865 4312 3021 4364 amat

418 4401 644 4457 amm-ga
688 4388 743 4442 A
927 4396 992 4444 13
1039 4390 1288 4461 umerus]
1335 4407 1587 4445 umerum
1634 4392 1754 4446 AB
1798 4393 2091 4447 humerum
2140 4392 2188 4448 0
2360 4391 2662 4461 Hammon]
2722 4390 2928 4444 hamon
2978 4389 3026 4442 G

417 4465 614 4523 11010εο
641 4484 677 4527 ς
779 4475 842 4524 15
873 4470 1070 4525 anulus
1097 4471 1154 4524 Β
1182 4471 1420 4525 annulus
1449 4472 1565 4527 AG
1657 4472 1877 4529 inannis
1905 4474 1959 4528 A
1986 4471 2171 4529 ianuis
2198 4475 2254 4528 Β
2358 4478 2422 4527 17
2461 4471 2697 4540 Henna]
2716 4469 2939 4523 haenna
2964 4469 3020 4522 Β

522 4552 585 4601 18
623 4549 715 4604 001
749 4548 994 4605 hinnuus
1028 4550 1084 4604 Β
1122 4550 1217 4605 001
1252 4550 1454 4606 innuus
1494 4551 1553 4621 0,
1591 4568 1691 4607 om.
1730 4553 1784 4607 A
1933 4558 1996 4608 19
2035 4554 2331 4621 sequentes
2367 4553 2423 4606 Β
2575 4556 2640 4604 21
2693 4548 2927 4619 harpige
2963 4550 3018 4602 A

419 4626 606 4698 harpie
639 4628 756 4684 ΒΟ
859 4635 927 4684 22
966 4630 1162 4700 ergoni
1199 4630 1261 4685 Si
1286 4633 1415 4700 post
1440 4650 1468 4684 1·
1495 4631 1533 4686 b
1560 4634 1832 4701 sequatur
1857 4633 1950 4688 uel
1977 4650 2013 4685 n
2047 4631 2140 4687 uel
2168 4651 2194 4686 s
2222 4649 2253 4687 e
2292 4632 2463 4701 longa.
2485 4631 2541 4685 Β
2579 4628 2774 4700 ergoni
2808 4646 2846 4698 p
2873 4631 2901 4684 t
2926 4647 2954 4681 1·
2983 4629 3017 4683 b

420 4711 676 4777 sequatur
702 4709 724 4763 l
759 4710 1092 4779 (sequuntur
1127 4709 1166 4763 l'
1199 4709 1270 4778 Ο)
1308 4729 1345 4765 0
1373 4712 1410 4765 1’
1440 4729 1466 4765 s
1495 4728 1526 4766 e
1562 4712 1734 4783 longa.
1760 4712 1879 4767 AG
1984 4719 2053 4768 24
2089 4713 2332 4768 haemae
2362 4711 2415 4765 B
2452 4710 2624 4764 herne
2651 4709 2705 4763 A
2742 4709 2947 4764 haerne
2978 4708 3025 4762 C

487 4787 655 4859 unde]
693 4790 758 4843 ut
792 4789 848 4842 Β
991 4788 1257 4861 Hernica]
1299 4791 1453 4861 Very.
1484 4792 1622 4847 Aen.
1664 4792 1800 4846 VII
1824 4797 1934 4847 694
2076 4798 2145 4846 26
2182 4808 2283 4861 per
2321 4806 2623 4860 syncopam
2659 4791 2712 4843 A
2751 4806 2852 4858 per
2889 4806 3018 4859 syn-

421 4881 588 4936 copae
627 4867 675 4922 0
703 4886 804 4939 per
842 4869 1066 4939 sincope
1101 4869 1157 4923 Β
1303 4870 1499 4941 etiam]
1539 4870 1597 4925 et
1634 4869 1754 4925 AB
1791 4872 1880 4924 est
1918 4870 1965 4924 0
2103 4876 2170 4925 27
2210 4869 2387 4941 quod]
2428 4886 2536 4939 que
2573 4871 2627 4923 A
