3613 5528
1350 425 1445 480 DE
1485 424 2068 480 ORTHOGRAPHIA
2884 422 3008 486 171

404 542 448 577 p.
477 529 595 568 ποτ.
625 527 676 568 os
703 527 752 567 P.

406 612 573 699 vidua
628 613 826 692 vipera
882 614 1071 673 viator
1126 613 1419 693 vitisator,
1472 617 1710 690 praeter
1772 601 2066 691 bitumen,
2135 612 2270 689 quia
2328 613 2525 672 neutri
2579 612 2816 691 generis
2872 627 3008 669 con-

404 721 617 780 sistens
672 737 988 780 numerum
1052 716 1472 797 disyllaborum
1536 718 1817 797 excessit3
1892 716 2068 777 bilem
2134 718 2310 777 etiam
2374 716 2752 778 discretionis
2807 734 3011 777 causa:

406 844 537 886 nam
583 828 633 886 si
679 825 873 887 sellem
914 826 1233 905 significat,
1278 842 1385 904 per
1422 822 1460 883 b
1508 833 1756 904 mutam,
1803 826 1854 883 si
1901 822 2195 884 abiectum
2235 823 2451 903 aliquid
2492 842 2560 883 ac
2604 825 2769 903 parvi
2817 825 3013 902 pretii,

404 951 508 1012 per
554 953 585 992 v
641 932 956 994 scribetur.
1032 930 1230 992 bibula
1289 938 1485 991 autem
1541 948 1572 990 a
1628 928 1813 990 verbo
1867 929 2025 1009 quod
2082 939 2173 991 est
2229 928 2366 990 bibo
2425 929 2785 1010 traducitur,
2840 929 3012 989 cuius

354 1056 379 1095 5
408 1046 606 1118 postea
652 1039 887 1118 regulas
933 1038 1221 1099 dabimus,
2427 1051 2432 1055 ·

576 1145 659 1205 Vo
714 1144 912 1206 brevis
966 1144 1057 1205 vel
1112 1144 1401 1224 producta
1458 1162 1700 1205 servans
1755 1131 2118 1222 principium
2177 1146 2431 1205 nominis
2495 1163 2603 1225 per
2657 1163 2690 1203 v
2755 1143 3012 1204 litteram

406 1252 614 1314 vocalis
660 1255 876 1313 amissa
929 1259 1224 1331 potestate
1280 1252 1603 1332 scribetur,
1657 1257 1721 1311 ut
1767 1249 2037 1312 voluntas
2085 1249 2352 1330 voluptas
2398 1269 2613 1330 vorago
2663 1247 3010 1310 vocabulum

405 1338 652 1420 vomitus
712 1366 941 1439 votum3
1006 1359 1162 1419 bono
1224 1356 1629 1419 tantummodo
1691 1355 1956 1436 regulam
2012 1364 2360 1436 superante,
2419 1375 2491 1416 eo
2548 1355 2706 1435 quod
2773 1357 2835 1415 in
2901 1357 3012 1415 tria

403 1484 616 1546 genera
662 1466 1042 1546 dispertitum
1089 1468 1195 1547 sit,
1241 1482 1378 1526 cum
1424 1462 1864 1543 praedictorum
1912 1461 2056 1522 nihil
2103 1464 2349 1541 figuram
2397 1461 2703 1524 mobilium
2749 1464 3012 1542 recipiat.

332 1592 378 1629 ιο
576 1571 665 1634 Βιι
703 1590 811 1634 seu
859 1571 1147 1651 producta
1186 1589 1292 1631 seu
1331 1574 1605 1647 correpta
1653 1567 1836 1628 fuerit
1878 1570 2244 1650 praeposita,
2290 1568 2327 1629 b
2374 1577 2598 1630 mutam
2644 1568 2912 1650 habebit,
2950 1575 3016 1629 ut
3111 1644 3120 1652 ‚

404 1678 594 1741 buxus
630 1679 772 1740 bufo
811 1678 1051 1739 bustum
1090 1677 1304 1739 bucina
1342 1674 1554 1737 bucula
1595 1683 1655 1735 et
1690 1674 1940 1735 huiusce
1971 1674 2130 1735 modi
2169 1678 2380 1737 omnia.
2448 1674 2610 1736 nullo
2639 1677 2797 1736 enim
2838 1675 3013 1736 modo

406 1793 631 1864 poterat
676 1788 803 1866 ipsa
850 1785 963 1846 sibi
1009 1804 1042 1844 v
1090 1785 1285 1845 littera
1331 1783 1617 1864 praeponi
1662 1799 1780 1841 non
1830 1783 2145 1842 coniuncta
2192 1784 2369 1843 etiam
2407 1781 2517 1842 alia
2563 1772 2911 1842 consonanti
2953 1783 3011 1841 in

407 1894 588 1970 prima
636 1891 869 1971 syllaba.
948 1910 1095 1956 ,cum
1153 1900 1348 1950 tamen
1395 1886 1698 1948 dissimilis
1746 1887 2029 1947 continuo
2087 1885 2282 1947 littera
2329 1888 2510 1948 fuerit
2558 1886 2901 1965 subsecuta,
2949 1898 3016 1948 ut

406 1997 597 2093 vultus
644 1998 854 2079 vulgus
903 1997 1227 2079 Vulcanus,
1273 2013 1382 2076 per
1430 2014 1462 2053 v
1509 1994 1842 2073 digammon
1887 1993 2202 2055 scribetur.
2245 1989 2256 2074 Ι
2297 2013 2430 2055 nam
2470 1996 2520 2055 si
2566 1995 2757 2074 prima
2795 1993 3012 2072 syllaba

580 2176 607 2223 1
647 2169 806 2243 quia]
846 2170 994 2239 quod
1030 2168 1149 2224 AG'
1287 2173 1319 2221 2
1357 2182 1618 2231 numerus
1654 2164 1711 2218 Β
1856 2165 2288 2235 dissyllabamm
2322 2165 2440 2221 BG
2576 2165 2691 2221 bile
2726 2165 2911 2220 ABG

406 2248 750 2304 discretionis
796 2266 965 2305 causa
1009 2247 1215 2303 dicitur
1257 2264 1389 2302 nam
1435 2245 1489 2299 B
1653 2250 1684 2298 3
1731 2243 1812 2297 fel
1848 2244 1946 2302 §A
2108 2253 2142 2299 4
2178 2248 2368 2300 autem
2412 2261 2513 2300 om.
2553 2247 2607 2299 A
2771 2253 2803 2301 9
2841 2246 3018 2302 mobi-

406 2328 540 2383 lium
583 2329 821 2399 figuram
865 2330 921 2391 B
1086 2334 1151 2381 11
1201 2327 1354 2382 buffo
1399 2323 1515 2381 AO
1674 2329 1739 2377 12
1781 2327 2006 2393 poterat
2039 2324 2164 2395 ipsa
2202 2323 2309 2379 sibi
2355 2343 2388 2378 u
2424 2325 2617 2379 littera.
2652 2326 2925 2394 praeponi
2962 2326 3017 2379 Β

405 2410 623 2477 poterat
675 2408 786 2479 ipsi
840 2408 949 2464 sibi
1006 2406 1277 2477 praeponi
1320 2407 1375 2460 A
1434 2403 1645 2474 poterit
1694 2404 1817 2473 ipse
1862 2405 1969 2460 sibi
2025 2405 2293 2476 praeponi
2343 2405 2391 2460 0
2562 2421 2672 2459 non
2721 2405 3019 2460 coniuncta

406 2485 573 2541 etiam
619 2487 766 2543 aliae
809 2488 866 2542 Β
910 2503 1022 2541 non
1071 2486 1367 2541 coniuncta
1402 2490 1469 2541 «Te
1504 2486 1618 2541 alia,
1655 2485 1703 2540 0
1744 2501 1856 2539 non
1901 2486 2201 2540 coniuncta
2236 2502 2357 2541 esse
2394 2484 2540 2541 aliae
2576 2485 2631 2539 A
2780 2492 2845 2567 μ
2882 2484 3016 2539 scri-

406 2568 604 2622 bentur
637 2567 757 2622 ΑΒ
772 2567 820 2622 0

1306 2845 1673 2901 MARTYRH
1704 2846 1804 2900 DE
1844 2847 1888 2900 B
1927 2847 2023 2901 ΕΤ
2061 2847 2112 2900 V

406 3013 567 3094 ficet,
611 3031 722 3092 per
760 3011 797 3071 b
845 3019 1068 3072 mutam
1117 3010 1439 3093 scribetur3
1487 3015 1535 3073 si
1584 3013 1762 3075 breve
1800 3013 2067 3093 aliquod,
2114 3032 2221 3094 per
2259 3034 2292 3073 v
2329 3013 2662 3094 digammon
2702 3012 3016 3072 scribetur.

406 3118 599 3180 bibula
648 3121 805 3179 enim
853 3136 885 3178 a
933 3116 1071 3177 bibo
1120 3117 1301 3177 verbo
1349 3119 1707 3204 traducitur,
1754 3123 1926 3182 cuius
1971 3129 2179 3200 postea
2226 3120 2460 3200 regulas
2509 3120 2882 3181 meditemur.

579 3224 662 3284 Vo
716 3225 914 3285 brevis
968 3224 1058 3284 vel
1115 3224 1402 3302 producta
1460 3226 1779 3287 observans
1836 3229 2194 3308 principium
2250 3246 2361 3308 per
2405 3246 2438 3285 v
2485 3227 2742 3288 litteram
2803 3225 3019 3286 vocalis

400 3334 613 3410 amissa
672 3338 963 3411 potestate
1020 3330 1346 3411 scribetur,
1401 3341 1467 3392 ut
1525 3332 1794 3393 voluntas
1853 3332 2117 3412 voluptas
2171 3351 2385 3413 vorago
2433 3332 2783 3394 vocabulum
2831 3332 3018 3390 vomis

346 3452 370 3488 5
401 3443 629 3520 votum',
696 3437 851 3498 bono
917 3437 1324 3498 tantummodo
1381 3437 1645 3517 regulam
1710 3447 2059 3519 spernente,
2123 3458 2195 3499 eo
2268 3438 2423 3518 quod
2495 3440 2555 3499 in
2622 3439 2734 3499 tria
2800 3456 3017 3517 genera

398 3544 778 3626 dispertitur,
825 3563 961 3605 cum
1008 3543 1449 3624 praedictorum
1498 3545 1642 3606 nihil
1691 3546 1941 3624 liguram
1990 3544 2292 3605 mobilium
2342 3547 2570 3625 recipit.

580 3650 669 3711 Bu
716 3653 837 3712 sive
884 3649 1175 3730 producta
1213 3668 1318 3709 seu
1359 3660 1632 3731 correpta
1680 3652 1861 3711 fuerit
1908 3654 2270 3732 praeposita,
2318 3651 2355 3711 b
2403 3661 2624 3712 mutam
2672 3651 2912 3712 habebit
2958 3652 3016 3710 in

399 3759 730 3837 scriptura,
776 3765 842 3818 ut
886 3757 1109 3837 buxuS‚
1156 3755 1297 3816 bufo
1335 3756 1785 3837 φυσίγναθος,
1834 3757 2103 3840 bustum,
2141 3758 2382 3838 bucina,
2420 3757 2632 3819 bucula
2672 3767 2733 3818 et
2768 3758 3016 3818 huiusce

400 3863 560 3923 modi
616 3865 827 3923 omnia.
913 3863 1072 3924 nullo
1128 3865 1285 3925 enim
1345 3864 1518 3924 modo
1574 3870 1809 3943 poterat
1865 3866 1989 3943 ipsa
2048 3863 2159 3924 sibi
2219 3883 2253 3924 v
2309 3855 2502 3924 liltera
2559 3865 2843 3942 praeponi
2909 3862 3016 3922 alia

324 3985 373 4021 ιι)
401 3972 581 4030 etiam
640 3979 1001 4031 consonante
1058 3973 1116 4031 in
1176 3972 1363 4049 prima
1423 3990 1539 4031 non
1596 3973 1910 4032 coniuncta
1969 3970 2202 4050 syllaba.
2277 3990 2413 4032 cum
2476 3980 2669 4032 tamen
2716 3968 3019 4030 dissimilis

403 4078 693 4138 continuo
740 4075 936 4137 littera
984 4078 1162 4138 fuerit
1211 4071 1557 4158 subsecuta,
1605 4086 1671 4138 ut
1707 4077 1906 4139 vultus
1945 4078 2155 4157 vulgus
2192 4078 2487 4140 Vulcanus
2524 4096 2592 4138 ac
2632 4076 2793 4159 talia,
2839 4094 2948 4157 per
2987 4096 3020 4131 v

403 4183 742 4263 digammon
799 4183 1111 4244 scribetur.
1198 4202 1332 4243 nam
1387 4184 1435 4243 si
1492 4185 1680 4262 prima
1738 4182 1954 4262 syllaba
2023 4184 2254 4245 desinat
2307 4186 2368 4244 in
2426 4191 2878 4264 consonantem,
2947 4201 3019 4241 ex

405 4307 523 4369 qua
571 4290 749 4350 etiam
798 4288 1056 4351 secunda
1102 4291 1370 4372 incipiat,
1416 4289 1454 4350 b
1503 4299 1741 4350 mutam
1772 4292 1989 4370 repetit
2035 4292 2096 4351 in
2144 4293 2470 4405 scriptura,
2519 4298 2585 4349 ut
2629 4288 2814 4349 bucca
2863 4287 3019 4348 bulla

406 4403 470 4456 et
514 4395 747 4456 similia.

589 4574 621 4621 3
661 4567 961 4622 observans
998 4569 1266 4636 punctum
1302 4566 1663 4638 principium,
1697 4569 1793 4623 sed
1829 4569 2100 4637 punctum
2135 4568 2406 4623 subducta
2440 4567 2642 4621 lineola
2667 4568 2916 4620 notatum
2943 4566 3023 4632 N,

410 4646 469 4700 in
514 4645 794 4716 principio
839 4646 1081 4702 nominis
1126 4646 1311 4716 posita
1356 4648 1412 4701 P
1546 4653 1581 4701 4
1627 4646 1693 4700 ut
1735 4652 1864 4701 ante
1898 4647 2159 4702 voluntas
2203 4663 2306 4702 om.
2342 4646 2420 4713 N,
2467 4646 2594 4700 add.
2646 4646 2702 4698 P
2840 4647 3021 4700 vomis

410 4728 471 4780 et
513 4728 709 4781 votum
756 4726 904 4781 bono
949 4727 1338 4783 tantummodo
1375 4727 1629 4797 regulam
1666 4731 1961 4796 spernente
2003 4728 2059 4781 P
2099 4744 2278 4782 vom1s
2313 4728 2508 4781 votum
2551 4725 2731 4780 bonus
2761 4726 3021 4781 --tantum

412 4805 583 4862 modo
627 4804 883 4875 regulam
928 4808 1194 4874 superant
1236 4806 1304 4860 N
1466 4815 1499 4863 6
1535 4805 1949 4875 praedictarum
1987 4807 2068 4862 nil
2102 4808 2169 4862 N
2199 4803 2645 4876 praedicatorum
2681 4803 2824 4860 nihil
2865 4804 2922 4860 P

414 4891 446 4941 *1
483 4885 524 4941 b
560 4886 779 4941 mutam
814 4884 1049 4940 habebit
1085 4885 1142 4940 P
1173 4885 1211 4940 b
1246 4888 1461 4942 mutam
1496 4884 1796 4943 habuerint
1830 4885 1901 4940 N
2035 4895 2067 4943 9
2105 4905 2142 4943 v
2177 4902 2278 4942 om.
2315 4885 2446 4941 NP
