3613 5528
623 422 753 488 456
817 411 822 418 ’
1600 425 2231 481 ARVSIAN1·MESSII

622 541 664 578 p.
693 528 785 569 215.
813 528 893 568 216
922 527 975 566 L.

796 611 1194 674 Animadverti
1249 612 1310 672 in
1366 629 1528 692 eum,
1585 610 1698 673 Sal.
1756 611 1921 673 Catil.
1980 613 2218 689 (51,21)
2278 621 2354 674 ut
2407 615 2609 692 prius
2665 611 3089 676 verberibus
3144 617 3218 675 in

621 740 740 797 eos
787 719 1503 781 animadverteretur.

794 826 1022 888 Artifex
1083 826 1262 887 huius
1318 828 1432 908 rei,
1498 825 1610 886 Sal.
1679 825 1801 907 Iug.
1860 820 2065 909 (35,5)
2132 847 2257 908 per
2321 827 2645 889 homines
2708 828 2877 890 talis
2944 831 3218 909 negotii

620 936 972 995 artifices

796 1041 1083 1104 Adflictus
1137 1041 1293 1102 illam
1351 1058 1504 1122 rem,
1570 1039 1683 1101 Sal.
1750 1040 1886 1102 hist.
1935 1040 2012 1100 lll
2079 1040 2361 1103 adflicti
2418 1040 2659 1103 alveos
2732 1042 3077 1103 undarum
3149 1045 3273 1108 vis

619 1149 929 1212 mulcato
977 1167 1280 1228 corpore
1328 1146 1758 1229 interibant,
1804 1147 1960 1209 idem
2008 1148 2143 1209 hist.
2184 1147 2235 1208 Il
2274 1145 2319 1228 †
2356 1151 2877 1210 circumventis
2923 1149 3216 1209 dextera

617 1257 799 1319 nuda
849 1258 1118 1318 ferrum
1165 1266 1320 1317 erat
1367 1274 1530 1316 saxa
1578 1264 1697 1316 aut
1743 1254 1909 1335 quid
1959 1255 2096 1316 tale
2144 1259 2336 1335 capit
2390 1255 2838 1336 adfligebant
2885 1305 2898 1319 .
2945 1255 3215 1317 adflictus

617 1384 684 1426 ea
731 1384 824 1446 re,
880 1363 999 1425 Cic.
1055 1365 1116 1424 in
1173 1362 1336 1424 Catil.
1395 1361 1446 1421 Il
1503 1363 1655 1438 (1‚2)
1721 1372 1990 1442 quanto
2057 1363 2338 1425 tandem
2402 1363 2603 1425 illum
2670 1381 2991 1424 maerore
3055 1381 3214 1423 esse

587 1469 987 1534 ‘adflic'tum
1035 1481 1104 1532 et
1147 1469 1613 1550 profligatum
1661 1471 1953 1550 putatis,

793 1579 990 1640 Altum
1034 1577 1218 1658 pedes
1265 1585 1377 1655 tot,
1426 1575 1539 1637 Sal.
1585 1576 1721 1637 hist.
1771 1575 1874 1635 llll
1921 1576 2154 1638 clausi
2200 1576 2556 1639 lateribus
2603 1576 2771 1638 altis
2817 1577 3080 1657 pedem.
3122 1573 3131 1656 Ι
3245 1604 3303 1644 ιο

794 1687 1019 1747 Anxius
1065 1684 1244 1746 huius
1290 1685 1405 1765 rei,
1453 1682 1567 1745 Sal.
1615 1682 1750 1744 hist.
1796 1682 1905 1742 1111
1950 1686 2204 1745 anxius
2249 1687 2460 1746 animi
2508 1692 2721 1764 atque
2767 1687 3115 1745 incertus,

792 1794 1033 1873 Accepit
1078 1794 1138 1853 in
1187 1791 1282 1852 illa
1343 1809 1433 1865 re,
1491 1790 1610 1851 Cic.
1659 1789 1730 1851 de
1779 1790 2085 1870 suppliciis
2132 1794 2224 1864 (in
2285 1792 2454 1852 Verr.
2518 1792 2569 1850 V
2606 1792 2733 1866 1,3)
2792 1792 2873 1853 de
2929 1811 3009 1853 eo
3066 1790 3213 1852 vul-

613 1919 788 1962 nere
824 1899 1039 1962 multa
1079 1899 1286 1980 dixit,
1334 1896 1517 1977 quod
1556 1897 1680 1958 ille
1718 1896 1797 1958 ab
1838 1896 2153 1958 hostium
2192 1896 2370 1959 duce
2412 1901 2480 1959 in
2519 1901 2754 1979 capite
2793 1906 3214 1978 acceperat.

614 2010 842 2089 accepit
885 2007 983 2068 illa
1030 2025 1123 2088 re,
1169 2004 1338 2084 Verg.
1385 2022 1583 2084 georg.
1632 2003 1738 2064 1111
1785 2004 1974 2079 (362)

1019 2115 1453 2192 accepitque
1501 2113 1661 2173 sinu
1707 2120 1912 2173 vasto
1960 2113 2299 2191 misitque
2348 2110 2476 2173 sub
2523 2131 2806 2174 amnem.
3244 2139 3303 2179 ιε

788 2219 1104 2300 Adstringo
1170 2218 1278 2279 tibi
1343 2219 1482 2301 hoc,
1554 2218 1768 2280 Teren.
1830 2218 1935 2279 Eu.
2004 2220 2075 2291 (J
2121 2218 2294 2294 2,22)
2362 2218 2494 2280 tibi
2560 2238 2779 2281 meam
2842 2220 3213 2299 adstringo

612 2328 844 2390 fidem.

788 2435 1119 2515 Adquiesco
1168 2436 1228 2495 in
1275 2434 1415 2515 hoc,
1470 2433 1589 2496 Cic.
1645 2452 1752 2514 pro
1801 2433 2075 2494 Deiotaro
2133 2434 2293 2508 (2,5)
2358 2436 2425 2495 in
2493 2442 2613 2495 tuo
2679 2454 2799 2496 ore
2866 2435 3211 2514 vultuque

609 2543 688 2604 ad
753 2547 1018 2606 uiesco.

704 2563 740 2624 q
785 2649 1071 2711 Adiudico
1118 2647 1262 2709 illud
1309 2647 1475 2728 huic,
1523 2647 1798 2728 Cic.·pro
1829 2646 2001 2708 Corn.
2032 2646 2085 2706 11
2131 2651 2189 2709 si
2240 2667 2358 2709 vos
2404 2648 2618 2711 huius
2670 2651 2997 2711 fortunas
3043 2668 3296 2729 pau-eo

608 2777 852 2820 corum
901 2756 1064 2819 odio
1112 2754 1730 2818 adiudicaveritiS.

783 2865 1056 2928 Admittit
1111 2866 1171 2925 in
1219 2882 1283 2924 se
1330 2866 1586 2943 crimen,
1641 2862 1773 2923 Ter.
1822 2862 1998 2923 Phor.
2046 2864 2156 2935 (II
2194 2865 2372 2939 1,40)
2431 2863 2709 2944 culpam
2764 2864 3075 2945 Antipho
3140 2868 3209 2925 in

607 2993 680 3033 se
728 2973 1121 3034 admiserit.

784 3082 1037 3142 Aversor
1082 3078 1276 3157 illum,
1323 3077 1435 3138 Sal.
1483 3077 1618 3138 hist.
1669 3076 1712 3136 V
1758 3096 1995 3157 regem
2043 3079 2533 3140 aversabatur.

783 3186 1024 3249 Adludit
1069 3186 1138 3247 ad
1195 3185 1335 3267 hoc,
1391 3184 1525 3246 Ter.
1571 3184 1679 3246 Eu.
1736 3186 1877 3259 (III
1917 3186 2091 3262 1,34)
2147 3185 2365 3247 habui
2419 3195 2768 3269 scortum,
2823 3189 3070 3266 coepit
3126 3185 3207 3246 ad
3236 3212 3292 3251 πε

605 3296 671 3355 id
720 3295 1063 3356 adludere
1113 3342 1125 3355 .

782 3402 1101 3463 Anteverto
1157 3398 1290 3475 tibi,
1346 3400 1480 3460 Ter.
1537 3399 1644 3462 Eu.
1703 3401 1832 3474 (JV
1872 3402 2043 3476 0312)
2112 3405 2331 3464 miror
2396 3400 2513 3463 ubi
2580 3421 2707 3482 ego
2775 3402 2941 3463 huic
3006 3412 3206 3464 ante—

603 3509 964 3569 verterim.

780 3613 1034 3676 Attendo
1082 3615 1370 3695 animum,
1416 3613 1549 3676 Ter.
1599 3613 1778 3675 Andr.
1827 3617 2005 3692 (prol.
2050 3617 2121 3690 8)
2168 3619 2470 3678 animum
2518 3618 2893 3681 attendite.

745 3832 925 3888 Codex
962 3830 1255 3885 Parrhasii
1294 3815 1297 3818 ’
1339 3837 1370 3885 3
1408 3830 1555 3885 unes
1698 3837 1729 3884 ε)
1767 3830 1932 3887 histo.
1966 3831 2043 3885 111
2168 3832 2441 3888 unaarum
2480 3834 2723 3890 maneam
2849 3840 2882 3889 s
2921 3837 3202 3908 maerore]

600 3929 810 3968 merorr
952 3917 1020 3966 25
1058 3912 1211 3983 cepit
1354 3918 1421 3966 27
1460 3911 1555 3966 ubi
1593 3911 1725 3967 huie
1762 3929 1866 3983 ego
1903 3911 2057 3981 huic,
2094 3913 2262 3967 deleto
2293 3915 2483 3982 priore
2519 3916 2633 3969 loco
2672 3914 2801 3970 huic

779 4115 810 4163 ὅ
849 4109 981 4164 hist..
1012 4109 1116 4180 III]
1145 4108 1292 4163 Non.
1314 4125 1375 4178 Ρ.
1403 4112 1514 4161 406
1656 4107 1870 4163 adflicti
1910 4108 2084 4163 alveis
2120 4109 2396 4164 undarum
2423 4110 2480 4165 vi
2506 4111 2752 4167 mulcato
2781 4111 2941 4167 foede
2972 4128 3202 4183 corpore

598 4189 881 4245 intereunt
915 4189 1137 4244 Nonius
1278 4188 1440 4244 alveo
1472 4186 1592 4241 GP
1727 4196 1758 4243 6
1797 4189 2159 4244 circumventi
2196 4191 2417 4259 dextra,
2455 4191 2602 4245 unde
2638 4192 2844 4246 ferrum
2884 4194 3028 4261 erat,
3067 4210 3201 4248 saxa

599 4273 701 4325 aut
736 4271 869 4339 quid
907 4271 1022 4325 tale
1061 4273 1232 4341 caput
1267 4269 1612 4339 adfligebant
1651 4270 1748 4335 M,
1802 4270 2210 4325 circumventus
2265 4271 2495 4326 dextera
2540 4272 2692 4326 nuda
2726 4272 3064 4327 fen-amenta
3101 4277 3203 4327 aut

600 4351 737 4421 quid
791 4351 904 4406 tale
962 4353 1148 4421 capita
1203 4350 1510 4420 adfligebat
1561 4350 1765 4406 conieci
1819 4350 1934 4404 ind.
1992 4351 2103 4405 lect.
2150 4349 2285 4404 Hal.
2333 4357 2460 4407 aest.
2501 4369 2552 4408 α.
2590 4356 2737 4408 1879
2778 4370 2838 4422 Ρ.
2888 4353 2993 4406 IX
3030 4394 3043 4408 .
3080 4354 3201 4407 alia

599 4436 940 4490 coniecerunt
958 4435 1214 4488 Kritzius
1234 4432 1369 4487 Sall.
1389 4432 1513 4487 hist.
1532 4432 1729 4501 fraym-
1759 4446 1823 4522 Ρ.
1852 4434 1967 4485 182
2006 4435 2055 4483 et
2091 4430 2403 4485 Dietsehiua
2430 4431 2569 4487 Sall.
2598 4434 2721 4487 hist.
2749 4434 2949 4504 sraqm.
2968 4451 3032 4503 Ρ.
3054 4438 3126 4488 53

602 4520 631 4568 7
653 4514 828 4586 capit]
851 4517 1022 4584 caput
1040 4514 1205 4568 codex
1231 4512 1633 4566 Ambrosianus
1655 4509 1727 4563 Μ
1727 4527 1828 4575 au
1856 4507 2043 4579 capita.
2067 4508 2119 4563 G-
2247 4517 2311 4564 12
2342 4512 2411 4567 de
2440 4512 2540 4567 illo
2569 4512 2815 4583 vulnere,
2845 4513 2996 4583 quod
3022 4512 3119 4568 ille
3137 4515 3197 4568 in

598 4595 785 4683 capite
825 4595 897 4650 ab
934 4592 1180 4648 hostium
1216 4592 1358 4647 duee
1394 4594 1718 4661 acceperat,
1757 4591 1939 4646 multa.
1972 4589 2118 4646 dixit
2156 4592 2340 4647 Cicero
2484 4599 2553 4647 22
2592 4594 2814 4663 culpam
2850 4596 2914 4648 ut.
2948 4594 3196 4664 Antipho

595 4671 655 4726 in
693 4691 750 4727 se
788 4673 1076 4729 admiserit
1114 4673 1401 4729 Terentius
1543 4678 1613 4726 24
1649 4688 1841 4743 regem
1876 4672 2276 4729 adversabatur
2310 4673 2515 4729 codices
2545 4674 2700 4728 Maii
2840 4682 2908 4730 29
2946 4675 3195 4732 animum

598 4754 879 4810 advortite
914 4755 1119 4810 codices
1162 4754 1427 4808 Terentii:
1482 4753 1784 4819 advertite,
1832 4751 2041 4822 legitur
2087 4756 2146 4807 et
2190 4753 2466 4807 attendite
2503 4752 2762 4809 Donatus
2796 4756 2859 4811 in
2900 4756 3018 4811 Ter.
3058 4758 3093 4811 1.
3130 4774 3196 4824 c.,

599 4832 785 4887 animo
830 4834 1103 4889 attendite
1149 4833 1372 4888 Nonius
1423 4851 1476 4901 Ρ.
1519 4838 1642 4889 39.
1681 4834 1756 4887 ad
1797 4832 2015 4889 Phorm.
2049 4834 2191 4901 prol.
2228 4838 2303 4889 24
2359 4851 2505 4887 nunc
2555 4835 2690 4904 quid
2738 4836 2903 4891 velim
2943 4838 3195 4895 animum

595 4913 872 4967 attendite
907 4915 1115 4967 rettulit
1152 4913 1570 4968 Lindemannus
