3613 5528
581 403 623 467 6
976 422 981 426 ’
1562 400 1917 457 TERENTII
1955 398 2220 456 SCAVRI

584 594 712 649 erat
748 606 868 649 non
906 586 1244 667 apparebat,
1283 586 1483 648 addita
1519 593 1657 647 nota
1695 605 1819 647 ras.
1866 586 2136 648 indicavi.
2184 587 2475 647 minorem
2513 584 2877 666 diligentiam
2926 588 3195 666 require-

581 695 682 758 bat
725 695 1027 757 Palatinus
1073 695 1286 773 codex,
1340 697 1403 755 in
1465 713 1582 774 quo
1632 711 1701 754 ea
1748 712 1897 773 quae
1946 694 2018 754 ad
2066 693 2547 773 orthographiam
2593 692 3017 755 vocabulorum
3062 713 3194 774 per·

583 806 773 865 tinent
834 802 1184 882 plerumque
1233 803 1426 862 omitti
1461 810 1754 881 poterant.
1812 802 2103 861 rationem
2141 809 2337 862 autem
2377 799 2632 862 duorum
2673 801 2962 863 librorum
2997 804 3198 863 inveni

582 930 712 972 esse
769 910 946 991 hanc,
1004 918 1069 971 ut
1124 928 1195 969 ex
1254 927 1371 970 uno
1430 918 1629 969 vetere
1687 906 1956 988 exemplo
2003 907 2218 969 litteris
2263 909 2730 988 anglosaxonicis
2777 909 2868 969 vel
2915 912 3197 991 scotticiS,

583 1028 650 1096 ut
696 1018 957 1098 videtur,
1014 1018 1269 1096 scripto,
1325 1034 1443 1095 quo
1502 1014 1626 1075 solo
1678 1014 1887 1076 Scauri
1943 1013 2094 1075 liber
2142 1018 2458 1077 memoriae
2504 1016 2777 1096 proditus
2823 1027 2977 1099 erat,
3033 1017 3197 1078 ducti

582 1128 717 1186 sint.
784 1124 941 1204 qnod
989 1123 1324 1203 exemplum
1371 1141 1506 1184 cum
1554 1125 1617 1184 in
1664 1124 1889 1202 optimo
1937 1121 2139 1204 codice
2186 1121 2476 1184 Beruensi
2525 1131 2799 1184 accurate
2848 1142 3196 1204 expressum

583 1235 687 1313 sit,
744 1230 1157 1311 neglegentius
1214 1239 1276 1291 et
1331 1230 1533 1291 multis
1582 1231 1739 1291 vitiis
1796 1241 2036 1291 auctum
2094 1232 2154 1291 in
2201 1230 2490 1311 Palatino,
2550 1233 2821 1310 sequitur
2876 1241 2944 1293 ut
2987 1234 3050 1293 in
3096 1231 3196 1293 illo

582 1342 776 1399 omnis
838 1339 963 1399 fere
1027 1341 1359 1418 scripturae
1419 1339 1741 1398 auctoritas
1803 1339 2054 1419 nitatur,
2118 1339 2324 1417 paucis
2384 1337 2556 1419 lociS,
2621 1340 2682 1398 in
2744 1338 2960 1417 quibus
3020 1338 3197 1400 verba

583 1446 871 1526 quaedam
910 1446 1001 1506 vel
1048 1447 1263 1506 omissa
1310 1444 1401 1505 vel
1447 1442 1858 1523 neglegentius
1903 1443 2202 1524 descripta
2249 1454 2435 1526 erant,
2483 1446 2612 1505 eins
2659 1444 2805 1505 fides
2852 1445 3197 1526 suppleatur

580 1551 844 1613 Palatino
893 1548 1196 1639 codice.*)
1245 1550 1415 1631 longe
1463 1554 1715 1612 maxima
1762 1560 1959 1611 tamen
2005 1569 2145 1630 pars
2183 1554 2479 1634 vitiorum,
2527 1552 2743 1632 quibus
2793 1553 3001 1614 Scauri
3047 1554 3198 1615 liber

582 1663 644 1720 in
692 1661 991 1721 communi
1040 1658 1358 1739 archetypo
1406 1661 1750 1738 gravissime
1800 1666 2123 1737 corruptus
2161 1667 2305 1739 erat,
2353 1677 2425 1719 ex
2471 1659 2572 1721 illo
2620 1660 2691 1720 ad
2739 1670 3061 1739 utrumque
3099 1680 3195 1722 co-

580 1769 775 1829 dicem
829 1776 1147 1847 propagata
1208 1776 1316 1828 est.
1400 1785 1472 1827 ex
1528 1766 1738 1827 eodem
1802 1773 2003 1826 vetere
2062 1765 2330 1845 exemplo
2388 1766 2648 1827 derivata
2703 1777 2843 1828 sunt
2901 1778 3198 1850 excerpta,

584 1894 734 1955 quae
791 1894 863 1935 ex
926 1876 1095 1935 initio
1166 1874 1329 1955 libri,
1390 1874 1548 1954 quod
1609 1881 1735 1934 tum
1798 1891 2064 1954 quoque,
2126 1891 2260 1932 cum
2319 1871 2416 1933 illa
2482 1874 3019 1955 componebantur,
3082 1877 3198 1935 iam

585 1980 918 2042 mutilatum
967 1988 1113 2061 erat,
1159 1981 1457 2059 descripta
1503 1989 1562 2041 et
1609 1987 1891 2060 quattuor
1938 1978 2244 2041 codicibus
2289 1989 2607 2060 propagata
2656 1990 2814 2042 sunt.
2880 2002 2951 2042 ex
2990 1982 3082 2043 his
3129 2002 3196 2042 ea

584 2107 732 2169 quae
781 2089 1065 2148 memoria
1113 2088 1287 2167 digna
1335 2106 1468 2148 esse
1515 2085 1866 2148 videbantur
1912 2087 2216 2165 adscripsi.
2281 2105 2460 2148 manu
2498 2090 2859 2167 scriptorum
2905 2088 3197 2150 librorum

582 2195 939 2257 lectionibus
1001 2195 1199 2256 addidi
1263 2195 1721 2273 discrepantiam
1780 2195 2068 2274 principis
2134 2193 2447 2275 editionis,
2512 2182 2764 2274 quacum
2822 2196 3198 2280 Putschiana,

582 2305 739 2365 sicut
784 2302 921 2384 dixi,
967 2303 1319 2383 plerumque
1368 2304 1682 2382 consentit,
1729 2320 1977 2380 eamque
2026 2302 2480 2381 discrepantiam
2530 2305 2724 2387 ipsam·
2763 2322 3002 2384 quoque
3047 2307 3195 2366 inte-

585 2427 751 2489 gram
797 2408 1056 2490 exhibui,
1102 2417 1169 2470 ut
1217 2416 1535 2490 constaret,
1583 2426 1761 2487 quem
1809 2407 1881 2467 ad
1931 2408 2167 2468 modum
2217 2408 2393 2469 verba
2442 2412 2810 2488 grammatici
2856 2410 2995 2472 olim
3044 2411 3198 2472 edita

584 2518 854 2577 fuissent.
928 2535 1064 2576 nam
1121 2515 1192 2576 ad
1240 2515 1714 2576 constituendam
1774 2514 2091 2575 lectionem
2152 2517 2442 2595 impresso
2503 2516 2772 2596 exemplo
2836 2516 3012 2578 fidem
3078 2537 3196 2579 non

589 2623 797 2705 tribui,
858 2623 962 2683 sed
1018 2642 1168 2703 quae
1217 2625 1440 2683 rectius
1494 2624 1556 2681 in
1616 2640 1685 2682 eo
1733 2639 1910 2701 quam
1966 2624 2028 2681 in
2073 2621 2360 2689 Palatino,
2395 2623 2597 2684 codice
2653 2624 2933 2704 leguntur
2980 2644 3012 2685 e
3060 2643 3197 2685 con-

583 2735 811 2794 iectura
848 2733 1048 2812 potius
1089 2729 1359 2792 Sichardi
1397 2748 1573 2810 qnam
1610 2747 1681 2790 ex
1729 2728 1976 2789 meliore
2023 2730 2226 2791 codice
2272 2731 2595 2811 repetenda
2642 2743 2801 2814 sunt,
2847 2741 2950 2795 aut
2995 2736 3196 2814 elquae

585 2841 739 2900 forte
807 2842 870 2916 in
925 2838 1018 2899 his
1075 2857 1225 2918 quae
1275 2837 1596 2899 Sichardus
1644 2839 1906 2898 correxit
1953 2839 2080 2898 sine
2129 2838 2241 2898 alio
2289 2840 2491 2900 codice
2541 2859 2659 2901 non
2707 2840 3067 2903 videbuntur
3113 2844 3198 2902 in-

758 3030 812 3099 *)
851 3029 937 3084 Ex
972 3030 1041 3084 iis
1079 3046 1224 3099 quae
1263 3028 1508 3083 Palatini
1546 3026 1752 3082 codicis
1790 3025 2130 3082 auctoritate
2167 3029 2354 3097 recepi
2392 3030 2668 3098 quaedam
2699 3048 2830 3086 sane
2868 3032 2951 3086 ita.
2978 3048 3198 3102 compa·
3295 3039 3304 3048 '

584 3111 711 3164 rata
748 3112 901 3174 sunt,
939 3112 1004 3164 ut
1038 3109 1205 3164 facile
1235 3109 1554 3164 coniectura
1589 3107 1828 3162 inveniri
1864 3107 2166 3176 potuerint.
2224 3112 2355 3164 sunt
2392 3110 2565 3165 etiam
2602 3112 2671 3166 de
2709 3110 2908 3180 quibus
2946 3111 3200 3167 dubit-em

586 3207 720 3244 num
769 3189 977 3246 codicis
1022 3191 1297 3260 scriptura
1340 3192 1491 3245 recte
1538 3189 1786 3243 indicata
1830 3188 1919 3242 sit.
1994 3187 2310 3242 adscribam
2355 3190 2544 3244 tamen
2591 3206 2772 3259 pauca
2819 3191 2936 3246 eiua
2983 3191 3200 3261 generis

586 3270 859 3339 exempla..
930 3288 985 3339 p.
1016 3277 1156 3325 2250
1193 3287 1346 3340 quem
1381 3286 1558 3323 nunc
1592 3284 1692 3322 nos
1726 3269 1922 3321 hedum
1957 3268 2190 3321 dicimus
2225 3268 2270 3320 P
2307 3285 2434 3321 cum
2472 3271 2774 3340 excerptis:
2811 3289 2961 3326 nunc
2997 3289 3104 3326 om.
3136 3272 3197 3327 B.

583 3369 638 3420 p.
675 3355 813 3404 2251
853 3355 916 3404 ut
952 3367 1074 3403 cam
1108 3352 1173 3403 in
1208 3351 1374 3405 aerbo
1409 3350 1589 3403 nescio
1623 3365 1651 3402 s
1688 3350 1926 3403 litteram
1953 3348 2142 3415 priori
2185 3348 2494 3416 syllabae
2528 3350 2837 3419 inianqunt
2871 3352 2932 3421 P,
2979 3359 3040 3406 ut
3078 3369 3201 3407 cum

583 3431 649 3483 in
682 3431 847 3484 uerbo
883 3431 1063 3484 nescio
1099 3447 1126 3484 s
1164 3431 1374 3485 litterae
1412 3433 1572 3500 (corr.
1605 3431 1843 3483 litteram
1877 3426 1936 3492 b)
1967 3428 2154 3495 priori
2189 3428 2434 3496 iungant
2468 3430 2541 3484 B:
2575 3432 2760 3498 priori
2794 3434 3038 3501 syllabae
3072 3434 3198 3486 ian·

584 3516 725 3582 quat
761 3509 1068 3565 defendunt
1103 3512 1380 3579 excerpta.
1452 3529 1505 3579 p.
1547 3515 1685 3563 2252
1734 3514 1795 3562 ut
1831 3509 1868 3575 f
1894 3514 1942 3560 et
1978 3507 2014 3559 h
2050 3505 2111 3574 P,
2159 3512 2224 3560 ut
2257 3509 2388 3563 haec
2422 3509 2482 3563 B.
2541 3510 2615 3564 ib.
2655 3512 2721 3564 K
2752 3514 2977 3581 quidam
3012 3528 3196 3581 super-

585 3609 824 3646 uacuam
859 3606 967 3644 esse
1002 3590 1395 3644 iudicauerunt
1430 3591 1491 3656 B,
1533 3591 1758 3660 quidam
1793 3601 2194 3655 superuacuum
2234 3605 2341 3642 esse
2378 3590 2681 3645 litteram
2716 3593 3110 3646 iudicauerunt
3136 3593 3196 3645 P.

585 3690 639 3742 p.
680 3676 818 3725 2253
857 3671 996 3724 male
1031 3670 1257 3738 quidam
1286 3687 1389 3737 per
1426 3688 1455 3723 c
1489 3672 1551 3738 P,
1588 3672 1790 3724 multae
1825 3670 2039 3737 quidem
2067 3685 2172 3736 per
2209 3684 2236 3721 c
2275 3669 2333 3722 B.
2392 3671 2466 3725 ib.
2506 3674 2630 3740 quis
2665 3674 2808 3726 enim
2852 3674 2958 3726 uel
3004 3674 3200 3727 hebetis

585 3754 789 3808 animia
834 3749 1489 3805 arimissosimilitudinem
1531 3753 1730 3804 sentire
1774 3767 1889 3804 non
1925 3749 2119 3817 possit.
2192 3767 2225 3816 q
2271 3749 2454 3804 littera
2499 3769 2663 3819 aeque
2708 3758 2971 3807 retenta
3017 3759 3093 3806 est
3136 3754 3199 3818 P,

590 3843 713 3911 quis
750 3841 891 3894 enim
927 3838 1125 3892 hebetis
1163 3838 1339 3890 animi
1373 3855 1631 3894 sonorum
1666 3839 2083 3894 similitudinem
2118 3838 2318 3891 sentire
2352 3855 2466 3892 ‘non
2493 3842 2686 3907 possit.
2744 3861 2777 3911 q
2815 3843 2999 3896 littera
3036 3858 3200 3910 aeque

587 3921 899 3990 quaerenda
934 3923 1011 3972 est
1046 3918 1109 3971 Β.
1165 3919 1239 3973 ib.
1279 3921 1424 3988 quod
1460 3922 1668 3975 auxilii
1703 3922 1821 3974 eius
1857 3920 2069 3973 litterae
2103 3934 2236 3971 nori
2271 3919 2551 3987 indiqebat
2587 3920 2650 3988 P,
2688 3939 2793 3989 quo
2831 3924 3046 3977 auxilio
3083 3924 3200 3976 eius

587 4003 801 4057 litterae
836 3998 1120 4069 indiqebat
1156 3999 1214 4052 Β.
1272 4017 1326 4069 p.
1365 4006 1503 4054 2257
1541 4003 1633 4056 scd
1677 4002 1861 4057 illud
1896 4000 2065 4054 secuti
2110 4001 2373 4054 uidentur
2409 3999 2483 4054 P:
2521 4003 2664 4056 illud
2700 4020 2808 4058 om.
2849 4002 2905 4056 B.
2965 4020 3018 4071 p.
3058 4007 3196 4056 2259

585 4082 738 4135 adice
773 4081 945 4150 quod
980 4096 1274 4133 maanus
1309 4088 1628 4151 corruptum
1662 4084 1737 4137 sit
1772 4082 1834 4152 P,
1873 4083 2021 4136 adite
2055 4079 2331 4134 vitavimus
2367 4087 2740 4150 cori-amptum
2778 4083 2935 4150 (corr.
2976 4097 3198 4149 corrup-

584 4163 721 4230 tum)
758 4161 831 4214 sit
868 4161 928 4215 B.
986 4178 1039 4229 p.
1072 4164 1212 4214 2260
1250 4177 1403 4215 nemo
1441 4168 1657 4217 autem
1692 4178 1992 4232 numquam
2029 4165 2161 4214 tam
2197 4159 2403 4214 insulse
2431 4177 2534 4228 per
2560 4179 2601 4216 ιι
2637 4163 2869 4217 artubus
2905 4162 3110 4217 dixerit
3134 4163 3198 4227 P,

486 4305 491 4310 .
586 4258 739 4296 nemo
776 4259 814 4311 y
849 4258 1150 4311 numquam
1185 4247 1364 4297 tamen
1400 4243 1605 4297 insulse
1637 4259 1739 4312 per
1765 4260 1806 4296 u
1835 4241 2068 4297 artabus
2103 4241 2308 4295 dixerit
2341 4240 2401 4295 B.
2457 4240 2532 4295 ib.
2563 4244 2880 4310 quoniam
2907 4257 3032 4310 pro
3068 4242 3200 4295 illa

583 4339 625 4376 u
671 4322 875 4375 cede-ret
920 4322 990 4390 P,
1037 4339 1139 4392 que
1185 4323 1344 4391 (corr.
1391 4326 1524 4393 qua)
1568 4341 1675 4393 pro
1723 4328 1901 4382 antea,
1932 4339 1972 4375 a
2021 4321 2223 4374 cederet
2267 4321 2326 4372 B.
2401 4320 2477 4377 ib.
2523 4322 2587 4376 in
2632 4323 2826 4377 eisdem
2868 4323 2972 4375 hac
3018 4321 3201 4374 littera

585 4402 887 4455 necessario
933 4404 1193 4456 utimur
1233 4401 1293 4471 P,
1339 4404 1403 4456 in
1447 4405 1641 4460 eisdem
1685 4405 1788 4458 hac
1835 4405 2020 4457 littera
2064 4399 2347 4468 tanyimur
2391 4402 2691 4455 necessario
2729 4401 2788 4456 B.
2843 4401 2918 4456 ib.
2960 4403 3200 4470 liquidae

585 4487 803 4536 autem
838 4486 968 4535 sunt
1005 4487 1243 4551 quatuor
1284 4483 1354 4548 P,
1391 4485 1635 4553 liquidae
1668 4488 1798 4539 sumt
1837 4483 2005 4537 IIII
2038 4480 2103 4535 B.
2139 4497 2191 4547 p.
2233 4485 2370 4534 2261
2412 4496 2533 4535 cum
2570 4483 2778 4552 alioqui
2823 4484 3051 4536 dubium
3087 4498 3199 4535 non

584 4563 658 4615 sit
694 4562 867 4631 qui-n
894 4579 999 4630 per
1028 4579 1080 4616 m
1107 4563 1395 4617 scribenda
1418 4564 1495 4617 sit
1528 4564 1591 4632 P,
1629 4580 1751 4619 cwm
1779 4564 1991 4633 alioqui
2025 4562 2255 4617 dubium
2281 4577 2396 4614 non
2421 4563 2495 4615 sit
2526 4579 2648 4617 cum
2680 4581 2780 4632 per
2806 4580 2887 4617 ms
2912 4562 3200 4617 scribenda

582 4642 657 4696 sit
692 4641 764 4698 B.
820 4640 896 4696 ib.
934 4647 983 4696 et
1029 4642 1288 4712 quoniam
1326 4659 1449 4710 per
1480 4661 1521 4713 p
1560 4649 1609 4697 et
1643 4661 1671 4698 s
1707 4660 1771 4698 ea
1806 4645 2122 4699 scribantur
2157 4641 2228 4695 P:
2262 4659 2363 4710 per
2401 4659 2510 4701 om.
2547 4644 2609 4699 Β.
2665 4644 2742 4700 ib.
2780 4645 2984 4713 hiemps
3020 4648 3199 4698 autem

585 4725 837 4775 neutram
873 4722 1071 4776 harum
1106 4723 1445 4791 syllabarum
1479 4724 1790 4792 qenitiuo
1827 4724 2073 4792 recipiat.
2129 4725 2256 4777 item
2284 4739 2396 4777 non
2424 4727 2635 4777 constat
2663 4724 2950 4777 obscurum
2978 4729 3200 4778 utrum

583 4817 701 4868 per
727 4801 792 4854 ob
823 4807 920 4855 aut
943 4819 1044 4870 per
1072 4818 1141 4869 op
1170 4803 1357 4856 debeat
1382 4803 1552 4856 scribi
1578 4802 1639 4869 P,
1675 4803 1880 4871 hiemps
1908 4807 2089 4858 autem
2115 4808 2372 4857 neutrum
2397 4804 2594 4857 harum
2620 4803 2960 4873 syllabarum
2985 4804 3195 4872 recipit.

586 4881 712 4934 item
747 4896 861 4935 non
897 4886 1109 4936 constat
1146 4881 1433 4936 obscurum
1469 4882 1534 4936 ob
1572 4899 1649 4936 an
1677 4897 1779 4950 per
1817 4899 1886 4951 op
1922 4883 2110 4937 debeat
2143 4883 2314 4939 scribi
2351 4884 2409 4936 Β.
