<?xml version="1.0" encoding="UTF-8"?>
<!DOCTYPE html PUBLIC "-//W3C//DTD XHTML 1.0 Transitional//EN"
    "http://www.w3.org/TR/xhtml1/DTD/xhtml1-transitional.dtd">
<html xmlns="http://www.w3.org/1999/xhtml" xml:lang="en" lang="en">
 <head>
  <title>
</title>
<meta http-equiv="Content-Type" content="text/html;charset=utf-8" />
  <meta name='ocr-system' content='tesseract 3.04.00' />
  <meta name='ocr-capabilities' content='ocr_page ocr_carea ocr_par ocr_line ocrx_word'/>
</head>
<body>
  <div class='ocr_page' id='page_1' title='image "./grammaticilatin09keilgoog_0258.png"; bbox 0 0 3613 5528; ppageno 0'>
   <div class='ocr_carea' id='block_1_1' title="bbox 538 306 1965 458">
    <p class='ocr_par' dir='ltr' id='par_1_1' title="bbox 538 306 1965 458">
     <span class='ocr_line' id='line_1_1' title="bbox 538 306 1965 375; baseline -0.001 -13"><span class='ocrx_word' id='word_1_1' title='bbox 538 309 668 375; x_wconf 83' lang='lat'>248</span> <span class='ocrx_word' id='word_1_2' title='bbox 1723 306 1965 363; x_wconf 78' lang='lat' dir='ltr'>BEDAE</span> 
     </span>
     <span class='ocr_line' id='line_1_2' title="bbox 539 409 887 458; baseline 0.003 -9"><span class='ocrx_word' id='word_1_3' title='bbox 539 421 581 458; x_wconf 81' lang='lat' dir='ltr'>p.</span> <span class='ocrx_word' id='word_1_4' title='bbox 610 411 729 450; x_wconf 73' lang='lat'><strong>23⁷0.</strong></span> <span class='ocrx_word' id='word_1_5' title='bbox 758 411 807 450; x_wconf 78' lang='grc' dir='ltr'>’τι</span> <span class='ocrx_word' id='word_1_6' title='bbox 838 409 887 451; x_wconf 81' lang='lat' dir='ltr'>P.</span> 
     </span>
    </p>
   </div>
   <div class='ocr_carea' id='block_1_2' title="bbox 540 490 3241 3356">
    <p class='ocr_par' dir='ltr' id='par_1_2' title="bbox 540 490 3241 3356">
     <span class='ocr_line' id='line_1_3' title="bbox 541 490 1727 573; baseline -0.001 -19"><span class='ocrx_word' id='word_1_7' title='bbox 541 503 634 555; x_wconf 88' lang='lat' dir='ltr'>est</span> <span class='ocrx_word' id='word_1_8' title='bbox 678 492 874 554; x_wconf 87' lang='lat' dir='ltr'>brevis</span> <span class='ocrx_word' id='word_1_9' title='bbox 919 491 1170 554; x_wconf 82' lang='lat' dir='ltr'><strong>licenter</strong></span> <span class='ocrx_word' id='word_1_10' title='bbox 1213 493 1276 551; x_wconf 90' lang='lat' dir='ltr'>in</span> <span class='ocrx_word' id='word_1_11' title='bbox 1321 490 1422 552; x_wconf 90' lang='lat' dir='ltr'>illo</span> <span class='ocrx_word' id='word_1_12' title='bbox 1471 491 1727 573; x_wconf 83' lang='lat' dir='ltr'>sedulii,</span> 
     </span>
     <span class='ocr_line' id='line_1_4' title="bbox 860 596 2607 680; baseline 0 -21"><span class='ocrx_word' id='word_1_13' title='bbox 860 599 1076 659; x_wconf 89' lang='lat' dir='ltr'>unius</span> <span class='ocrx_word' id='word_1_14' title='bbox 1122 596 1209 658; x_wconf 91' lang='lat' dir='ltr'>ob</span> <span class='ocrx_word' id='word_1_15' title='bbox 1256 601 1594 660; x_wconf 90' lang='lat' dir='ltr'>meritum</span> <span class='ocrx_word' id='word_1_16' title='bbox 1639 600 1887 661; x_wconf 84' lang='lat' dir='ltr'>cuncti</span> <span class='ocrx_word' id='word_1_17' title='bbox 1933 600 2229 680; x_wconf 92' lang='lat' dir='ltr'>periere</span> <span class='ocrx_word' id='word_1_18' title='bbox 2275 600 2607 661; x_wconf 79' lang='lat' dir='ltr'>minores,</span> 
     </span>
     <span class='ocr_line' id='line_1_5' title="bbox 540 703 1872 788; baseline -0.001 -21"><span class='ocrx_word' id='word_1_19' title='bbox 540 708 684 767; x_wconf 89' lang='lat' dir='ltr'>item</span> <span class='ocrx_word' id='word_1_20' title='bbox 732 713 942 768; x_wconf 85' lang='lat' dir='ltr'>natura</span> <span class='ocrx_word' id='word_1_21' title='bbox 987 703 1158 784; x_wconf 82' lang='lat' dir='ltr'>longa</span> <span class='ocrx_word' id='word_1_22' title='bbox 1205 714 1298 767; x_wconf 87' lang='lat' dir='ltr'>est</span> <span class='ocrx_word' id='word_1_23' title='bbox 1340 708 1404 767; x_wconf 92' lang='lat' dir='ltr'>in</span> <span class='ocrx_word' id='word_1_24' title='bbox 1450 705 1564 766; x_wconf 90' lang='lat' dir='ltr'>hoc</span> <span class='ocrx_word' id='word_1_25' title='bbox 1611 703 1872 788; x_wconf 80' lang='lat' dir='ltr'>Paulini,</span> 
     </span>
     <span class='ocr_line' id='line_1_6' title="bbox 859 810 2477 894; baseline 0.001 -22"><span class='ocrx_word' id='word_1_26' title='bbox 859 810 1309 873; x_wconf 87' lang='lat' dir='ltr'>discutiebat</span> <span class='ocrx_word' id='word_1_27' title='bbox 1353 830 1571 873; x_wconf 85' lang='lat' dir='ltr'>ovans</span> <span class='ocrx_word' id='word_1_28' title='bbox 1616 811 1819 892; x_wconf 86' lang='lat' dir='ltr'>galea</span> <span class='ocrx_word' id='word_1_29' title='bbox 1865 821 2222 893; x_wconf 87' lang='lat' dir='ltr'>scutoque</span> <span class='ocrx_word' id='word_1_30' title='bbox 2268 813 2477 894; x_wconf 79' lang='lat' dir='ltr'>fidei,</span> 
     </span>
     <span class='ocr_line' id='line_1_7' title="bbox 540 917 3204 1001; baseline 0 -21"><span class='ocrx_word' id='word_1_31' title='bbox 540 919 777 980; x_wconf 88' lang='lat' dir='ltr'>licentia</span> <span class='ocrx_word' id='word_1_32' title='bbox 822 917 1021 980; x_wconf 83' lang='lat' dir='ltr'>brevis</span> <span class='ocrx_word' id='word_1_33' title='bbox 1067 921 1130 979; x_wconf 93' lang='lat' dir='ltr'>in</span> <span class='ocrx_word' id='word_1_34' title='bbox 1176 918 1291 980; x_wconf 89' lang='lat' dir='ltr'>hoc</span> <span class='ocrx_word' id='word_1_35' title='bbox 1336 917 1643 1001; x_wconf 88' lang='lat' dir='ltr'>Prosperi‚</span> <span class='ocrx_word' id='word_1_36' title='bbox 3177 930 3204 970; x_wconf 80' lang='lat'>⁵</span> 
     </span>
     <span class='ocr_line' id='line_1_8' title="bbox 861 1023 2568 1106; baseline 0.002 -21"><span class='ocrx_word' id='word_1_37' title='bbox 861 1024 1167 1086; x_wconf 81' lang='lat' dir='ltr'>delicias</span> <span class='ocrx_word' id='word_1_38' title='bbox 1213 1028 1345 1086; x_wconf 89' lang='lat' dir='ltr'>iam</span> <span class='ocrx_word' id='word_1_39' title='bbox 1393 1044 1580 1087; x_wconf 91' lang='lat' dir='ltr'>nunc</span> <span class='ocrx_word' id='word_1_40' title='bbox 1625 1028 1969 1106; x_wconf 82' lang='lat' dir='ltr'>promissi</span> <span class='ocrx_word' id='word_1_41' title='bbox 2014 1023 2315 1106; x_wconf 80' lang='lat' dir='ltr'>concipe</span> <span class='ocrx_word' id='word_1_42' title='bbox 2363 1028 2568 1106; x_wconf 83' lang='lat' dir='ltr'>regni</span> 
     </span>
     <span class='ocr_line' id='line_1_9' title="bbox 968 1131 2504 1212; baseline 0.002 -21"><span class='ocrx_word' id='word_1_43' title='bbox 968 1133 1241 1193; x_wconf 85' lang='lat' dir='ltr'>virtute</span> <span class='ocrx_word' id='word_1_44' title='bbox 1289 1140 1357 1195; x_wconf 90' lang='lat' dir='ltr'>et</span> <span class='ocrx_word' id='word_1_45' title='bbox 1404 1131 1579 1193; x_wconf 81' lang='lat' dir='ltr'>fidei</span> <span class='ocrx_word' id='word_1_46' title='bbox 1624 1131 1814 1211; x_wconf 88' lang='lat' dir='ltr'>quod</span> <span class='ocrx_word' id='word_1_47' title='bbox 1863 1135 2068 1212; x_wconf 91' lang='lat' dir='ltr'>cupis</span> <span class='ocrx_word' id='word_1_48' title='bbox 2115 1151 2276 1194; x_wconf 87' lang='lat' dir='ltr'>esse</span> <span class='ocrx_word' id='word_1_49' title='bbox 2324 1142 2504 1194; x_wconf 90' lang='lat' dir='ltr'>tene.</span> 
     </span>
     <span class='ocr_line' id='line_1_10' title="bbox 543 1238 3153 1321; baseline 0 -21"><span class='ocrx_word' id='word_1_50' title='bbox 543 1247 603 1302; x_wconf 89' lang='lat' dir='ltr'>et</span> <span class='ocrx_word' id='word_1_51' title='bbox 641 1238 781 1320; x_wconf 88' lang='lat' dir='ltr'>hoc,</span> <span class='ocrx_word' id='word_1_52' title='bbox 809 1246 879 1300; x_wconf 92' lang='lat' dir='ltr'>ut</span> <span class='ocrx_word' id='word_1_53' title='bbox 914 1256 1092 1317; x_wconf 89' lang='lat' dir='ltr'>supra</span> <span class='ocrx_word' id='word_1_54' title='bbox 1132 1238 1471 1321; x_wconf 87' lang='lat' dir='ltr'>retulimus,</span> <span class='ocrx_word' id='word_1_55' title='bbox 1507 1241 1665 1301; x_wconf 84' lang='lat' dir='ltr'>inter</span> <span class='ocrx_word' id='word_1_56' title='bbox 1694 1241 2040 1301; x_wconf 84' lang='lat' dir='ltr'>communes</span> <span class='ocrx_word' id='word_1_57' title='bbox 2079 1239 2328 1319; x_wconf 78' lang='lat' dir='ltr'>syllabas</span> <span class='ocrx_word' id='word_1_58' title='bbox 2363 1247 2758 1320; x_wconf 89' lang='lat' dir='ltr'>computatur.</span> <span class='ocrx_word' id='word_1_59' title='bbox 2814 1240 2917 1301; x_wconf 90' lang='lat' dir='ltr'>ubi</span> <span class='ocrx_word' id='word_1_60' title='bbox 2955 1248 3153 1301; x_wconf 87' lang='lat' dir='ltr'>autem</span> 
     </span>
     <span class='ocr_line' id='line_1_11' title="bbox 543 1327 3152 1428; baseline -0 -20"><span class='ocrx_word' id='word_1_61' title='bbox 543 1349 606 1408; x_wconf 93' lang='lat' dir='ltr'>in</span> <span class='ocrx_word' id='word_1_62' title='bbox 653 1347 859 1406; x_wconf 88' lang='lat' dir='ltr'>metris</span> <span class='ocrx_word' id='word_1_63' title='bbox 914 1344 1140 1426; x_wconf 78' lang='lat' dir='ltr'>prendo</span> <span class='ocrx_word' id='word_1_64' title='bbox 1195 1327 1305 1427; x_wconf 88' lang='lat' dir='ltr'>pro</span> <span class='ocrx_word' id='word_1_65' title='bbox 1361 1346 1666 1426; x_wconf 84' lang='lat' dir='ltr'>prehendo</span> <span class='ocrx_word' id='word_1_66' title='bbox 1712 1346 1802 1407; x_wconf 83' lang='lat' dir='ltr'>vel</span> <span class='ocrx_word' id='word_1_67' title='bbox 1861 1346 2051 1408; x_wconf 88' lang='lat' dir='ltr'>saecla</span> <span class='ocrx_word' id='word_1_68' title='bbox 2097 1347 2314 1427; x_wconf 80' lang='lat' dir='ltr'>legitur</span> <span class='ocrx_word' id='word_1_69' title='bbox 2340 1365 2468 1428; x_wconf 81' lang='lat' dir='ltr'>‚pro</span> <span class='ocrx_word' id='word_1_70' title='bbox 2516 1347 2748 1409; x_wconf 91' lang='lat' dir='ltr'>saecula</span> <span class='ocrx_word' id='word_1_71' title='bbox 2798 1347 2885 1408; x_wconf 87' lang='lat' dir='ltr'>vel</span> <span class='ocrx_word' id='word_1_72' title='bbox 2932 1346 3152 1427; x_wconf 85' lang='lat' dir='ltr'>aliquid</span> 
     </span>
     <span class='ocr_line' id='line_1_12' title="bbox 543 1452 3237 1536; baseline 0 -22"><span class='ocrx_word' id='word_1_73' title='bbox 543 1454 723 1516; x_wconf 91' lang='lat' dir='ltr'>huius</span> <span class='ocrx_word' id='word_1_74' title='bbox 771 1452 956 1534; x_wconf 86' lang='lat' dir='ltr'>modi,</span> <span class='ocrx_word' id='word_1_75' title='bbox 1004 1471 1121 1513; x_wconf 89' lang='lat' dir='ltr'>non</span> <span class='ocrx_word' id='word_1_76' title='bbox 1168 1461 1264 1515; x_wconf 90' lang='lat' dir='ltr'>est</span> <span class='ocrx_word' id='word_1_77' title='bbox 1308 1454 1637 1536; x_wconf 78' lang='lat' dir='ltr'>synalipha,</span> <span class='ocrx_word' id='word_1_78' title='bbox 1683 1455 1788 1515; x_wconf 90' lang='lat' dir='ltr'>sed</span> <span class='ocrx_word' id='word_1_79' title='bbox 1810 1525 1814 1530; x_wconf 75' lang='lat'>,</span> <span class='ocrx_word' id='word_1_80' title='bbox 1837 1472 2122 1534; x_wconf 82' lang='lat' dir='ltr'>syncope,</span> <span class='ocrx_word' id='word_1_81' title='bbox 2168 1471 2318 1533; x_wconf 87' lang='lat' dir='ltr'>quae</span> <span class='ocrx_word' id='word_1_82' title='bbox 2367 1456 2599 1535; x_wconf 89' lang='lat' dir='ltr'>species</span> <span class='ocrx_word' id='word_1_83' title='bbox 2637 1463 2729 1516; x_wconf 87' lang='lat' dir='ltr'>est</span> <span class='ocrx_word' id='word_1_84' title='bbox 2771 1453 3155 1535; x_wconf 80' lang='lat' dir='ltr'>metaplasmi,</span> <span class='ocrx_word' id='word_1_85' title='bbox 3186 1466 3237 1506; x_wconf 84' lang='lat'>1⁰</span> 
     </span>
     <span class='ocr_line' id='line_1_13' title="bbox 546 1559 3155 1642; baseline -0 -21"><span class='ocrx_word' id='word_1_86' title='bbox 546 1563 683 1640; x_wconf 88' lang='lat' dir='ltr'>quia</span> <span class='ocrx_word' id='word_1_87' title='bbox 738 1577 856 1620; x_wconf 89' lang='lat' dir='ltr'>non</span> <span class='ocrx_word' id='word_1_88' title='bbox 915 1559 1132 1639; x_wconf 79' lang='lat' dir='ltr'>syllaba</span> <span class='ocrx_word' id='word_1_89' title='bbox 1190 1559 1279 1621; x_wconf 88' lang='lat' dir='ltr'>vel</span> <span class='ocrx_word' id='word_1_90' title='bbox 1335 1560 1532 1622; x_wconf 89' lang='lat' dir='ltr'>littera</span> <span class='ocrx_word' id='word_1_91' title='bbox 1584 1562 1805 1642; x_wconf 85' lang='lat' dir='ltr'>scripta</span> <span class='ocrx_word' id='word_1_92' title='bbox 1852 1561 2188 1624; x_wconf 89' lang='lat' dir='ltr'>scandendo</span> <span class='ocrx_word' id='word_1_93' title='bbox 2234 1561 2526 1642; x_wconf 81' lang='lat' dir='ltr'>aufertur,</span> <span class='ocrx_word' id='word_1_94' title='bbox 2562 1561 2685 1623; x_wconf 81' lang='lat' dir='ltr'>sed</span> <span class='ocrx_word' id='word_1_95' title='bbox 2741 1580 2816 1622; x_wconf 88' lang='lat' dir='ltr'>ne</span> <span class='ocrx_word' id='word_1_96' title='bbox 2875 1578 3155 1640; x_wconf 87' lang='lat' dir='ltr'>umquam</span> 
     </span>
     <span class='ocr_line' id='line_1_14' title="bbox 547 1661 3157 1751; baseline 0.001 -24"><span class='ocrx_word' id='word_1_97' title='bbox 547 1666 913 1728; x_wconf 85' lang='lat' dir='ltr'>scriberetur</span> <span class='ocrx_word' id='word_1_98' title='bbox 960 1666 1230 1728; x_wconf 87' lang='lat' dir='ltr'>libertate</span> <span class='ocrx_word' id='word_1_99' title='bbox 1276 1670 1507 1748; x_wconf 89' lang='lat' dir='ltr'>poetica</span> <span class='ocrx_word' id='word_1_100' title='bbox 1546 1670 1850 1749; x_wconf 84' lang='lat' dir='ltr'>provisum</span> <span class='ocrx_word' id='word_1_101' title='bbox 1889 1661 2021 1751; x_wconf 60' lang='lat' dir='ltr'>est!</span> <span class='ocrx_word' id='word_1_102' title='bbox 2083 1667 2242 1729; x_wconf 89' lang='lat' dir='ltr'>unde</span> <span class='ocrx_word' id='word_1_103' title='bbox 2278 1666 2444 1729; x_wconf 89' lang='lat' dir='ltr'>illum</span> <span class='ocrx_word' id='word_1_104' title='bbox 2483 1667 2741 1730; x_wconf 87' lang='lat' dir='ltr'>Maronis</span> <span class='ocrx_word' id='word_1_105' title='bbox 2780 1667 3157 1748; x_wconf 88' lang='lat' dir='ltr'>versiculum,</span> 
     </span>
     <span class='ocr_line' id='line_1_15' title="bbox 868 1775 2659 1855; baseline 0.001 -20"><span class='ocrx_word' id='word_1_106' title='bbox 868 1792 998 1835; x_wconf 90' lang='lat' dir='ltr'>nec</span> <span class='ocrx_word' id='word_1_107' title='bbox 1044 1781 1194 1836; x_wconf 89' lang='lat' dir='ltr'>tota</span> <span class='ocrx_word' id='word_1_108' title='bbox 1239 1783 1473 1836; x_wconf 88' lang='lat' dir='ltr'>tamen</span> <span class='ocrx_word' id='word_1_109' title='bbox 1519 1775 1646 1836; x_wconf 92' lang='lat' dir='ltr'>ille</span> <span class='ocrx_word' id='word_1_110' title='bbox 1691 1777 1894 1855; x_wconf 90' lang='lat' dir='ltr'>prior</span> <span class='ocrx_word' id='word_1_111' title='bbox 1939 1781 2337 1855; x_wconf 89' lang='lat' dir='ltr'>praeeunte</span> <span class='ocrx_word' id='word_1_112' title='bbox 2386 1778 2659 1853; x_wconf 88' lang='lat' dir='ltr'>carina,</span> 
     </span>
     <span class='ocr_line' id='line_1_16' title="bbox 545 1879 3157 1963; baseline -0.001 -20"><span class='ocrx_word' id='word_1_113' title='bbox 545 1886 625 1943; x_wconf 90' lang='lat' dir='ltr'>ita</span> <span class='ocrx_word' id='word_1_114' title='bbox 683 1880 1084 1942; x_wconf 85' lang='lat' dir='ltr'>scandendum</span> <span class='ocrx_word' id='word_1_115' title='bbox 1141 1900 1272 1942; x_wconf 88' lang='lat' dir='ltr'>esse</span> <span class='ocrx_word' id='word_1_116' title='bbox 1330 1882 1477 1941; x_wconf 86' lang='lat' dir='ltr'>ratio</span> <span class='ocrx_word' id='word_1_117' title='bbox 1535 1879 1774 1962; x_wconf 88' lang='lat' dir='ltr'>probat,</span> <span class='ocrx_word' id='word_1_118' title='bbox 1831 1888 1898 1941; x_wconf 94' lang='lat' dir='ltr'>ut</span> <span class='ocrx_word' id='word_1_119' title='bbox 1950 1883 2143 1961; x_wconf 90' lang='lat' dir='ltr'>primo</span> <span class='ocrx_word' id='word_1_120' title='bbox 2203 1882 2281 1942; x_wconf 92' lang='lat' dir='ltr'>sit</span> <span class='ocrx_word' id='word_1_121' title='bbox 2331 1890 2506 1946; x_wconf 79' lang='lat' dir='ltr'>necto</span> <span class='ocrx_word' id='word_1_122' title='bbox 2560 1882 2888 1963; x_wconf 79' lang='lat' dir='ltr'>spondeuS,</span> <span class='ocrx_word' id='word_1_123' title='bbox 2944 1881 3157 1943; x_wconf 91' lang='lat' dir='ltr'>deinde</span> 
     </span>
     <span class='ocr_line' id='line_1_17' title="bbox 548 1986 3238 2070; baseline -0.001 -19"><span class='ocrx_word' id='word_1_124' title='bbox 548 1998 804 2052; x_wconf 87' lang='lat' dir='ltr'>tatamen</span> <span class='ocrx_word' id='word_1_125' title='bbox 852 1988 1118 2069; x_wconf 85' lang='lat' dir='ltr'>dactylus</span> <span class='ocrx_word' id='word_1_126' title='bbox 1129 2036 1146 2069; x_wconf 88' lang='lat'><em>,</em></span> <span class='ocrx_word' id='word_1_127' title='bbox 1202 1987 1396 2067; x_wconf 82' lang='lat' dir='ltr'>illepri</span> <span class='ocrx_word' id='word_1_128' title='bbox 1443 1986 1735 2068; x_wconf 78' lang='lat' dir='ltr'>dactylus,</span> <span class='ocrx_word' id='word_1_129' title='bbox 1792 2006 2040 2069; x_wconf 90' lang='lat' dir='ltr'>orpraee</span> <span class='ocrx_word' id='word_1_130' title='bbox 2089 1989 2354 2069; x_wconf 77' lang='lat' dir='ltr'>dactylus</span> <span class='ocrx_word' id='word_1_131' title='bbox 2401 1987 2737 2050; x_wconf 85' lang='lat' dir='ltr'>adbreviata</span> <span class='ocrx_word' id='word_1_132' title='bbox 2792 1988 3156 2070; x_wconf 84' lang='lat' dir='ltr'>diphthongo</span> <span class='ocrx_word' id='word_1_133' title='bbox 3186 1999 3238 2040; x_wconf 84' lang='lat'>1⁵</span> 
     </span>
     <span class='ocr_line' id='line_1_18' title="bbox 548 2088 3207 2178; baseline -0.001 -20"><span class='ocrx_word' id='word_1_134' title='bbox 548 2106 793 2178; x_wconf 87' lang='lat' dir='ltr'>propter</span> <span class='ocrx_word' id='word_1_135' title='bbox 837 2095 1098 2156; x_wconf 85' lang='lat' dir='ltr'>vocalem</span> <span class='ocrx_word' id='word_1_136' title='bbox 1146 2114 1296 2174; x_wconf 88' lang='lat' dir='ltr'>quae</span> <span class='ocrx_word' id='word_1_137' title='bbox 1344 2097 1634 2176; x_wconf 84' lang='lat' dir='ltr'>sequitur,</span> <span class='ocrx_word' id='word_1_138' title='bbox 1680 2104 1825 2156; x_wconf 87' lang='lat' dir='ltr'>unte</span> <span class='ocrx_word' id='word_1_139' title='bbox 1864 2096 2062 2156; x_wconf 89' lang='lat' dir='ltr'>carina</span> <span class='ocrx_word' id='word_1_140' title='bbox 2109 2094 2373 2176; x_wconf 79' lang='lat' dir='ltr'>dactylus</span> <span class='ocrx_word' id='word_1_141' title='bbox 2410 2104 2473 2156; x_wconf 90' lang='lat' dir='ltr'>et</span> <span class='ocrx_word' id='word_1_142' title='bbox 2517 2096 2843 2178; x_wconf 79' lang='lat' dir='ltr'>spondeuS,</span> <span class='ocrx_word' id='word_1_143' title='bbox 2889 2098 2993 2175; x_wconf 88' lang='lat' dir='ltr'>qui</span> <span class='ocrx_word' id='word_1_144' title='bbox 3039 2103 3155 2156; x_wconf 88' lang='lat' dir='ltr'>ter·</span> <span class='ocrx_word' id='word_1_145' title='bbox 3198 2088 3207 2096; x_wconf 80' lang='grc'><strong><em>’</em></strong></span> 
     </span>
     <span class='ocr_line' id='line_1_19' title="bbox 547 2200 3160 2284; baseline -0.002 -18"><span class='ocrx_word' id='word_1_146' title='bbox 547 2207 793 2266; x_wconf 84' lang='lat' dir='ltr'>minent.</span> <span class='ocrx_word' id='word_1_147' title='bbox 867 2204 1001 2281; x_wconf 89' lang='lat' dir='ltr'>quis</span> <span class='ocrx_word' id='word_1_148' title='bbox 1044 2202 1203 2262; x_wconf 91' lang='lat' dir='ltr'>enim</span> <span class='ocrx_word' id='word_1_149' title='bbox 1239 2200 1439 2263; x_wconf 88' lang='lat' dir='ltr'>audiat</span> <span class='ocrx_word' id='word_1_150' title='bbox 1474 2200 1843 2264; x_wconf 86' lang='lat' dir='ltr'>Victorinum</span> <span class='ocrx_word' id='word_1_151' title='bbox 1889 2201 2203 2263; x_wconf 88' lang='lat' dir='ltr'>docentem</span> <span class='ocrx_word' id='word_1_152' title='bbox 2248 2211 2317 2263; x_wconf 89' lang='lat' dir='ltr'>ut</span> <span class='ocrx_word' id='word_1_153' title='bbox 2361 2203 2712 2265; x_wconf 87' lang='lat' dir='ltr'>scandamus</span> <span class='ocrx_word' id='word_1_154' title='bbox 2758 2210 2896 2264; x_wconf 88' lang='lat' dir='ltr'>ente</span> <span class='ocrx_word' id='word_1_155' title='bbox 2941 2204 3160 2284; x_wconf 86' lang='lat' dir='ltr'>carina,</span> 
     </span>
     <span class='ocr_line' id='line_1_20' title="bbox 549 2306 3158 2392; baseline -0 -21"><span class='ocrx_word' id='word_1_156' title='bbox 549 2313 833 2372; x_wconf 76' lang='lat' dir='ltr'>facientes</span> <span class='ocrx_word' id='word_1_157' title='bbox 902 2306 1265 2389; x_wconf 79' lang='lat' dir='ltr'>synalipham</span> <span class='ocrx_word' id='word_1_158' title='bbox 1335 2310 1395 2369; x_wconf 91' lang='lat' dir='ltr'>in</span> <span class='ocrx_word' id='word_1_159' title='bbox 1465 2308 1656 2369; x_wconf 91' lang='lat' dir='ltr'>media</span> <span class='ocrx_word' id='word_1_160' title='bbox 1725 2317 1894 2389; x_wconf 87' lang='lat' dir='ltr'>parte</span> <span class='ocrx_word' id='word_1_161' title='bbox 1965 2310 2273 2392; x_wconf 80' lang='lat' dir='ltr'>orationiS‚</span> <span class='ocrx_word' id='word_1_162' title='bbox 2345 2310 2503 2389; x_wconf 88' lang='lat' dir='ltr'>quod</span> <span class='ocrx_word' id='word_1_163' title='bbox 2572 2328 2896 2391; x_wconf 85' lang='lat' dir='ltr'>numquam</span> <span class='ocrx_word' id='word_1_164' title='bbox 2961 2311 3158 2371; x_wconf 80' lang='lat' dir='ltr'>secere</span> 
     </span>
     <span class='ocr_line' id='line_1_21' title="bbox 548 2412 3162 2499; baseline -0 -22"><span class='ocrx_word' id='word_1_165' title='bbox 548 2412 828 2499; x_wconf 75' lang='lat' dir='ltr'>priores?</span> <span class='ocrx_word' id='word_1_166' title='bbox 891 2417 958 2476; x_wconf 82' lang='lat' dir='ltr'>fit</span> <span class='ocrx_word' id='word_1_167' title='bbox 1003 2421 1201 2476; x_wconf 88' lang='lat' dir='ltr'>autem</span> <span class='ocrx_word' id='word_1_168' title='bbox 1252 2414 1555 2495; x_wconf 83' lang='lat' dir='ltr'>synalipha</span> <span class='ocrx_word' id='word_1_169' title='bbox 1601 2417 1662 2476; x_wconf 92' lang='lat' dir='ltr'>in</span> <span class='ocrx_word' id='word_1_170' title='bbox 1709 2416 1871 2476; x_wconf 90' lang='lat' dir='ltr'>omni</span> <span class='ocrx_word' id='word_1_171' title='bbox 1914 2424 2083 2495; x_wconf 89' lang='lat' dir='ltr'>parte</span> <span class='ocrx_word' id='word_1_172' title='bbox 2130 2435 2368 2498; x_wconf 85' lang='lat' dir='ltr'>versus,</span> <span class='ocrx_word' id='word_1_173' title='bbox 2424 2418 2603 2478; x_wconf 83' lang='lat' dir='ltr'>etiam</span> <span class='ocrx_word' id='word_1_174' title='bbox 2648 2418 2708 2478; x_wconf 91' lang='lat' dir='ltr'>in</span> <span class='ocrx_word' id='word_1_175' title='bbox 2756 2424 3046 2499; x_wconf 83' lang='lat' dir='ltr'>extrema,</span> <span class='ocrx_word' id='word_1_176' title='bbox 3092 2424 3162 2477; x_wconf 84' lang='lat' dir='ltr'>ut</span> 
     </span>
     <span class='ocr_line' id='line_1_22' title="bbox 549 2526 3240 2604; baseline -0.003 -19"><span class='ocrx_word' id='word_1_177' title='bbox 549 2526 810 2604; x_wconf 89' lang='lat' dir='ltr'>Prosper</span> <span class='ocrx_word' id='word_1_178' title='bbox 3186 2538 3240 2578; x_wconf 76' lang='lat'>20</span> 
     </span>
     <span class='ocr_line' id='line_1_23' title="bbox 871 2630 2871 2711; baseline 0.001 -20"><span class='ocrx_word' id='word_1_179' title='bbox 871 2630 994 2691; x_wconf 89' lang='lat' dir='ltr'>sed</span> <span class='ocrx_word' id='word_1_180' title='bbox 1039 2645 1279 2690; x_wconf 90' lang='lat' dir='ltr'>rerum</span> <span class='ocrx_word' id='word_1_181' title='bbox 1325 2633 1608 2692; x_wconf 87' lang='lat' dir='ltr'>auctori</span> <span class='ocrx_word' id='word_1_182' title='bbox 1653 2630 1902 2692; x_wconf 90' lang='lat' dir='ltr'>nullus</span> <span class='ocrx_word' id='word_1_183' title='bbox 1949 2649 2086 2691; x_wconf 89' lang='lat' dir='ltr'>non</span> <span class='ocrx_word' id='word_1_184' title='bbox 2134 2632 2478 2711; x_wconf 82' lang='lat' dir='ltr'>cognitus</span> <span class='ocrx_word' id='word_1_185' title='bbox 2524 2632 2696 2692; x_wconf 91' lang='lat' dir='ltr'>ordo</span> <span class='ocrx_word' id='word_1_186' title='bbox 2745 2640 2871 2694; x_wconf 85' lang='lat' dir='ltr'>est.</span> 
     </span>
     <span class='ocr_line' id='line_1_24' title="bbox 551 2736 3163 2821; baseline -0.001 -18"><span class='ocrx_word' id='word_1_187' title='bbox 551 2742 619 2802; x_wconf 78' lang='lat' dir='ltr'>fit</span> <span class='ocrx_word' id='word_1_188' title='bbox 663 2748 725 2802; x_wconf 87' lang='lat' dir='ltr'>et</span> <span class='ocrx_word' id='word_1_189' title='bbox 768 2746 904 2821; x_wconf 87' lang='lat' dir='ltr'>post</span> <span class='ocrx_word' id='word_1_190' title='bbox 948 2754 1187 2798; x_wconf 84' lang='lat' dir='ltr'>versum</span> <span class='ocrx_word' id='word_1_191' title='bbox 1235 2736 1565 2820; x_wconf 83' lang='lat' dir='ltr'>synalipha‚</span> <span class='ocrx_word' id='word_1_192' title='bbox 1611 2755 1761 2818; x_wconf 84' lang='lat' dir='ltr'>quae</span> <span class='ocrx_word' id='word_1_193' title='bbox 1810 2736 1881 2798; x_wconf 90' lang='lat' dir='ltr'>ad</span> <span class='ocrx_word' id='word_1_194' title='bbox 1931 2740 2236 2818; x_wconf 84' lang='lat' dir='ltr'>sequentis</span> <span class='ocrx_word' id='word_1_195' title='bbox 2278 2756 2487 2800; x_wconf 87' lang='lat' dir='ltr'>versus</span> <span class='ocrx_word' id='word_1_196' title='bbox 2533 2748 2712 2820; x_wconf 90' lang='lat' dir='ltr'>caput</span> <span class='ocrx_word' id='word_1_197' title='bbox 2755 2739 3050 2821; x_wconf 85' lang='lat' dir='ltr'>intendat,</span> <span class='ocrx_word' id='word_1_198' title='bbox 3094 2746 3163 2801; x_wconf 87' lang='lat' dir='ltr'>ut</span> 
     </span>
     <span class='ocr_line' id='line_1_25' title="bbox 550 2848 834 2910; baseline -0.011 0"><span class='ocrx_word' id='word_1_199' title='bbox 550 2848 834 2910; x_wconf 89' lang='lat' dir='ltr'>Paulinus</span> 
     </span>
     <span class='ocr_line' id='line_1_26' title="bbox 872 2952 3134 3034; baseline 0 -20"><span class='ocrx_word' id='word_1_200' title='bbox 872 2971 1049 3034; x_wconf 88' lang='lat' dir='ltr'>quae</span> <span class='ocrx_word' id='word_1_201' title='bbox 1087 2952 1306 3014; x_wconf 89' lang='lat' dir='ltr'>decus</span> <span class='ocrx_word' id='word_1_202' title='bbox 1344 2969 1545 3012; x_wconf 91' lang='lat' dir='ltr'>omne</span> <span class='ocrx_word' id='word_1_203' title='bbox 1584 2971 1878 3033; x_wconf 90' lang='lat' dir='ltr'>operum</span> <span class='ocrx_word' id='word_1_204' title='bbox 1923 2952 2376 3034; x_wconf 86' lang='lat' dir='ltr'>perimebant</span> <span class='ocrx_word' id='word_1_205' title='bbox 2411 2953 2735 3034; x_wconf 88' lang='lat' dir='ltr'>improba</span> <span class='ocrx_word' id='word_1_206' title='bbox 2781 2954 3134 3034; x_wconf 77' lang='lat' dir='ltr'>foedaque</span> 
     </span>
     <span class='ocr_line' id='line_1_27' title="bbox 873 3060 3241 3141; baseline -0.001 -21"><span class='ocrx_word' id='word_1_207' title='bbox 873 3060 1078 3121; x_wconf 91' lang='lat' dir='ltr'>obice</span> <span class='ocrx_word' id='word_1_208' title='bbox 1122 3068 1588 3141; x_wconf 87' lang='lat' dir='ltr'>prospectum</span> <span class='ocrx_word' id='word_1_209' title='bbox 1634 3061 2022 3122; x_wconf 87' lang='lat' dir='ltr'>caecantia.</span> <span class='ocrx_word' id='word_1_210' title='bbox 3187 3077 3241 3118; x_wconf 74' lang='lat'>85</span> 
     </span>
     <span class='ocr_line' id='line_1_28' title="bbox 555 3165 3163 3251; baseline -0.001 -21"><span class='ocrx_word' id='word_1_211' title='bbox 555 3178 696 3230; x_wconf 87' lang='lat' dir='ltr'>sunt</span> <span class='ocrx_word' id='word_1_212' title='bbox 732 3187 985 3247; x_wconf 84' lang='lat' dir='ltr'>namque</span> <span class='ocrx_word' id='word_1_213' title='bbox 1025 3168 1218 3228; x_wconf 87' lang='lat' dir='ltr'>ultimi</span> <span class='ocrx_word' id='word_1_214' title='bbox 1257 3185 1466 3228; x_wconf 87' lang='lat' dir='ltr'>versus</span> <span class='ocrx_word' id='word_1_215' title='bbox 1513 3166 1671 3227; x_wconf 89' lang='lat' dir='ltr'>illius</span> <span class='ocrx_word' id='word_1_216' title='bbox 1717 3165 1928 3247; x_wconf 81' lang='lat' dir='ltr'>pedeS‚</span> <span class='ocrx_word' id='word_1_217' title='bbox 1974 3165 2242 3247; x_wconf 87' lang='lat' dir='ltr'>improba</span> <span class='ocrx_word' id='word_1_218' title='bbox 2290 3166 2582 3251; x_wconf 78' lang='lat' dir='ltr'>dactylus,</span> <span class='ocrx_word' id='word_1_219' title='bbox 2627 3168 2797 3229; x_wconf 83' lang='lat' dir='ltr'>foeda</span> <span class='ocrx_word' id='word_1_220' title='bbox 2845 3167 3163 3249; x_wconf 78' lang='lat' dir='ltr'>spondeuS‚</span> 
     </span>
     <span class='ocr_line' id='line_1_29' title="bbox 554 3271 3046 3356; baseline -0 -21"><span class='ocrx_word' id='word_1_221' title='bbox 554 3284 614 3336; x_wconf 87' lang='lat' dir='ltr'>at</span> <span class='ocrx_word' id='word_1_222' title='bbox 657 3277 835 3355; x_wconf 89' lang='lat' dir='ltr'>primi</span> <span class='ocrx_word' id='word_1_223' title='bbox 881 3277 1187 3354; x_wconf 84' lang='lat' dir='ltr'>sequentis</span> <span class='ocrx_word' id='word_1_224' title='bbox 1233 3294 1343 3355; x_wconf 92' lang='lat' dir='ltr'>per</span> <span class='ocrx_word' id='word_1_225' title='bbox 1389 3273 1778 3356; x_wconf 79' lang='lat' dir='ltr'>synalipham‚</span> <span class='ocrx_word' id='word_1_226' title='bbox 1827 3271 2077 3353; x_wconf 86' lang='lat' dir='ltr'>quobice</span> <span class='ocrx_word' id='word_1_227' title='bbox 2125 3273 2418 3355; x_wconf 77' lang='lat' dir='ltr'>dactylu8‚</span> <span class='ocrx_word' id='word_1_228' title='bbox 2465 3291 2682 3355; x_wconf 86' lang='lat' dir='ltr'>prospe</span> <span class='ocrx_word' id='word_1_229' title='bbox 2729 3272 3046 3355; x_wconf 71' lang='lat' dir='ltr'>spondeus</span> 
     </span>
    </p>
   </div>
   <div class='ocr_carea' id='block_1_3' title="bbox 1237 3442 2481 3500">
    <p class='ocr_par' dir='ltr' id='par_1_3' title="bbox 1237 3442 2481 3500">
     <span class='ocr_line' id='line_1_30' title="bbox 1237 3442 2481 3500; baseline 0.001 -2"><span class='ocrx_word' id='word_1_230' title='bbox 1237 3443 1336 3498; x_wconf 89' lang='lat' dir='ltr'>DE</span> <span class='ocrx_word' id='word_1_231' title='bbox 1371 3442 1919 3498; x_wconf 84' lang='lat' dir='ltr'><strong><em>EPISYNALIPHA</em></strong></span> <span class='ocrx_word' id='word_1_232' title='bbox 1957 3444 2100 3499; x_wconf 89' lang='lat' dir='ltr'>VEL</span> <span class='ocrx_word' id='word_1_233' title='bbox 2138 3444 2481 3500; x_wconf 82' lang='lat' dir='ltr'>DIAERESI</span> 
     </span>
    </p>
   </div>
   <div class='ocr_carea' id='block_1_4' title="bbox 556 3575 3248 3767">
    <p class='ocr_par' dir='ltr' id='par_1_4' title="bbox 556 3575 3248 3767">
     <span class='ocr_line' id='line_1_31' title="bbox 734 3575 3165 3657; baseline -0 -19"><span class='ocrx_word' id='word_1_234' title='bbox 734 3577 1226 3638; x_wconf 89' lang='lat' dir='ltr'>Coniunctionem</span> <span class='ocrx_word' id='word_1_235' title='bbox 1274 3578 1450 3637; x_wconf 90' lang='lat' dir='ltr'>etiam</span> <span class='ocrx_word' id='word_1_236' title='bbox 1498 3575 1974 3654; x_wconf 87' lang='lat' dir='ltr'>solutionemque</span> <span class='ocrx_word' id='word_1_237' title='bbox 2022 3575 2401 3656; x_wconf 85' lang='lat' dir='ltr'>syllabarum,</span> <span class='ocrx_word' id='word_1_238' title='bbox 2453 3596 2631 3657; x_wconf 86' lang='lat' dir='ltr'>quam</span> <span class='ocrx_word' id='word_1_239' title='bbox 2677 3577 2887 3639; x_wconf 88' lang='lat' dir='ltr'>Graeci</span> <span class='ocrx_word' id='word_1_240' title='bbox 2933 3579 3165 3657; x_wconf 79' lang='lat' dir='ltr'>episyn-</span> 
     </span>
     <span class='ocr_line' id='line_1_32' title="bbox 556 3682 3248 3767; baseline -0.001 -22"><span class='ocrx_word' id='word_1_241' title='bbox 556 3683 809 3764; x_wconf 89' lang='lat' dir='ltr'>alipham</span> <span class='ocrx_word' id='word_1_242' title='bbox 847 3694 909 3746; x_wconf 86' lang='lat' dir='ltr'>et</span> <span class='ocrx_word' id='word_1_243' title='bbox 944 3682 1259 3744; x_wconf 89' lang='lat' dir='ltr'>diaeresim</span> <span class='ocrx_word' id='word_1_244' title='bbox 1296 3692 1533 3766; x_wconf 86' lang='lat' dir='ltr'>vocant,</span> <span class='ocrx_word' id='word_1_245' title='bbox 1582 3683 1683 3745; x_wconf 91' lang='lat' dir='ltr'>ubi</span> <span class='ocrx_word' id='word_1_246' title='bbox 1722 3700 1969 3745; x_wconf 90' lang='lat' dir='ltr'>necesse</span> <span class='ocrx_word' id='word_1_247' title='bbox 2007 3690 2127 3765; x_wconf 87' lang='lat' dir='ltr'>est,</span> <span class='ocrx_word' id='word_1_248' title='bbox 2170 3683 2391 3745; x_wconf 85' lang='lat' dir='ltr'>licitam</span> <span class='ocrx_word' id='word_1_249' title='bbox 2428 3686 2584 3746; x_wconf 88' lang='lat' dir='ltr'>scire</span> <span class='ocrx_word' id='word_1_250' title='bbox 2623 3686 2938 3747; x_wconf 88' lang='lat' dir='ltr'>metricum</span> <span class='ocrx_word' id='word_1_251' title='bbox 2974 3684 3167 3767; x_wconf 84' lang='lat' dir='ltr'>decet,</span> <span class='ocrx_word' id='word_1_252' title='bbox 3193 3702 3248 3741; x_wconf 82' lang='lat' dir='ltr'>so</span> 
     </span>
    </p>
   </div>
   <div class='ocr_carea' id='block_1_5' title="bbox 553 3826 980 3835">
    <p class='ocr_par' dir='ltr' id='par_1_5' title="bbox 553 3826 980 3835">
     <span class='ocr_line' id='line_1_33' title="bbox 553 3826 980 3835; baseline 0 1693"><span class='ocrx_word' id='word_1_253' title='bbox 553 3826 980 3835; x_wconf 95' lang='lat' dir='ltr'> </span> 
     </span>
    </p>
   </div>
   <div class='ocr_carea' id='block_1_6' title="bbox 733 3888 2871 3964">
    <p class='ocr_par' dir='ltr' id='par_1_6' title="bbox 733 3888 2871 3964">
     <span class='ocr_line' id='line_1_34' title="bbox 733 3888 2871 3964; baseline -0 -15"><span class='ocrx_word' id='word_1_254' title='bbox 733 3900 802 3948; x_wconf 79' lang='lat'>29</span> <span class='ocrx_word' id='word_1_255' title='bbox 842 3891 1304 3949; x_wconf 75' lang='lat' dir='ltr'>coniunctionem</span> <span class='ocrx_word' id='word_1_256' title='bbox 1341 3923 1408 3933; x_wconf 94' lang='lat'>—</span> <span class='ocrx_word' id='word_1_257' title='bbox 1448 3899 1573 3960; x_wconf 81' lang='lat'><strong>249,</strong></span> <span class='ocrx_word' id='word_1_258' title='bbox 1613 3897 1678 3946; x_wconf 87' lang='grc'>16</span> <span class='ocrx_word' id='word_1_259' title='bbox 1718 3888 2028 3962; x_wconf 87' lang='lat' dir='ltr'>spondeum</span> <span class='ocrx_word' id='word_1_260' title='bbox 2071 3891 2313 3962; x_wconf 75' lang='lat' dir='ltr'>Pompei.</span> <span class='ocrx_word' id='word_1_261' title='bbox 2352 3898 2484 3964; x_wconf 77' lang='lat'><strong><em>120,</em></strong></span> <span class='ocrx_word' id='word_1_262' title='bbox 2521 3898 2578 3950; x_wconf 82' lang='lat'>2.</span> <span class='ocrx_word' id='word_1_263' title='bbox 2626 3899 2756 3960; x_wconf 81' lang='lat'><strong><em>121,</em></strong></span> <span class='ocrx_word' id='word_1_264' title='bbox 2793 3898 2871 3950; x_wconf 75' lang='lat'>24</span> 
     </span>
    </p>
   </div>
   <div class='ocr_carea' id='block_1_7' title="bbox 557 4024 982 4033">
    <p class='ocr_par' dir='ltr' id='par_1_7' title="bbox 557 4024 982 4033">
     <span class='ocr_line' id='line_1_35' title="bbox 557 4024 982 4033; baseline 0 1495"><span class='ocrx_word' id='word_1_265' title='bbox 557 4024 982 4033; x_wconf 95' lang='lat' dir='ltr'> </span> 
     </span>
    </p>
   </div>
   <div class='ocr_carea' id='block_1_8' title="bbox 557 4085 3172 4452">
    <p class='ocr_par' dir='ltr' id='par_1_8' title="bbox 557 4085 3172 4407">
     <span class='ocr_line' id='line_1_36' title="bbox 739 4085 3063 4149; baseline -0 -4"><span class='ocrx_word' id='word_1_266' title='bbox 739 4098 765 4145; x_wconf 92' lang='lat'><strong>1</strong></span> <span class='ocrx_word' id='word_1_267' title='bbox 807 4093 895 4146; x_wconf 76' lang='lat' dir='ltr'>est</span> <span class='ocrx_word' id='word_1_268' title='bbox 930 4088 1115 4146; x_wconf 88' lang='lat' dir='ltr'>breuis</span> <span class='ocrx_word' id='word_1_269' title='bbox 1154 4088 1256 4147; x_wconf 83' lang='grc' dir='ltr'>ςΡ</span> <span class='ocrx_word' id='word_1_270' title='bbox 1285 4090 1344 4143; x_wconf 77' lang='lat' dir='ltr'>et</span> <span class='ocrx_word' id='word_1_271' title='bbox 1378 4087 1564 4143; x_wconf 88' lang='lat' dir='ltr'>breuis</span> <span class='ocrx_word' id='word_1_272' title='bbox 1604 4085 1724 4140; x_wconf 90' lang='lat' dir='ltr'>FL</span> <span class='ocrx_word' id='word_1_273' title='bbox 1906 4093 1937 4141; x_wconf 88' lang='grc'><strong>6</strong></span> <span class='ocrx_word' id='word_1_274' title='bbox 1982 4087 2211 4142; x_wconf 78' lang='lat' dir='ltr'>delicias</span> <span class='ocrx_word' id='word_1_275' title='bbox 2252 4088 2309 4142; x_wconf 88' lang='lat' dir='ltr'><strong><em>P</em></strong></span> <span class='ocrx_word' id='word_1_276' title='bbox 2342 4088 2569 4144; x_wconf 77' lang='lat' dir='ltr'>delitias</span> <span class='ocrx_word' id='word_1_277' title='bbox 2608 4087 2670 4142; x_wconf 88' lang='lat' dir='ltr'>F</span> <span class='ocrx_word' id='word_1_278' title='bbox 2700 4089 2929 4145; x_wconf 78' lang='lat' dir='ltr'>diuitias</span> <span class='ocrx_word' id='word_1_279' title='bbox 2967 4089 3063 4149; x_wconf 66' lang='lat' dir='ltr'><strong><em>§L</em></strong></span> 
     </span>
     <span class='ocr_line' id='line_1_37' title="bbox 559 4166 3070 4245; baseline -0.003 -15"><span class='ocrx_word' id='word_1_280' title='bbox 559 4174 786 4245; x_wconf 85' lang='lat' dir='ltr'>concipe</span> <span class='ocrx_word' id='word_1_281' title='bbox 828 4169 1019 4226; x_wconf 91' lang='lat' dir='ltr'>FLP</span> <span class='ocrx_word' id='word_1_282' title='bbox 1052 4166 1310 4238; x_wconf 86' lang='lat' dir='ltr'>conspice</span> <span class='ocrx_word' id='word_1_283' title='bbox 1347 4169 1369 4223; x_wconf 82' lang='lat' dir='ltr'>l</span> <span class='ocrx_word' id='word_1_284' title='bbox 1495 4173 1528 4223; x_wconf 91' lang='lat'>8</span> <span class='ocrx_word' id='word_1_285' title='bbox 1568 4169 1756 4239; x_wconf 78' lang='lat' dir='ltr'>supra]</span> <span class='ocrx_word' id='word_1_286' title='bbox 1788 4185 1850 4238; x_wconf 77' lang='lat'>1).</span> <span class='ocrx_word' id='word_1_287' title='bbox 1880 4173 2019 4234; x_wconf 78' lang='lat'><strong><em>232,</em></strong></span> <span class='ocrx_word' id='word_1_288' title='bbox 2049 4173 2123 4224; x_wconf 77' lang='lat'>21</span> <span class='ocrx_word' id='word_1_289' title='bbox 2252 4176 2283 4225; x_wconf 89' lang='grc'><strong>9</strong></span> <span class='ocrx_word' id='word_1_290' title='bbox 2321 4169 2536 4240; x_wconf 86' lang='lat' dir='ltr'>prendo</span> <span class='ocrx_word' id='word_1_291' title='bbox 2572 4169 2967 4240; x_wconf 82' lang='lat' dir='ltr'>prehendendo</span> <span class='ocrx_word' id='word_1_292' title='bbox 3007 4169 3070 4223; x_wconf 98' lang='lat' dir='ltr'>F</span> 
     </span>
     <span class='ocr_line' id='line_1_38' title="bbox 562 4236 3172 4322; baseline -0.002 -13"><span class='ocrx_word' id='word_1_293' title='bbox 562 4262 629 4309; x_wconf 91' lang='lat'>10</span> <span class='ocrx_word' id='word_1_294' title='bbox 667 4255 763 4309; x_wconf 89' lang='lat' dir='ltr'>sed</span> <span class='ocrx_word' id='word_1_295' title='bbox 800 4236 1002 4322; x_wconf 62' lang='lat' dir='ltr'>incdpe</span> <span class='ocrx_word' id='word_1_296' title='bbox 1041 4247 1103 4303; x_wconf 88' lang='lat' dir='ltr'>F</span> <span class='ocrx_word' id='word_1_297' title='bbox 1264 4254 1326 4302; x_wconf 91' lang='lat'>11</span> <span class='ocrx_word' id='word_1_298' title='bbox 1367 4248 1583 4318; x_wconf 75' lang='lat' dir='ltr'>syllaba</span> <span class='ocrx_word' id='word_1_299' title='bbox 1617 4249 1709 4303; x_wconf 88' lang='lat' dir='ltr'>uel</span> <span class='ocrx_word' id='word_1_300' title='bbox 1745 4248 1941 4304; x_wconf 80' lang='lat' dir='ltr'>littera</span> <span class='ocrx_word' id='word_1_301' title='bbox 1979 4247 2106 4302; x_wconf 87' lang='lat' dir='ltr'>FP</span> <span class='ocrx_word' id='word_1_302' title='bbox 2136 4248 2330 4304; x_wconf 75' lang='lat' dir='ltr'>littera.</span> <span class='ocrx_word' id='word_1_303' title='bbox 2364 4249 2457 4304; x_wconf 90' lang='lat' dir='ltr'>uel</span> <span class='ocrx_word' id='word_1_304' title='bbox 2494 4249 2711 4319; x_wconf 80' lang='lat' dir='ltr'>syllaba.</span> <span class='ocrx_word' id='word_1_305' title='bbox 2746 4249 2801 4303; x_wconf 88' lang='lat' dir='ltr'><strong><em>L</em></strong></span> <span class='ocrx_word' id='word_1_306' title='bbox 2967 4255 3031 4303; x_wconf 87' lang='lat'>13</span> <span class='ocrx_word' id='word_1_307' title='bbox 3068 4267 3172 4304; x_wconf 88' lang='lat' dir='ltr'>nec</span> 
     </span>
     <span class='ocr_line' id='line_1_39' title="bbox 557 4326 3171 4407; baseline -0.002 -17"><span class='ocrx_word' id='word_1_308' title='bbox 557 4336 708 4407; x_wconf 72' lang='lat' dir='ltr'>tote]</span> <span class='ocrx_word' id='word_1_309' title='bbox 758 4333 914 4403; x_wconf 75' lang='lat' dir='ltr'>Verq.</span> <span class='ocrx_word' id='word_1_310' title='bbox 961 4332 1100 4387; x_wconf 77' lang='lat' dir='ltr'>Aen.</span> <span class='ocrx_word' id='word_1_311' title='bbox 1150 4330 1203 4385; x_wconf 85' lang='lat' dir='ltr'><strong><em>V</em></strong></span> <span class='ocrx_word' id='word_1_312' title='bbox 1243 4335 1356 4385; x_wconf 84' lang='grc'>186</span> <span class='ocrx_word' id='word_1_313' title='bbox 1540 4334 1605 4382; x_wconf 86' lang='grc'>14</span> <span class='ocrx_word' id='word_1_314' title='bbox 1653 4329 1854 4384; x_wconf 90' lang='lat' dir='ltr'>deinde</span> <span class='ocrx_word' id='word_1_315' title='bbox 1899 4332 1961 4384; x_wconf 81' lang='lat' dir='ltr'>ta.</span> <span class='ocrx_word' id='word_1_316' title='bbox 2005 4332 2193 4384; x_wconf 80' lang='lat' dir='ltr'>tamen</span> <span class='ocrx_word' id='word_1_317' title='bbox 2239 4328 2296 4382; x_wconf 88' lang='lat' dir='ltr'><strong><em>P</em></strong></span> <span class='ocrx_word' id='word_1_318' title='bbox 2331 4326 2463 4383; x_wconf 83' lang='lat' dir='ltr'>inde</span> <span class='ocrx_word' id='word_1_319' title='bbox 2509 4331 2571 4383; x_wconf 75' lang='lat' dir='ltr'>ta</span> <span class='ocrx_word' id='word_1_320' title='bbox 2605 4331 2797 4384; x_wconf 79' lang='lat' dir='ltr'>tamen</span> <span class='ocrx_word' id='word_1_321' title='bbox 2835 4330 2898 4384; x_wconf 98' lang='lat' dir='ltr'>F</span> <span class='ocrx_word' id='word_1_322' title='bbox 2936 4330 3073 4386; x_wconf 77' lang='lat' dir='ltr'>item</span> <span class='ocrx_word' id='word_1_323' title='bbox 3110 4333 3171 4386; x_wconf 73' lang='lat' dir='ltr'>to</span> 
     </span>
    </p>

    <p class='ocr_par' dir='ltr' id='par_1_9' title="bbox 1067 4425 1100 4452">
     <span class='ocr_line' id='line_1_40' title="bbox 1067 4425 1100 4452; baseline 0 0"><span class='ocrx_word' id='word_1_324' title='bbox 1067 4425 1100 4452; x_wconf 73' lang='lat' dir='ltr'>V</span> 
     </span>
    </p>
   </div>
   <div class='ocr_carea' id='block_1_9' title="bbox 483 4423 3178 4856">
    <p class='ocr_par' dir='ltr' id='par_1_10' title="bbox 483 4423 3178 4856">
     <span class='ocr_line' id='line_1_41' title="bbox 3045 4423 3076 4450; baseline 0 0"><span class='ocrx_word' id='word_1_325' title='bbox 3045 4423 3076 4450; x_wconf 69' lang='lat' dir='ltr'>V</span> 
     </span>
     <span class='ocr_line' id='line_1_42' title="bbox 559 4463 3172 4536; baseline -0.001 -13"><span class='ocrx_word' id='word_1_326' title='bbox 559 4471 749 4524; x_wconf 79' lang='lat' dir='ltr'>tamen</span> <span class='ocrx_word' id='word_1_327' title='bbox 786 4468 840 4521; x_wconf 88' lang='lat' dir='ltr'><strong><em>L</em></strong></span> <span class='ocrx_word' id='word_1_328' title='bbox 961 4475 1027 4522; x_wconf 88' lang='grc'>16</span> <span class='ocrx_word' id='word_1_329' title='bbox 1065 4468 1193 4522; x_wconf 82' lang='lat' dir='ltr'>ente</span> <span class='ocrx_word' id='word_1_330' title='bbox 1232 4463 1424 4519; x_wconf 78' lang='lat' dir='ltr'>carina.</span> <span class='ocrx_word' id='word_1_331' title='bbox 1459 4464 1516 4518; x_wconf 88' lang='lat' dir='ltr'><strong><em>P</em></strong></span> <span class='ocrx_word' id='word_1_332' title='bbox 1652 4469 1714 4517; x_wconf 82' lang='lat'>17</span> <span class='ocrx_word' id='word_1_333' title='bbox 1753 4463 2127 4536; x_wconf 80' lang='lat' dir='ltr'>Victorinum]</span> <span class='ocrx_word' id='word_1_334' title='bbox 2165 4465 2231 4519; x_wconf 75' lang='lat' dir='ltr'>dc</span> <span class='ocrx_word' id='word_1_335' title='bbox 2265 4469 2371 4519; x_wconf 79' lang='lat' dir='ltr'>rat.</span> <span class='ocrx_word' id='word_1_336' title='bbox 2409 4468 2558 4518; x_wconf 81' lang='lat' dir='ltr'>metr.</span> <span class='ocrx_word' id='word_1_337' title='bbox 2588 4479 2647 4532; x_wconf 79' lang='lat' dir='ltr'>p.</span> <span class='ocrx_word' id='word_1_338' title='bbox 2687 4467 2821 4531; x_wconf 77' lang='lat'><strong><em>218,</em></strong></span> <span class='ocrx_word' id='word_1_339' title='bbox 2858 4469 2932 4520; x_wconf 82' lang='lat'>21</span> <span class='ocrx_word' id='word_1_340' title='bbox 3042 4466 3172 4520; x_wconf 74' lang='lat' dir='ltr'>ente</span> 
     </span>
     <span class='ocr_line' id='line_1_43' title="bbox 562 4545 3175 4616; baseline -0.002 -13"><span class='ocrx_word' id='word_1_341' title='bbox 562 4548 750 4603; x_wconf 80' lang='lat' dir='ltr'>carina</span> <span class='ocrx_word' id='word_1_342' title='bbox 779 4548 832 4602; x_wconf 88' lang='lat' dir='ltr'><strong><em>L</em></strong></span> <span class='ocrx_word' id='word_1_343' title='bbox 848 4547 916 4616; x_wconf 90' lang='lat' dir='ltr'>P,</span> <span class='ocrx_word' id='word_1_344' title='bbox 953 4566 990 4602; x_wconf 81' lang='lat' dir='ltr'><strong>v</strong></span> <span class='ocrx_word' id='word_1_345' title='bbox 1026 4548 1091 4601; x_wconf 76' lang='lat' dir='ltr'>in</span> <span class='ocrx_word' id='word_1_346' title='bbox 1117 4545 1171 4600; x_wconf 87' lang='lat' dir='ltr'><strong><em>L</em></strong></span> <span class='ocrx_word' id='word_1_347' title='bbox 1208 4547 1384 4600; x_wconf 80' lang='lat' dir='ltr'>altera</span> <span class='ocrx_word' id='word_1_348' title='bbox 1423 4559 1595 4598; x_wconf 77' lang='lat' dir='ltr'>manu</span> <span class='ocrx_word' id='word_1_349' title='bbox 1629 4546 2017 4614; x_wconf 78' lang='lat' dir='ltr'>superscripto,</span> <span class='ocrx_word' id='word_1_350' title='bbox 2055 4549 2184 4601; x_wconf 82' lang='lat' dir='ltr'>tene</span> <span class='ocrx_word' id='word_1_351' title='bbox 2220 4551 2285 4601; x_wconf 80' lang='lat' dir='ltr'>ut</span> <span class='ocrx_word' id='word_1_352' title='bbox 2317 4547 2535 4601; x_wconf 77' lang='lat' dir='ltr'>videtur</span> <span class='ocrx_word' id='word_1_353' title='bbox 2570 4545 2729 4612; x_wconf 79' lang='lat' dir='ltr'>(corr.</span> <span class='ocrx_word' id='word_1_354' title='bbox 2768 4559 2872 4598; x_wconf 87' lang='lat' dir='ltr'>ene</span> <span class='ocrx_word' id='word_1_355' title='bbox 2907 4546 2991 4600; x_wconf 77' lang='lat' dir='ltr'>vel</span> <span class='ocrx_word' id='word_1_356' title='bbox 3024 4545 3175 4613; x_wconf 76' lang='lat' dir='ltr'>ente)</span> 
     </span>
     <span class='ocr_line' id='line_1_44' title="bbox 563 4622 3177 4696; baseline -0 -16"><span class='ocrx_word' id='word_1_357' title='bbox 563 4626 752 4681; x_wconf 80' lang='lat' dir='ltr'>carina.</span> <span class='ocrx_word' id='word_1_358' title='bbox 789 4625 852 4680; x_wconf 91' lang='lat' dir='ltr'>F</span> <span class='ocrx_word' id='word_1_359' title='bbox 958 4632 1021 4681; x_wconf 88' lang='grc'>19</span> <span class='ocrx_word' id='word_1_360' title='bbox 1058 4625 1266 4696; x_wconf 86' lang='lat' dir='ltr'>fecere]</span> <span class='ocrx_word' id='word_1_361' title='bbox 1304 4624 1489 4679; x_wconf 78' lang='lat' dir='ltr'>facere</span> <span class='ocrx_word' id='word_1_362' title='bbox 1526 4622 1587 4677; x_wconf 92' lang='lat' dir='ltr'>F</span> <span class='ocrx_word' id='word_1_363' title='bbox 1689 4622 1749 4677; x_wconf 90' lang='lat' dir='ltr'>in</span> <span class='ocrx_word' id='word_1_364' title='bbox 1787 4626 1940 4679; x_wconf 89' lang='lat' dir='ltr'>omni</span> <span class='ocrx_word' id='word_1_365' title='bbox 1977 4656 2043 4691; x_wconf 49' lang='grc' dir='ltr'>η-</span> <span class='ocrx_word' id='word_1_366' title='bbox 2082 4632 2150 4681; x_wconf 80' lang='lat'>22</span> <span class='ocrx_word' id='word_1_367' title='bbox 2190 4626 2486 4695; x_wconf 80' lang='lat' dir='ltr'>synalipha.</span> <span class='ocrx_word' id='word_1_368' title='bbox 2521 4641 2621 4680; x_wconf 82' lang='lat' dir='ltr'>om.</span> <span class='ocrx_word' id='word_1_369' title='bbox 2661 4625 2715 4678; x_wconf 88' lang='lat' dir='ltr'><strong><em>L</em></strong></span> <span class='ocrx_word' id='word_1_370' title='bbox 2823 4630 2891 4679; x_wconf 78' lang='lat'>22</span> <span class='ocrx_word' id='word_1_371' title='bbox 2928 4623 3177 4679; x_wconf 76' lang='lat' dir='ltr'>intendit</span> 
     </span>
     <span class='ocr_line' id='line_1_45' title="bbox 564 4703 3178 4775; baseline -0.002 -14"><span class='ocrx_word' id='word_1_372' title='bbox 564 4723 701 4761; x_wconf 78' lang='lat' dir='ltr'>corr.</span> <span class='ocrx_word' id='word_1_373' title='bbox 741 4709 825 4761; x_wconf 79' lang='lat' dir='ltr'>-at</span> <span class='ocrx_word' id='word_1_374' title='bbox 859 4706 920 4759; x_wconf 90' lang='lat' dir='ltr'>F</span> <span class='ocrx_word' id='word_1_375' title='bbox 1087 4712 1155 4761; x_wconf 83' lang='lat'>26</span> <span class='ocrx_word' id='word_1_376' title='bbox 1192 4705 1364 4775; x_wconf 89' lang='lat' dir='ltr'>pedes</span> <span class='ocrx_word' id='word_1_377' title='bbox 1401 4703 1593 4759; x_wconf 76' lang='lat' dir='ltr'>dactil.</span> <span class='ocrx_word' id='word_1_378' title='bbox 1634 4704 1694 4757; x_wconf 77' lang='lat' dir='ltr'>et</span> <span class='ocrx_word' id='word_1_379' title='bbox 1729 4704 1922 4772; x_wconf 86' lang='lat' dir='ltr'>spond.</span> <span class='ocrx_word' id='word_1_380' title='bbox 1961 4704 2221 4774; x_wconf 81' lang='lat' dir='ltr'>improba.</span> <span class='ocrx_word' id='word_1_381' title='bbox 2254 4705 2420 4760; x_wconf 82' lang='lat' dir='ltr'>foeda.</span> <span class='ocrx_word' id='word_1_382' title='bbox 2456 4705 2518 4759; x_wconf 80' lang='lat' dir='ltr'>at</span> <span class='ocrx_word' id='word_1_383' title='bbox 2552 4704 2719 4774; x_wconf 87' lang='lat' dir='ltr'>primi</span> <span class='ocrx_word' id='word_1_384' title='bbox 2757 4705 3040 4774; x_wconf 84' lang='lat' dir='ltr'>sequentis</span> <span class='ocrx_word' id='word_1_385' title='bbox 3075 4720 3178 4774; x_wconf 84' lang='lat' dir='ltr'>per</span> 
     </span>
     <span class='ocr_line' id='line_1_46' title="bbox 483 4783 2908 4856; baseline -0.001 -17"><span class='ocrx_word' id='word_1_386' title='bbox 483 4786 491 4795; x_wconf 78' lang='lat'><strong><em>‘</em></strong></span> <span class='ocrx_word' id='word_1_387' title='bbox 566 4785 920 4856; x_wconf 74' lang='lat' dir='ltr'>synaliphsm</span> <span class='ocrx_word' id='word_1_388' title='bbox 958 4802 1102 4855; x_wconf 79' lang='lat' dir='ltr'>quae</span> <span class='ocrx_word' id='word_1_389' title='bbox 1138 4784 1298 4840; x_wconf 89' lang='lat' dir='ltr'>obice</span> <span class='ocrx_word' id='word_1_390' title='bbox 1335 4785 1696 4854; x_wconf 77' lang='lat' dir='ltr'>prospectans</span> <span class='ocrx_word' id='word_1_391' title='bbox 1732 4784 1932 4853; x_wconf 77' lang='lat' dir='ltr'>dactil.</span> <span class='ocrx_word' id='word_1_392' title='bbox 1965 4787 2023 4840; x_wconf 77' lang='lat' dir='ltr'>et</span> <span class='ocrx_word' id='word_1_393' title='bbox 2059 4786 2252 4855; x_wconf 88' lang='lat' dir='ltr'>spond.</span> <span class='ocrx_word' id='word_1_394' title='bbox 2291 4785 2345 4838; x_wconf 89' lang='lat' dir='ltr'><strong><em>L</em></strong></span> <span class='ocrx_word' id='word_1_395' title='bbox 2489 4791 2558 4839; x_wconf 88' lang='grc'>30</span> <span class='ocrx_word' id='word_1_396' title='bbox 2595 4783 2811 4840; x_wconf 76' lang='lat' dir='ltr'>licitum</span> <span class='ocrx_word' id='word_1_397' title='bbox 2853 4783 2908 4837; x_wconf 91' lang='lat' dir='ltr'><strong><em>P</em></strong></span> 
     </span>
    </p>
   </div>
   <div class='ocr_carea' id='block_1_10' title="bbox 3591 3953 3599 5348">
    <p class='ocr_par' dir='ltr' id='par_1_11' title="bbox 3591 3953 3599 5348">
     <span class='ocr_line' id='line_1_47' title="bbox 3591 3953 3599 5348; baseline 0 0"><span class='ocrx_word' id='word_1_398' title='bbox 3591 3953 3599 5348; x_wconf 95' lang='lat' dir='ltr'> </span> 
     </span>
    </p>
   </div>
  </div>
 </body>
</html>
