3613 5528
1391 429 1974 487 ORTHOGRAPHIA
2859 430 2947 495 29
2957 430 2994 493 7

380 546 425 582 ρ.
452 532 574 572 2³29.
601 533 656 573 so
680 531 730 571 Ρ.

385 634 530 697 uno;
587 618 638 677 si
683 633 823 677 vero
879 634 912 675 a
960 624 1323 677 consonante
1380 633 1520 695 pars
1574 618 1859 677 orationis
1915 619 2151 698 incipit,
2207 635 2239 677 a
2287 616 2478 677 solum
2525 626 2798 696 ponatur,
2846 623 2912 677 ut
2958 635 2992 677 a

386 724 585 783 fratre.
640 721 746 783 abs
784 731 980 783 tamen
1019 723 1079 781 iu
1117 722 1527 801 conpositione
1568 725 1805 802 saepius
1842 731 2088 803 propter
2117 720 2474 801 euphoniam
2511 723 2741 801 integra
2779 732 2995 802 manet,

384 837 452 889 ut
506 826 612 888 abs
667 837 725 888 te
772 826 1071 888 abscondo
1118 826 1331 888 melius
1388 837 1560 889 sonat
1614 847 1790 907 quam
1847 828 1918 889 ab
1976 838 2035 889 te
2082 826 2174 888 vel
2232 826 2528 908 abcond03
2581 831 2739 890 sicut
2783 829 2995 890 melius

380 944 553 996 sonat
589 934 661 996 ab
699 934 849 996 urbe
888 953 1062 1013 quam
1100 932 1207 994 abs
1244 933 1413 995 urbe.
1487 935 1830 996 Avunculus
1874 953 1983 1015 per
2030 933 2147 995 duo
2186 953 2254 1015 u,
2300 936 2439 1014 quia
2486 934 2558 996 ab
2597 953 2703 996 avo
2741 935 2993 997 diminu-

328 1059 355 1098 5
386 1044 570 1103 tivum
609 1050 729 1124 est,
774 1060 845 1101 vo
885 1039 1101 1120 syllaba
1148 1042 1210 1101 in
1248 1059 1364 1101 vun
1404 1059 1707 1101 conversa.
1782 1041 1987 1121 Alvu3‚
2033 1060 2169 1102 cum
2207 1049 2476 1102 ventrem
2523 1043 2844 1125 significat,
2888 1061 2997 1123 per

385 1169 417 1208 v
463 1148 828 1229 digammon3
874 1166 1010 1209 cum
1058 1166 1197 1208 vero
1245 1147 1535 1228 colorem,
1580 1165 1690 1226 per
1734 1146 1772 1207 b
1821 1145 2156 1232 scribitur„
2215 1147 2356 1227 Ara,
2403 1165 2539 1207 cum
2586 1147 2769 1209 altare
2816 1151 2995 1228 signi-

385 1255 547 1336 ficat,
584 1257 713 1316 sine
751 1257 1138 1335 aspiratione3
1176 1272 1311 1315 cum
1352 1270 1493 1313 vero
1529 1251 1726 1314 cubile
1764 1271 2112 1334 porcorum,
2161 1270 2297 1312 cum
2335 1254 2711 1333 aspiratione.
2783 1256 2994 1316 Aemu-

383 1359 477 1421 lus
514 1370 575 1421 et
611 1360 884 1422 aedituus
923 1369 985 1422 et
1021 1373 1328 1440 aerumna,
1367 1361 1563 1420 omnia
1600 1378 1709 1439 per
1746 1358 2152 1439 diphthongon
2184 1357 2549 1421 scribuntur.
2610 1363 2996 1440 aequimanus

384 1485 624 1548 quoque
677 1486 789 1548 per
835 1485 929 1545 ae,
984 1467 1042 1526 id
1099 1474 1192 1527 est
1246 1466 1633 1545 ambidexter,
1689 1468 1791 1545 qui
1848 1475 2099 1545 utraque
2145 1483 2322 1526 manu
2372 1468 2560 1528 utitur
2609 1486 2723 1548 pro
2771 1468 2994 1530 dextra.

310 1592 357 1630 ιο
386 1575 638 1654 AvaruS,
684 1576 736 1634 si
783 1575 989 1634 vitium
1037 1573 1355 1653 significat,
1399 1591 1507 1653 per
1553 1592 1614 1654 νς
1673 1575 1724 1632 si
1769 1579 2035 1653 gentem,
2081 1590 2189 1652 per
2234 1572 2274 1633 b
2321 1572 2635 1635 scribatur.
2726 1574 2997 1635 Acclamo

382 1697 492 1759 per
537 1678 657 1738 duo
705 1698 764 1760 c,
810 1679 868 1739 id
917 1687 1009 1740 est
1064 1698 1201 1740 cum
1263 1679 1409 1740 falso
1466 1679 1722 1758 aliquem
1778 1697 2022 1759 accuso;
2076 1678 2333 1739 reclamo
2380 1678 2635 1758 aliquem
2682 1689 2998 1742 exeuntem

387 1788 676 1868 vocitaus3
713 1785 967 1846 inclamo
996 1795 1058 1847 et
1086 1786 1383 1847 succlamo
1414 1785 1823 1847 murmurandi
1860 1792 1980 1866 est3
2017 1784 2317 1865 proclamo
2355 1785 2631 1847 laudandi
2660 1786 2752 1847 vel
2789 1788 2995 1866 depre-

386 1892 558 1954 candi
602 1892 909 1973 exaltatio,
954 1892 1218 1954 declamo
1264 1890 1687 1972 rhetorizandi3
1747 1889 2038 1971 exclamo,
2084 1891 2318 1969 quando
2365 1909 2474 1971 pro
2522 1891 2746 1953 viribus
2793 1910 2996 1953 vocem

387 1998 595 2061 exalto.
671 1998 837 2073 Alea,
875 2001 928 2060 si
963 1999 1170 2061 ludum
1207 2000 1522 2079 significat,
1560 2017 1669 2078 per
1698 2017 1756 2078 e;
1794 2000 1847 2058 si
1883 1996 1956 2057 ab
1994 1997 2143 2058 alius
2180 1997 2291 2057 alia
2331 2001 2517 2078 veuit,
2552 2017 2661 2078 per
2704 2000 2725 2060 i
2763 1998 2997 2078 legitur.

312 2122 359 2160 ιε
385 2107 617 2166 Amittit
659 2124 771 2185 per
818 2124 1004 2166 unum
1051 2124 1135 2187 m,
1190 2105 1249 2166 id
1298 2113 1391 2165 est
1436 2104 1747 2185 relinquit;
1802 2105 2082 2164 ammittit
2136 2121 2245 2182 per
2292 2102 2410 2165 duo
2459 2121 2544 2185 m,
2588 2104 2648 2165 id
2696 2113 2788 2165 est
2832 2123 2994 2166 assu·

386 2215 521 2273 mit:
567 2212 701 2272 ideo
747 2215 809 2273 in
859 2214 1035 2273 missa
1081 2211 1398 2272 dicendum
1446 2220 1539 2272 est
1583 2213 1836 2272 ammitti
1886 2209 1973 2271 vel
2019 2209 2266 2270 admitti.
2307 2209 2318 2285 Ι
2368 2211 2601 2270 Affatim
2647 2229 2756 2290 per
2801 2210 2919 2272 duo
2959 2213 2998 2293 f,

388 2317 445 2377 id
493 2327 584 2378 est
628 2320 829 2379 statim
874 2317 964 2378 vel
1010 2319 1170 2378 satis,
1244 2319 1438 2396 Agger
1483 2336 1592 2397 per
1637 2316 1756 2377 duo
1793 2336 1832 2396 g
1878 2316 2259 2382 scribendum
2304 2324 2424 2398 est,
2470 2316 2705 2396 quando
2752 2326 2997 2379 stratam

387 2424 707 2503 significan
754 2425 807 2483 si
850 2432 1047 2484 autem
1094 2441 1396 2504 campum,
1444 2422 1546 2483 ubi
1590 2423 1872 2483 seminari
1915 2430 2141 2504 potest,
2187 2442 2295 2503 per
2341 2442 2527 2485 unum
2574 2443 2627 2502 g.
2702 2425 2998 2485 Accentus

385 2549 493 2611 per
530 2530 649 2591 duo
686 2549 747 2610 c,
795 2529 898 2590 ubi
936 2549 1043 2590 vox
1083 2529 1311 2590 levatur
1347 2532 1408 2591 in
1446 2527 1646 2589 verbo.
1715 2531 1933 2609 Angor,
1971 2527 2029 2588 id
2068 2539 2163 2590 est
2198 2532 2528 2609 angustiam
2566 2532 2776 2611 patior,
2810 2548 2920 2609 per
2958 2548 2997 2590 n

312 2654 363 2693 κο
391 2647 450 2699 et
493 2656 532 2716 g
578 2636 960 2698 scribendum
999 2649 1106 2697 est.
1198 2635 1563 2717 Aeripidem,
1609 2635 1668 2695 id
1716 2643 1809 2695 est
1855 2634 2143 2715 velocem,
2188 2653 2297 2715 per
2334 2654 2365 2695 a
2415 2644 2474 2696 et
2520 2655 2551 2696 e
2591 2636 2807 2697 divisas
2854 2639 2997 2697 scri-

390 2744 652 2807 bendum
699 2754 807 2807 est.
898 2743 1107 2806 Allecti
1161 2761 1269 2824 per
1315 2742 1433 2805 duo
1478 2742 1525 2825 l,
1579 2742 1638 2805 id
1686 2751 1778 2804 est
1825 2740 2023 2824 electi,
2080 2741 2218 2811 inde
2265 2740 2484 2824 allegit3
2550 2740 2754 2822 allicit,
2801 2742 2858 2803 id
2906 2754 2999 2806 est

389 2854 630 2933 invitat,
678 2850 979 2929 similiter..
1059 2849 1280 2931 Altilia,
1326 2852 1496 2929 quasi
1550 2848 1789 2928 alatilia,
1845 2849 1904 2909 id
1960 2858 2053 2909 est
2098 2866 2235 2909 aves
2294 2851 2609 2928 saginatae.
2700 2851 3001 2911 Attonitus

390 2976 498 3037 per
546 2957 664 3018 duo
713 2966 764 3039 t,
808 2957 867 3018 id
917 2965 1011 3018 est
1057 2960 1323 3018 intentus
1368 2955 1458 3016 vel
1510 2964 1754 3036 stupore
1802 2955 2071 3016 diffusus.
2162 2956 2415 3035 Attingit
2466 2973 2574 3034 per
2621 2954 2739 3016 duo
2786 2964 2810 3016 t
2856 2958 2999 3016 scri-

391 3063 582 3126 batur.
674 3064 856 3126 Aulea
911 3082 1020 3144 per
1067 3082 1127 3144 e,
1182 3066 1233 3125 si
1289 3065 1543 3125 tentoria
1599 3063 1915 3142 significat3
1973 3060 2130 3122 unde
2186 3070 2247 3122 et
2300 3063 2360 3120 in
2411 3059 2584 3120 Esaia
2637 3062 2802 3121 iuxta
2855 3074 3000 3122 Lxx

318 3186 369 3225 2⁵
395 3173 757 3252 interpretes
804 3167 1057 3232 ‘dilata
1102 3170 1333 3232 locum
1380 3167 1837 3231 tabernaculi
1895 3170 2000 3230 tui
2046 3176 2115 3228 et
2162 3166 2403 3228 auleas
2451 3175 2610 3227 tuas
2656 3163 3000 3247 confige'.

391 3275 533 3337 Aula
572 3275 753 3364 latine
791 3276 1003 3339 domus
1039 3279 1200 3356 regia
1239 3286 1332 3338 est
1368 3286 1429 3338 et
1463 3294 1573 3356 per
1609 3296 1641 3336 a
1679 3275 1990 3337 scribitur:
2036 3273 2168 3335 aule
2205 3292 2314 3353 per
2351 3272 2681 3353 simplicem
2718 3292 2751 3334 e
2789 3292 3001 3352 graece

390 3385 607 3444 atrium
646 3383 881 3444 dicitur.
956 3384 1090 3445 ideo
1128 3385 1188 3444 in
1227 3382 1478 3464 psalmo,
1515 3381 1617 3443 ubi
1654 3381 1908 3461 legimus
1945 3377 2269 3441 ‘adorate
2317 3379 2676 3440 dominum
2723 3381 2793 3440 in
2840 3381 3002 3442 aula

393 3500 641 3552 sancta
698 3485 908 3572 eius'‚
965 3508 1084 3551 non
1140 3489 1418 3570 palatium
1476 3487 1640 3549 aulae
1698 3490 1970 3568 nomine,
2022 3487 2125 3548 sed
2182 3488 2401 3547 atrium
2457 3503 2671 3565 graeco
2717 3486 3002 3548 vocabulo

394 3595 571 3658 debet
616 3595 896 3675 intellegi.
987 3598 1187 3676 Arguo
1234 3597 1404 3675 argui
1449 3602 1754 3675 argutum,
1806 3592 1868 3654 id
1914 3601 2006 3653 est
2069 3594 2433 3672 convictum,
2478 3598 2802 3670 arguturus
2849 3594 3002 3654 facit.

319 3718 370 3757 ao
395 3703 541 3763 Amo
580 3704 768 3763 amavi
805 3706 1088 3764 amavisti
1123 3712 1183 3763 et
1219 3703 1427 3762 amasti
1465 3702 1620 3763 facit.
1695 3707 1757 3760 et
1791 3688 1980 3779 saepe*
2007 3697 2103 3758 illa
2142 3696 2347 3778 verba,
2394 3715 2545 3776 quae
2583 3699 2645 3758 in
2682 3700 3004 3777 praeterito

393 3809 662 3888 perfecto
708 3828 743 3867 v
789 3817 1212 3870 consonantem
1260 3817 1598 3891 assumunt,
1643 3810 1704 3868 in
1752 3806 2011 3868 secunda
2060 3814 2121 3867 et
2168 3806 2339 3866 tertia
2386 3800 2639 3884 persona
2688 3822 3004 3885 syncopam

395 3918 733 3997 patiuntur,
788 3926 857 3977 ut
911 3934 1025 3977 neo
1081 3918 1216 3976 nevi
1271 3917 1485 3976 nevisti
1542 3913 1632 3975 vel
1689 3916 1860 3974 nesti.
1942 3913 2039 3974 illa
2096 3930 2235 3973 vero
2291 3928 2442 3990 quae
2498 3912 2559 3970 in
2617 3914 2916 3990 praesenti
2973 3929 3006 3970 v

397 4021 616 4083 habent
644 4031 1071 4084 consonantem
1097 4040 1217 4083 non
1254 4028 1506 4102 possunt
1542 4024 1603 4082 in
1640 4022 1966 4102 praeterito
1994 4021 2311 4100 syncopam
2350 4017 2489 4097 pati,
2519 4025 2586 4076 ut
2622 4015 2747 4077 lavo
2786 4015 3009 4078 lavisti:

401 4147 573 4189 nemo
621 4129 767 4190 dicit
812 4128 946 4190 lasti
992 4129 1082 4190 vel
1128 4128 1311 4189 lastis,
1386 4104 1695 4208 Adipiscor
1740 4127 1992 4207 adeptus
2040 4143 2172 4187 sum
2220 4125 2375 4184 facit.

580 4255 605 4301 1
645 4251 891 4316 ponatur
927 4246 1055 4301 MS
1089 4246 1317 4316 ponitur
1346 4263 1389 4314 Ρ
1561 4248 1625 4301 ut
1662 4262 1698 4300 a
1731 4245 1914 4300 fronte
1952 4261 1988 4300 a.
2022 4240 2196 4298 fratre
2234 4241 2279 4296 S
2457 4245 2489 4293 3
2526 4239 2627 4294 abs
2661 4241 2720 4294 te
2756 4240 2850 4295 uel
2886 4242 3010 4296 alos-⁴

400 4326 578 4380 condo
615 4344 661 4395 Ρ
803 4327 877 4382 ab
921 4329 979 4381 te
1025 4326 1117 4381 vel
1162 4325 1417 4381 abcondo
1454 4342 1501 4395 Ρ
1546 4326 1619 4381 ab
1662 4329 1720 4381 te
1758 4326 1851 4381 uel
1897 4323 2178 4382 abscondo
2217 4322 2263 4377 S
2305 4321 2378 4375 ab
2413 4321 2472 4374 te
2509 4318 2760 4375 abcondo
2799 4322 2874 4376 M

402 4412 434 4461 5
477 4404 536 4459 in
582 4407 718 4478 vun]
766 4406 825 4461 in
871 4424 1003 4461 uum
1053 4405 1127 4459 M
1295 4410 1325 4458 ’1
1372 4420 1499 4459 cum
1536 4405 1879 4475 aspiratione
1916 4403 2175 4460 scribitur
2216 4401 2290 4455 M
2457 4405 2488 4452 9
2538 4413 2638 4465 per
2674 4415 2741 4454 ae
2778 4417 2882 4455 om.
2920 4401 3008 4466 M,

402 4487 529 4541 aad.
558 4486 660 4555 ΡΒ
833 4491 897 4540 12
934 4485 1273 4555 deprecandi
1312 4485 1387 4538 M
1420 4484 1855 4555 depraedicandi
1886 4484 1985 4554 pS
2155 4488 2222 4536 14
2258 4481 2330 4535 ab
2367 4476 2512 4533 alius
2550 4475 2664 4531 alia
2692 4495 2735 4549 Ρ
2773 4480 2845 4535 ab
2881 4479 3008 4535 aliis

400 4564 515 4620 alia
550 4564 596 4619 S
628 4564 703 4619 ab
739 4565 853 4620 alio
890 4565 1003 4620 alia
1042 4567 1115 4620 M
1259 4571 1322 4619 17
1363 4566 1611 4638 quando]
1649 4564 1698 4619 si
1737 4566 1814 4618 M
1955 4568 2019 4618 18
2057 4558 2321 4617 seminari
2351 4576 2395 4627 Ρ
2432 4555 2705 4612 seminare
2741 4557 2873 4613 SM

404 4650 470 4698 20
505 4662 606 4713 per
644 4661 680 4699 a
715 4646 774 4699 et
809 4661 839 4699 e
877 4643 1085 4699 diuisas
1122 4645 1419 4701 dicendum
1456 4646 1545 4701 est
1584 4644 1657 4697 M
1780 4649 1848 4697 21
1888 4642 2018 4697 inde
2055 4640 2256 4711 allegit
2291 4640 2497 4696 dicitur
2537 4636 2613 4690 M
2735 4645 2803 4693 22
2842 4635 3005 4708 quasi

406 4724 620 4779 alatilia
659 4724 734 4778 M
731 4741 776 4792 Ρ
822 4724 983 4793 qnasi
1027 4724 1235 4779 alitilia
1281 4725 1327 4780 S
1502 4729 1570 4776 23
1618 4721 1869 4791 Attingit
1907 4752 1962 4761 —-
2019 4719 2295 4774 scribatur
2330 4736 2432 4774 om.
2460 4719 2602 4789 pS„
2622 4719 2749 4773 add.
2793 4719 2866 4772 M

408 4808 473 4856 28
509 4804 607 4857 sed
642 4802 875 4874 atrium]
915 4802 1013 4857 sed
1049 4803 1322 4872 palatium
1364 4806 1437 4859 M
1575 4809 1645 4857 30
1692 4802 1881 4857 amani
1918 4802 1975 4856 et
2009 4799 2212 4856 amasti
2257 4798 2397 4855 facit
2434 4798 2534 4871 ΡΒ
2577 4796 2768 4853 amani
2802 4796 3004 4854 amasti

409 4880 618 4937 faciunt
654 4882 731 4935 M
870 4888 935 4938 31
977 4886 1036 4939 et·
1068 4880 1239 4939 tertia
1273 4884 1502 4941 deletum
1536 4887 1614 4941 est
1649 4883 1714 4936 in
1751 4881 1827 4935 M
