<?xml version="1.0" encoding="UTF-8"?>
<!DOCTYPE html PUBLIC "-//W3C//DTD XHTML 1.0 Transitional//EN"
    "http://www.w3.org/TR/xhtml1/DTD/xhtml1-transitional.dtd">
<html xmlns="http://www.w3.org/1999/xhtml" xml:lang="en" lang="en">
 <head>
  <title>
</title>
<meta http-equiv="Content-Type" content="text/html;charset=utf-8" />
  <meta name='ocr-system' content='tesseract 3.04.00' />
  <meta name='ocr-capabilities' content='ocr_page ocr_carea ocr_par ocr_line ocrx_word'/>
</head>
<body>
  <div class='ocr_page' id='page_1' title='image "./grammaticilatin09keilgoog_0343.png"; bbox 0 0 3613 5528; ppageno 0'>
   <div class='ocr_carea' id='block_1_1' title="bbox 407 424 3016 585">
    <p class='ocr_par' dir='ltr' id='par_1_1' title="bbox 407 424 3016 585">
     <span class='ocr_line' id='line_1_1' title="bbox 1514 424 3016 491; baseline 0.002 -5"><span class='ocrx_word' id='word_1_1' title='bbox 1514 430 1900 486; x_wconf 83' lang='lat' dir='ltr'><strong>EXCERPTA</strong></span> <span class='ocrx_word' id='word_1_2' title='bbox 2884 424 3016 491; x_wconf 84' lang='lat'><strong>333</strong></span> 
     </span>
     <span class='ocr_line' id='line_1_2' title="bbox 407 533 711 585; baseline -0.003 -11"><span class='ocrx_word' id='word_1_3' title='bbox 407 545 452 585; x_wconf 72' lang='lat' dir='ltr'><strong>p.</strong></span> <span class='ocrx_word' id='word_1_4' title='bbox 483 534 544 576; x_wconf 68' lang='grc' dir='ltr'><strong>ιε.</strong></span> <span class='ocrx_word' id='word_1_5' title='bbox 573 534 626 574; x_wconf 77' lang='lat'><strong>14</strong></span> <span class='ocrx_word' id='word_1_6' title='bbox 649 533 711 573; x_wconf 77' lang='lat' dir='ltr'><strong>H.</strong></span> 
     </span>
    </p>
   </div>
   <div class='ocr_carea' id='block_1_2' title="bbox 323 614 3016 3059">
    <p class='ocr_par' dir='ltr' id='par_1_2' title="bbox 323 614 3016 3059">
     <span class='ocr_line' id='line_1_3' title="bbox 409 614 3016 696; baseline -0.003 -15"><span class='ocrx_word' id='word_1_7' title='bbox 409 617 751 681; x_wconf 83' lang='lat' dir='ltr'><strong>trochaeum</strong></span> <span class='ocrx_word' id='word_1_8' title='bbox 800 665 813 680; x_wconf 90' lang='lat'><strong>.</strong></span> <span class='ocrx_word' id='word_1_9' title='bbox 861 619 947 680; x_wconf 88' lang='lat' dir='ltr'><strong>sic</strong></span> <span class='ocrx_word' id='word_1_10' title='bbox 1002 626 1062 680; x_wconf 90' lang='lat' dir='ltr'><strong>et</strong></span> <span class='ocrx_word' id='word_1_11' title='bbox 1110 621 1197 681; x_wconf 81' lang='lat' dir='ltr'><strong>ad</strong></span> <span class='ocrx_word' id='word_1_12' title='bbox 1247 618 1358 679; x_wconf 88' lang='lat' dir='ltr'><strong>alia</strong></span> <span class='ocrx_word' id='word_1_13' title='bbox 1413 623 1745 679; x_wconf 84' lang='lat' dir='ltr'><strong>metrorum</strong></span> <span class='ocrx_word' id='word_1_14' title='bbox 1800 635 2019 696; x_wconf 80' lang='lat' dir='ltr'><strong>genera</strong></span> <span class='ocrx_word' id='word_1_15' title='bbox 2074 618 2349 696; x_wconf 88' lang='lat' dir='ltr'><strong>proprios</strong></span> <span class='ocrx_word' id='word_1_16' title='bbox 2405 617 2705 695; x_wconf 87' lang='lat' dir='ltr'><strong>pertinere</strong></span> <span class='ocrx_word' id='word_1_17' title='bbox 2763 614 3016 675; x_wconf 84' lang='lat' dir='ltr'><strong>dicimus</strong></span> 
     </span>
     <span class='ocr_line' id='line_1_4' title="bbox 407 721 3016 808; baseline -0.003 -19"><span class='ocrx_word' id='word_1_18' title='bbox 407 726 589 808; x_wconf 88' lang='lat' dir='ltr'><strong>pedes</strong></span> <span class='ocrx_word' id='word_1_19' title='bbox 626 774 641 789; x_wconf 89' lang='lat'>.</span> <span class='ocrx_word' id='word_1_20' title='bbox 680 726 837 798; x_wconf 84' lang='lat' dir='ltr'><strong>Quid</strong></span> <span class='ocrx_word' id='word_1_21' title='bbox 874 721 1203 788; x_wconf 81' lang='lat' dir='ltr'><strong>mensura?</strong></span> <span class='ocrx_word' id='word_1_22' title='bbox 1277 724 1424 787; x_wconf 87' lang='lat' dir='ltr'><strong>Cum</strong></span> <span class='ocrx_word' id='word_1_23' title='bbox 1471 730 1612 803; x_wconf 88' lang='lat' dir='ltr'><strong>puta</strong></span> <span class='ocrx_word' id='word_1_24' title='bbox 1661 723 1882 785; x_wconf 90' lang='lat' dir='ltr'><strong>dicitur</strong></span> <span class='ocrx_word' id='word_1_25' title='bbox 1928 741 2137 785; x_wconf 86' lang='lat' dir='ltr'><strong>versus</strong></span> <span class='ocrx_word' id='word_1_26' title='bbox 2175 722 2454 784; x_wconf 89' lang='lat' dir='ltr'><strong>heroicus</strong></span> <span class='ocrx_word' id='word_1_27' title='bbox 2491 724 2698 802; x_wconf 87' lang='lat' dir='ltr'><strong>viginti</strong></span> <span class='ocrx_word' id='word_1_28' title='bbox 2734 728 3016 800; x_wconf 87' lang='lat' dir='ltr'><strong>quattuor</strong></span> 
     </span>
     <span class='ocr_line' id='line_1_5' title="bbox 409 827 3016 913; baseline -0.002 -17"><span class='ocrx_word' id='word_1_29' title='bbox 409 833 627 896; x_wconf 88' lang='lat' dir='ltr'><strong>habere</strong></span> <span class='ocrx_word' id='word_1_30' title='bbox 675 843 941 913; x_wconf 89' lang='lat' dir='ltr'><strong>tempora</strong></span> <span class='ocrx_word' id='word_1_31' title='bbox 989 882 1002 894; x_wconf 93' lang='lat'><strong>.</strong></span> <span class='ocrx_word' id='word_1_32' title='bbox 1043 832 1197 904; x_wconf 86' lang='lat' dir='ltr'><strong>Quid</strong></span> <span class='ocrx_word' id='word_1_33' title='bbox 1246 827 1536 892; x_wconf 79' lang='lat' dir='ltr'><strong>caesura?</strong></span> <span class='ocrx_word' id='word_1_34' title='bbox 1600 830 1920 912; x_wconf 89' lang='lat' dir='ltr'><strong>Caesurae,</strong></span> <span class='ocrx_word' id='word_1_35' title='bbox 1969 829 2188 911; x_wconf 86' lang='lat' dir='ltr'><strong>quibus</strong></span> <span class='ocrx_word' id='word_1_36' title='bbox 2234 848 2343 911; x_wconf 92' lang='lat' dir='ltr'><strong>per</strong></span> <span class='ocrx_word' id='word_1_37' title='bbox 2389 831 2761 892; x_wconf 84' lang='lat' dir='ltr'><strong>scansionem</strong></span> <span class='ocrx_word' id='word_1_38' title='bbox 2809 846 3016 890; x_wconf 84' lang='lat' dir='ltr'><strong>versus</strong></span> 
     </span>
     <span class='ocr_line' id='line_1_6' title="bbox 408 928 3012 1023; baseline -0.003 -19"><span class='ocrx_word' id='word_1_39' title='bbox 408 941 668 1022; x_wconf 88' lang='lat' dir='ltr'><strong>praecidi</strong></span> <span class='ocrx_word' id='word_1_40' title='bbox 707 948 1058 1023; x_wconf 82' lang='lat' dir='ltr'><strong>noscuntur,</strong></span> <span class='ocrx_word' id='word_1_41' title='bbox 1105 947 1387 1020; x_wconf 87' lang='lat' dir='ltr'><strong>quattuor</strong></span> <span class='ocrx_word' id='word_1_42' title='bbox 1424 946 1582 1021; x_wconf 89' lang='lat' dir='ltr'><strong>suut,</strong></span> <span class='ocrx_word' id='word_1_43' title='bbox 1620 937 1680 999; x_wconf 91' lang='lat' dir='ltr'><strong>id</strong></span> <span class='ocrx_word' id='word_1_44' title='bbox 1718 946 1812 1000; x_wconf 89' lang='lat' dir='ltr'><strong>est</strong></span> <span class='ocrx_word' id='word_1_45' title='bbox 1847 937 2375 1019; x_wconf 87' lang='lat' dir='ltr'><strong>penthemimeres,</strong></span> <span class='ocrx_word' id='word_1_46' title='bbox 2411 936 2971 1017; x_wconf 89' lang='lat' dir='ltr'><strong>hephthemimeres,</strong></span> <span class='ocrx_word' id='word_1_47' title='bbox 3003 928 3012 1018; x_wconf 91' lang='grc' dir='ltr'>Ι</span> 
     </span>
     <span class='ocr_line' id='line_1_7' title="bbox 352 1042 3016 1129; baseline -0.003 -19"><span class='ocrx_word' id='word_1_48' title='bbox 352 1059 379 1100; x_wconf 81' lang='lat'>⁵</span> <span class='ocrx_word' id='word_1_49' title='bbox 409 1057 537 1110; x_wconf 89' lang='lat' dir='ltr'><strong>cata</strong></span> <span class='ocrx_word' id='word_1_50' title='bbox 591 1050 778 1110; x_wconf 89' lang='lat' dir='ltr'><strong>triton</strong></span> <span class='ocrx_word' id='word_1_51' title='bbox 834 1046 1185 1129; x_wconf 87' lang='lat' dir='ltr'><strong>trochaeon‚</strong></span> <span class='ocrx_word' id='word_1_52' title='bbox 1238 1045 1507 1109; x_wconf 81' lang='lat' dir='ltr'><strong>bucolice</strong></span> <span class='ocrx_word' id='word_1_53' title='bbox 1564 1053 1723 1107; x_wconf 88' lang='lat' dir='ltr'><strong>tome</strong></span> <span class='ocrx_word' id='word_1_54' title='bbox 1781 1093 1794 1105; x_wconf 90' lang='lat'>.</span> <span class='ocrx_word' id='word_1_55' title='bbox 1853 1044 2017 1116; x_wconf 86' lang='lat' dir='ltr'><strong>Quae</strong></span> <span class='ocrx_word' id='word_1_56' title='bbox 2073 1063 2146 1105; x_wconf 85' lang='lat' dir='ltr'><strong>ex</strong></span> <span class='ocrx_word' id='word_1_57' title='bbox 2202 1043 2296 1105; x_wconf 88' lang='lat' dir='ltr'><strong>his</strong></span> <span class='ocrx_word' id='word_1_58' title='bbox 2351 1062 2468 1123; x_wconf 89' lang='lat' dir='ltr'><strong>quo</strong></span> <span class='ocrx_word' id='word_1_59' title='bbox 2522 1042 2655 1104; x_wconf 91' lang='lat' dir='ltr'><strong>loco</strong></span> <span class='ocrx_word' id='word_1_60' title='bbox 2709 1051 3016 1125; x_wconf 86' lang='lat' dir='ltr'><strong>ponuntur</strong></span> 
     </span>
     <span class='ocr_line' id='line_1_8' title="bbox 408 1147 3015 1234; baseline -0.003 -16"><span class='ocrx_word' id='word_1_61' title='bbox 408 1157 623 1218; x_wconf 84' lang='lat' dir='ltr'><strong>edicito</strong></span> <span class='ocrx_word' id='word_1_62' title='bbox 682 1202 696 1216; x_wconf 89' lang='lat'><strong>.</strong></span> <span class='ocrx_word' id='word_1_63' title='bbox 752 1154 1262 1217; x_wconf 88' lang='lat' dir='ltr'><strong>Penthemimeres</strong></span> <span class='ocrx_word' id='word_1_64' title='bbox 1326 1155 1391 1216; x_wconf 90' lang='lat' dir='ltr'><strong>fit</strong></span> <span class='ocrx_word' id='word_1_65' title='bbox 1456 1171 1734 1234; x_wconf 83' lang='lat' dir='ltr'><strong>caesura,</strong></span> <span class='ocrx_word' id='word_1_66' title='bbox 1798 1152 2076 1230; x_wconf 85' lang='lat' dir='ltr'><strong>quotiens</strong></span> <span class='ocrx_word' id='word_1_67' title='bbox 2139 1159 2276 1231; x_wconf 88' lang='lat' dir='ltr'><strong>post</strong></span> <span class='ocrx_word' id='word_1_68' title='bbox 2336 1151 2486 1213; x_wconf 85' lang='lat' dir='ltr'><strong>dnos</strong></span> <span class='ocrx_word' id='word_1_69' title='bbox 2550 1151 2734 1233; x_wconf 91' lang='lat' dir='ltr'><strong>pedes</strong></span> <span class='ocrx_word' id='word_1_70' title='bbox 2797 1147 3015 1230; x_wconf 77' lang='lat' dir='ltr'><strong>syllaba</strong></span> 
     </span>
     <span class='ocr_line' id='line_1_9' title="bbox 409 1256 2454 1342; baseline -0.003 -18"><span class='ocrx_word' id='word_1_71' title='bbox 409 1281 720 1326; x_wconf 88' lang='lat' dir='ltr'><strong>remanens</strong></span> <span class='ocrx_word' id='word_1_72' title='bbox 767 1269 997 1342; x_wconf 88' lang='lat' dir='ltr'><strong>partem</strong></span> <span class='ocrx_word' id='word_1_73' title='bbox 1043 1264 1325 1325; x_wconf 78' lang='lat' dir='ltr'><strong>terminat</strong></span> <span class='ocrx_word' id='word_1_74' title='bbox 1369 1261 1684 1339; x_wconf 67' lang='lat' dir='ltr'><strong>orationis»,</strong></span> <span class='ocrx_word' id='word_1_75' title='bbox 1730 1266 1799 1319; x_wconf 89' lang='lat' dir='ltr'><strong>ut</strong></span> <span class='ocrx_word' id='word_1_76' title='bbox 1845 1260 1904 1318; x_wconf 89' lang='lat' dir='ltr'><strong>in</strong></span> <span class='ocrx_word' id='word_1_77' title='bbox 1953 1256 2065 1318; x_wconf 87' lang='lat' dir='ltr'><strong>hoc</strong></span> <span class='ocrx_word' id='word_1_78' title='bbox 2112 1275 2287 1319; x_wconf 85' lang='lat' dir='ltr'><strong>versu</strong></span> <span class='ocrx_word' id='word_1_79' title='bbox 2336 1265 2454 1340; x_wconf 88' lang='lat' dir='ltr'><strong>est,</strong></span> 
     </span>
     <span class='ocr_line' id='line_1_10' title="bbox 722 1364 2605 1449; baseline -0.002 -19"><span class='ocrx_word' id='word_1_80' title='bbox 722 1368 1066 1449; x_wconf 87' lang='lat' dir='ltr'><strong>panditur</strong></span> <span class='ocrx_word' id='word_1_81' title='bbox 1110 1371 1395 1431; x_wconf 82' lang='lat' dir='ltr'><strong>interea</strong></span> <span class='ocrx_word' id='word_1_82' title='bbox 1443 1368 1694 1429; x_wconf 88' lang='lat' dir='ltr'><strong>domus</strong></span> <span class='ocrx_word' id='word_1_83' title='bbox 1740 1366 2265 1446; x_wconf 90' lang='lat' dir='ltr'><strong>omnipotentis</strong></span> <span class='ocrx_word' id='word_1_84' title='bbox 2312 1364 2605 1446; x_wconf 77' lang='lat' dir='ltr'><strong>Olympi.</strong></span> 
     </span>
     <span class='ocr_line' id='line_1_11' title="bbox 404 1472 2589 1559; baseline -0.002 -22"><span class='ocrx_word' id='word_1_85' title='bbox 404 1475 950 1557; x_wconf 89' lang='lat' dir='ltr'><strong>hephthemimeres</strong></span> <span class='ocrx_word' id='word_1_86' title='bbox 997 1477 1088 1559; x_wconf 87' lang='lat' dir='ltr'><strong>fit,</strong></span> <span class='ocrx_word' id='word_1_87' title='bbox 1135 1479 1186 1537; x_wconf 89' lang='lat' dir='ltr'><strong>si</strong></span> <span class='ocrx_word' id='word_1_88' title='bbox 1230 1485 1368 1557; x_wconf 90' lang='lat' dir='ltr'><strong>post</strong></span> <span class='ocrx_word' id='word_1_89' title='bbox 1414 1477 1658 1537; x_wconf 90' lang='lat' dir='ltr'><strong>tertium</strong></span> <span class='ocrx_word' id='word_1_90' title='bbox 1703 1474 1916 1554; x_wconf 89' lang='lat' dir='ltr'><strong>pedem</strong></span> <span class='ocrx_word' id='word_1_91' title='bbox 1967 1472 2239 1534; x_wconf 90' lang='lat' dir='ltr'><strong>similiter</strong></span> <span class='ocrx_word' id='word_1_92' title='bbox 2284 1474 2385 1534; x_wconf 87' lang='lat' dir='ltr'><strong>fiat</strong></span> <span class='ocrx_word' id='word_1_93' title='bbox 2428 1475 2536 1555; x_wconf 88' lang='lat' dir='ltr'><strong>ita,</strong></span> <span class='ocrx_word' id='word_1_94' title='bbox 2577 1512 2589 1523; x_wconf 90' lang='lat'>-</span> 
     </span>
     <span class='ocr_line' id='line_1_12' title="bbox 327 1578 2427 1663; baseline -0.001 -20"><span class='ocrx_word' id='word_1_95' title='bbox 327 1596 377 1634; x_wconf 88' lang='lat'><strong>1⁰</strong></span> <span class='ocrx_word' id='word_1_96' title='bbox 724 1582 889 1643; x_wconf 90' lang='lat' dir='ltr'><strong>inde</strong></span> <span class='ocrx_word' id='word_1_97' title='bbox 936 1590 1101 1644; x_wconf 92' lang='lat' dir='ltr'><strong>toro</strong></span> <span class='ocrx_word' id='word_1_98' title='bbox 1147 1590 1353 1663; x_wconf 87' lang='lat' dir='ltr'><strong>pater</strong></span> <span class='ocrx_word' id='word_1_99' title='bbox 1400 1582 1674 1643; x_wconf 85' lang='lat' dir='ltr'><strong>Aeneas</strong></span> <span class='ocrx_word' id='word_1_100' title='bbox 1720 1582 1826 1642; x_wconf 90' lang='lat' dir='ltr'><strong>sic</strong></span> <span class='ocrx_word' id='word_1_101' title='bbox 1872 1599 2085 1642; x_wconf 88' lang='lat' dir='ltr'><strong>orsus</strong></span> <span class='ocrx_word' id='word_1_102' title='bbox 2131 1578 2214 1640; x_wconf 93' lang='lat' dir='ltr'><strong>ab</strong></span> <span class='ocrx_word' id='word_1_103' title='bbox 2260 1583 2427 1642; x_wconf 83' lang='lat' dir='ltr'><strong>alto.</strong></span> 
     </span>
     <span class='ocr_line' id='line_1_13' title="bbox 406 1684 3013 1770; baseline -0.002 -20"><span class='ocrx_word' id='word_1_104' title='bbox 406 1698 534 1751; x_wconf 89' lang='lat' dir='ltr'><strong>cata</strong></span> <span class='ocrx_word' id='word_1_105' title='bbox 579 1691 766 1750; x_wconf 91' lang='lat' dir='ltr'><strong>triton</strong></span> <span class='ocrx_word' id='word_1_106' title='bbox 814 1690 1134 1751; x_wconf 90' lang='lat' dir='ltr'><strong>trochaeon</strong></span> <span class='ocrx_word' id='word_1_107' title='bbox 1169 1690 1275 1770; x_wconf 77' lang='lat' dir='ltr'><strong>fit,</strong></span> <span class='ocrx_word' id='word_1_108' title='bbox 1321 1689 1599 1768; x_wconf 87' lang='lat' dir='ltr'><strong>quotiens</strong></span> <span class='ocrx_word' id='word_1_109' title='bbox 1644 1689 1708 1748; x_wconf 90' lang='lat' dir='ltr'><strong>in</strong></span> <span class='ocrx_word' id='word_1_110' title='bbox 1756 1688 1931 1748; x_wconf 89' lang='lat' dir='ltr'><strong>tertia</strong></span> <span class='ocrx_word' id='word_1_111' title='bbox 1977 1687 2220 1765; x_wconf 84' lang='lat' dir='ltr'><strong>regione</strong></span> <span class='ocrx_word' id='word_1_112' title='bbox 2268 1684 2401 1747; x_wconf 87' lang='lat' dir='ltr'><strong>talis</strong></span> <span class='ocrx_word' id='word_1_113' title='bbox 2438 1686 2705 1766; x_wconf 81' lang='lat' dir='ltr'><strong>dactylus</strong></span> <span class='ocrx_word' id='word_1_114' title='bbox 2751 1688 3013 1769; x_wconf 86' lang='lat' dir='ltr'><strong>ponitur,</strong></span> 
     </span>
     <span class='ocr_line' id='line_1_14' title="bbox 405 1791 3014 1876; baseline -0.002 -17"><span class='ocrx_word' id='word_1_115' title='bbox 405 1799 501 1859; x_wconf 85' lang='lat' dir='ltr'><strong>cui</strong></span> <span class='ocrx_word' id='word_1_116' title='bbox 557 1799 609 1859; x_wconf 87' lang='lat' dir='ltr'><strong>si</strong></span> <span class='ocrx_word' id='word_1_117' title='bbox 666 1796 932 1858; x_wconf 87' lang='lat' dir='ltr'><strong>ultimam</strong></span> <span class='ocrx_word' id='word_1_118' title='bbox 994 1797 1272 1876; x_wconf 79' lang='lat' dir='ltr'><strong>syllabam</strong></span> <span class='ocrx_word' id='word_1_119' title='bbox 1335 1796 1695 1876; x_wconf 83' lang='lat' dir='ltr'><strong>dempseris,</strong></span> <span class='ocrx_word' id='word_1_120' title='bbox 1759 1791 2104 1875; x_wconf 79' lang='lat' dir='ltr'><strong>trochaeuS‚</strong></span> <span class='ocrx_word' id='word_1_121' title='bbox 2168 1795 2271 1874; x_wconf 88' lang='lat' dir='ltr'><strong>qui</strong></span> <span class='ocrx_word' id='word_1_122' title='bbox 2335 1812 2408 1854; x_wconf 84' lang='lat' dir='ltr'><strong>ex</strong></span> <span class='ocrx_word' id='word_1_123' title='bbox 2474 1792 2706 1855; x_wconf 86' lang='lat' dir='ltr'><strong>duabus</strong></span> <span class='ocrx_word' id='word_1_124' title='bbox 2768 1792 3014 1873; x_wconf 89' lang='lat' dir='ltr'><strong>reliquis</strong></span> 
     </span>
     <span class='ocr_line' id='line_1_15' title="bbox 406 1904 1717 1987; baseline -0.002 -22"><span class='ocrx_word' id='word_1_125' title='bbox 406 1913 655 1987; x_wconf 83' lang='lat' dir='ltr'><strong>constat,</strong></span> <span class='ocrx_word' id='word_1_126' title='bbox 702 1906 990 1966; x_wconf 88' lang='lat' dir='ltr'><strong>orationis</strong></span> <span class='ocrx_word' id='word_1_127' title='bbox 1034 1905 1388 1985; x_wconf 84' lang='lat' dir='ltr'><strong>particulam</strong></span> <span class='ocrx_word' id='word_1_128' title='bbox 1434 1904 1563 1964; x_wconf 81' lang='lat' dir='ltr'><strong>finit</strong></span> <span class='ocrx_word' id='word_1_129' title='bbox 1608 1904 1717 1983; x_wconf 85' lang='lat' dir='ltr'><strong>ita,</strong></span> 
     </span>
     <span class='ocr_line' id='line_1_16' title="bbox 723 2006 2381 2073; baseline -0.001 -2"><span class='ocrx_word' id='word_1_130' title='bbox 723 2028 884 2072; x_wconf 91' lang='lat' dir='ltr'><strong>mors</strong></span> <span class='ocrx_word' id='word_1_131' title='bbox 932 2029 1072 2073; x_wconf 91' lang='lat' dir='ltr'><strong>ecce</strong></span> <span class='ocrx_word' id='word_1_132' title='bbox 1119 2031 1238 2073; x_wconf 90' lang='lat' dir='ltr'><strong>non</strong></span> <span class='ocrx_word' id='word_1_133' title='bbox 1286 2010 1479 2072; x_wconf 91' lang='lat' dir='ltr'><strong>tardat</strong></span> <span class='ocrx_word' id='word_1_134' title='bbox 1526 2018 1588 2071; x_wconf 88' lang='lat' dir='ltr'><strong>et</strong></span> <span class='ocrx_word' id='word_1_135' title='bbox 1630 2011 1793 2071; x_wconf 91' lang='lat' dir='ltr'><strong>omni</strong></span> <span class='ocrx_word' id='word_1_136' title='bbox 1839 2006 2131 2070; x_wconf 88' lang='lat' dir='ltr'><strong>adlabitur</strong></span> <span class='ocrx_word' id='word_1_137' title='bbox 2174 2009 2321 2070; x_wconf 93' lang='lat' dir='ltr'><strong>hora</strong></span> <span class='ocrx_word' id='word_1_138' title='bbox 2368 2056 2381 2069; x_wconf 91' lang='lat'><strong>.</strong></span> 
     </span>
     <span class='ocr_line' id='line_1_17' title="bbox 327 2114 3013 2211; baseline -0.001 -32"><span class='ocrx_word' id='word_1_139' title='bbox 327 2131 375 2171; x_wconf 74' lang='lat'><strong>1⁵</strong></span> <span class='ocrx_word' id='word_1_140' title='bbox 406 2125 627 2211; x_wconf 64' lang='lat' dir='ltr'><strong>tetartq</strong></span> <span class='ocrx_word' id='word_1_141' title='bbox 666 2117 934 2179; x_wconf 87' lang='lat' dir='ltr'><strong>bucolice</strong></span> <span class='ocrx_word' id='word_1_142' title='bbox 982 2119 1075 2199; x_wconf 88' lang='lat' dir='ltr'><strong>fit,</strong></span> <span class='ocrx_word' id='word_1_143' title='bbox 1121 2137 1259 2181; x_wconf 88' lang='lat' dir='ltr'><strong>cum</strong></span> <span class='ocrx_word' id='word_1_144' title='bbox 1304 2120 1366 2180; x_wconf 90' lang='lat' dir='ltr'><strong>in</strong></span> <span class='ocrx_word' id='word_1_145' title='bbox 1414 2125 1627 2197; x_wconf 89' lang='lat' dir='ltr'><strong>quarto</strong></span> <span class='ocrx_word' id='word_1_146' title='bbox 1675 2116 1904 2197; x_wconf 89' lang='lat' dir='ltr'><strong>dactylo</strong></span> <span class='ocrx_word' id='word_1_147' title='bbox 1943 2114 2216 2177; x_wconf 91' lang='lat' dir='ltr'><strong>similiter</strong></span> <span class='ocrx_word' id='word_1_148' title='bbox 2253 2116 2467 2178; x_wconf 87' lang='lat' dir='ltr'><strong>accidit</strong></span> <span class='ocrx_word' id='word_1_149' title='bbox 2494 2136 2510 2179; x_wconf 90' lang='lat'><strong>:</strong></span> <span class='ocrx_word' id='word_1_150' title='bbox 2536 2115 2716 2177; x_wconf 88' lang='lat' dir='ltr'><strong>huius</strong></span> <span class='ocrx_word' id='word_1_151' title='bbox 2747 2116 3013 2196; x_wconf 85' lang='lat' dir='ltr'><strong>exempla</strong></span> 
     </span>
     <span class='ocr_line' id='line_1_18' title="bbox 723 2221 2439 2306; baseline -0.002 -20"><span class='ocrx_word' id='word_1_152' title='bbox 723 2242 874 2304; x_wconf 87' lang='lat' dir='ltr'><strong>quae</strong></span> <span class='ocrx_word' id='word_1_153' title='bbox 919 2243 1034 2305; x_wconf 83' lang='lat' dir='ltr'><strong>pax</strong></span> <span class='ocrx_word' id='word_1_154' title='bbox 1079 2225 1252 2306; x_wconf 84' lang='lat' dir='ltr'><strong>longa</strong></span> <span class='ocrx_word' id='word_1_155' title='bbox 1299 2227 1610 2287; x_wconf 86' lang='lat' dir='ltr'><strong>remiserat</strong></span> <span class='ocrx_word' id='word_1_156' title='bbox 1655 2242 1818 2285; x_wconf 91' lang='lat' dir='ltr'><strong>arma</strong></span> <span class='ocrx_word' id='word_1_157' title='bbox 1864 2242 2081 2285; x_wconf 85' lang='lat' dir='ltr'><strong>novare</strong></span> <span class='ocrx_word' id='word_1_158' title='bbox 2126 2221 2439 2306; x_wconf 88' lang='lat' dir='ltr'><strong>parabant,</strong></span> 
     </span>
     <span class='ocr_line' id='line_1_19' title="bbox 724 2330 2667 2411; baseline -0.001 -19"><span class='ocrx_word' id='word_1_159' title='bbox 724 2333 959 2394; x_wconf 84' lang='lat' dir='ltr'><strong>sinum</strong></span> <span class='ocrx_word' id='word_1_160' title='bbox 1005 2332 1221 2394; x_wconf 88' lang='lat' dir='ltr'><strong>lactis</strong></span> <span class='ocrx_word' id='word_1_161' title='bbox 1268 2341 1339 2394; x_wconf 90' lang='lat' dir='ltr'><strong>et</strong></span> <span class='ocrx_word' id='word_1_162' title='bbox 1384 2331 1557 2393; x_wconf 87' lang='lat' dir='ltr'><strong>haec</strong></span> <span class='ocrx_word' id='word_1_163' title='bbox 1603 2341 1672 2394; x_wconf 83' lang='lat' dir='ltr'><strong>te</strong></span> <span class='ocrx_word' id='word_1_164' title='bbox 1715 2330 1860 2392; x_wconf 88' lang='lat' dir='ltr'><strong>liba</strong></span> <span class='ocrx_word' id='word_1_165' title='bbox 1906 2330 2165 2411; x_wconf 89' lang='lat' dir='ltr'><strong>Priape</strong></span> <span class='ocrx_word' id='word_1_166' title='bbox 2213 2331 2605 2410; x_wconf 88' lang='lat' dir='ltr'><strong>quotannis</strong></span> <span class='ocrx_word' id='word_1_167' title='bbox 2654 2376 2667 2390; x_wconf 91' lang='lat'><strong>.</strong></span> 
     </span>
     <span class='ocr_line' id='line_1_20' title="bbox 407 2436 3016 2520; baseline -0.001 -18"><span class='ocrx_word' id='word_1_168' title='bbox 407 2440 706 2520; x_wconf 88' lang='lat' dir='ltr'><strong>Depositio</strong></span> <span class='ocrx_word' id='word_1_169' title='bbox 741 2439 895 2520; x_wconf 73' lang='lat' dir='ltr'><strong>quid</strong></span> <span class='ocrx_word' id='word_1_170' title='bbox 943 2436 1078 2501; x_wconf 79' lang='lat' dir='ltr'><strong>est?</strong></span> <span class='ocrx_word' id='word_1_171' title='bbox 1152 2438 1301 2501; x_wconf 90' lang='lat' dir='ltr'><strong>Cum</strong></span> <span class='ocrx_word' id='word_1_172' title='bbox 1363 2439 1500 2500; x_wconf 85' lang='lat' dir='ltr'><strong>finis</strong></span> <span class='ocrx_word' id='word_1_173' title='bbox 1564 2457 1773 2500; x_wconf 86' lang='lat' dir='ltr'><strong>versus</strong></span> <span class='ocrx_word' id='word_1_174' title='bbox 1829 2438 2241 2500; x_wconf 86' lang='lat' dir='ltr'><strong>consideratur</strong></span> <span class='ocrx_word' id='word_1_175' title='bbox 2288 2486 2302 2500; x_wconf 91' lang='lat'><strong>.</strong></span> <span class='ocrx_word' id='word_1_176' title='bbox 2348 2437 2528 2499; x_wconf 89' lang='lat' dir='ltr'><strong>huius</strong></span> <span class='ocrx_word' id='word_1_177' title='bbox 2584 2438 2816 2517; x_wconf 91' lang='lat' dir='ltr'><strong>species</strong></span> <span class='ocrx_word' id='word_1_178' title='bbox 2875 2447 3016 2500; x_wconf 86' lang='lat' dir='ltr'><strong>sunt</strong></span> 
     </span>
     <span class='ocr_line' id='line_1_21' title="bbox 406 2543 3014 2630; baseline -0.002 -21"><span class='ocrx_word' id='word_1_179' title='bbox 406 2556 711 2630; x_wconf 87' lang='lat' dir='ltr'><strong>quattuor,</strong></span> <span class='ocrx_word' id='word_1_180' title='bbox 785 2547 845 2608; x_wconf 90' lang='lat' dir='ltr'><strong>id</strong></span> <span class='ocrx_word' id='word_1_181' title='bbox 919 2556 1012 2608; x_wconf 90' lang='lat' dir='ltr'><strong>est</strong></span> <span class='ocrx_word' id='word_1_182' title='bbox 1083 2546 1388 2628; x_wconf 82' lang='lat' dir='ltr'><strong>catalexiS,</strong></span> <span class='ocrx_word' id='word_1_183' title='bbox 1463 2547 1808 2629; x_wconf 86' lang='lat' dir='ltr'><strong>acatalexis,</strong></span> <span class='ocrx_word' id='word_1_184' title='bbox 1872 2544 2403 2627; x_wconf 78' lang='lat' dir='ltr'><strong>brachycatalexiS,</strong></span> <span class='ocrx_word' id='word_1_185' title='bbox 2476 2543 2943 2625; x_wconf 85' lang='lat' dir='ltr'><strong>hypercatalexis</strong></span> <span class='ocrx_word' id='word_1_186' title='bbox 3000 2593 3014 2605; x_wconf 91' lang='lat'><strong>.</strong></span> 
     </span>
     <span class='ocr_line' id='line_1_22' title="bbox 323 2647 3013 2738; baseline -0.001 -22"><span class='ocrx_word' id='word_1_187' title='bbox 323 2667 378 2707; x_wconf 79' lang='lat'><strong>20</strong></span> <span class='ocrx_word' id='word_1_188' title='bbox 404 2655 617 2716; x_wconf 89' lang='lat' dir='ltr'><strong>harum</strong></span> <span class='ocrx_word' id='word_1_189' title='bbox 671 2656 822 2715; x_wconf 91' lang='lat' dir='ltr'><strong>ratio</strong></span> <span class='ocrx_word' id='word_1_190' title='bbox 878 2654 1012 2715; x_wconf 90' lang='lat' dir='ltr'><strong>talis</strong></span> <span class='ocrx_word' id='word_1_191' title='bbox 1058 2663 1178 2715; x_wconf 86' lang='lat' dir='ltr'><strong>est:</strong></span> <span class='ocrx_word' id='word_1_192' title='bbox 1229 2647 1236 2738; x_wconf 84' lang='grc' dir='ltr'>Ι</span> <span class='ocrx_word' id='word_1_193' title='bbox 1287 2657 1631 2716; x_wconf 79' lang='lat' dir='ltr'><strong>acatalexis</strong></span> <span class='ocrx_word' id='word_1_194' title='bbox 1677 2662 1785 2736; x_wconf 87' lang='lat' dir='ltr'><strong>est,</strong></span> <span class='ocrx_word' id='word_1_195' title='bbox 1834 2671 1970 2715; x_wconf 90' lang='lat' dir='ltr'><strong>cum</strong></span> <span class='ocrx_word' id='word_1_196' title='bbox 2027 2670 2235 2714; x_wconf 85' lang='lat' dir='ltr'><strong>versus</strong></span> <span class='ocrx_word' id='word_1_197' title='bbox 2288 2651 2554 2731; x_wconf 83' lang='lat' dir='ltr'><strong>legitimo</strong></span> <span class='ocrx_word' id='word_1_198' title='bbox 2609 2652 2755 2734; x_wconf 85' lang='lat' dir='ltr'><strong>fine,</strong></span> <span class='ocrx_word' id='word_1_199' title='bbox 2806 2651 2866 2713; x_wconf 89' lang='lat' dir='ltr'><strong>id</strong></span> <span class='ocrx_word' id='word_1_200' title='bbox 2924 2660 3013 2714; x_wconf 78' lang='lat' dir='ltr'><strong>est</strong></span> 
     </span>
     <span class='ocr_line' id='line_1_23' title="bbox 405 2757 3011 2845; baseline -0.001 -22"><span class='ocrx_word' id='word_1_201' title='bbox 405 2761 581 2843; x_wconf 91' lang='lat' dir='ltr'><strong>pleno</strong></span> <span class='ocrx_word' id='word_1_202' title='bbox 627 2770 963 2845; x_wconf 90' lang='lat' dir='ltr'><strong>temporum</strong></span> <span class='ocrx_word' id='word_1_203' title='bbox 1012 2780 1289 2845; x_wconf 83' lang='lat' dir='ltr'><strong>numero,</strong></span> <span class='ocrx_word' id='word_1_204' title='bbox 1347 2763 1725 2824; x_wconf 88' lang='lat' dir='ltr'><strong>terminatur:</strong></span> <span class='ocrx_word' id='word_1_205' title='bbox 1781 2761 2060 2823; x_wconf 84' lang='lat' dir='ltr'><strong>catalexis</strong></span> <span class='ocrx_word' id='word_1_206' title='bbox 2116 2768 2234 2841; x_wconf 87' lang='lat' dir='ltr'><strong>est,</strong></span> <span class='ocrx_word' id='word_1_207' title='bbox 2290 2778 2428 2821; x_wconf 91' lang='lat' dir='ltr'><strong>cum</strong></span> <span class='ocrx_word' id='word_1_208' title='bbox 2481 2778 2600 2821; x_wconf 89' lang='lat' dir='ltr'><strong>una</strong></span> <span class='ocrx_word' id='word_1_209' title='bbox 2646 2757 2862 2840; x_wconf 83' lang='lat' dir='ltr'><strong>syllaba</strong></span> <span class='ocrx_word' id='word_1_210' title='bbox 2909 2762 3011 2822; x_wconf 88' lang='lat' dir='ltr'><strong>uni</strong></span> 
     </span>
     <span class='ocr_line' id='line_1_24' title="bbox 405 2866 3010 2950; baseline -0.001 -20"><span class='ocrx_word' id='word_1_211' title='bbox 405 2870 620 2948; x_wconf 87' lang='lat' dir='ltr'><strong>cuique</strong></span> <span class='ocrx_word' id='word_1_212' title='bbox 666 2874 859 2930; x_wconf 90' lang='lat' dir='ltr'><strong>metro</strong></span> <span class='ocrx_word' id='word_1_213' title='bbox 898 2868 1106 2929; x_wconf 90' lang='lat' dir='ltr'><strong>deesse</strong></span> <span class='ocrx_word' id='word_1_214' title='bbox 1144 2868 1406 2930; x_wconf 87' lang='lat' dir='ltr'><strong>videtur:</strong></span> <span class='ocrx_word' id='word_1_215' title='bbox 1454 2867 1956 2949; x_wconf 85' lang='lat' dir='ltr'><strong>brachycatalexis</strong></span> <span class='ocrx_word' id='word_1_216' title='bbox 1994 2876 2113 2950; x_wconf 89' lang='lat' dir='ltr'><strong>est,</strong></span> <span class='ocrx_word' id='word_1_217' title='bbox 2157 2886 2295 2930; x_wconf 90' lang='lat' dir='ltr'><strong>cum</strong></span> <span class='ocrx_word' id='word_1_218' title='bbox 2332 2867 2545 2947; x_wconf 89' lang='lat' dir='ltr'><strong>pedem</strong></span> <span class='ocrx_word' id='word_1_219' title='bbox 2581 2869 2781 2928; x_wconf 89' lang='lat' dir='ltr'><strong>minus</strong></span> <span class='ocrx_word' id='word_1_220' title='bbox 2807 2866 3010 2929; x_wconf 87' lang='lat' dir='ltr'><strong>habet:</strong></span> 
     </span>
     <span class='ocr_line' id='line_1_25' title="bbox 406 2973 2373 3059; baseline 0 -25"><span class='ocrx_word' id='word_1_221' title='bbox 406 2974 873 3055; x_wconf 84' lang='lat' dir='ltr'><strong>hypercatalexis</strong></span> <span class='ocrx_word' id='word_1_222' title='bbox 920 2984 1037 3059; x_wconf 87' lang='lat' dir='ltr'><strong>est,</strong></span> <span class='ocrx_word' id='word_1_223' title='bbox 1084 2993 1222 3038; x_wconf 94' lang='lat' dir='ltr'><strong>cum</strong></span> <span class='ocrx_word' id='word_1_224' title='bbox 1268 2975 1482 3057; x_wconf 91' lang='lat' dir='ltr'><strong>pedem</strong></span> <span class='ocrx_word' id='word_1_225' title='bbox 1528 2975 1661 3055; x_wconf 90' lang='lat' dir='ltr'><strong>plus</strong></span> <span class='ocrx_word' id='word_1_226' title='bbox 1708 2984 1811 3037; x_wconf 91' lang='lat' dir='ltr'><strong>aut</strong></span> <span class='ocrx_word' id='word_1_227' title='bbox 1856 2975 2135 3055; x_wconf 88' lang='lat' dir='ltr'><strong>syllabam</strong></span> <span class='ocrx_word' id='word_1_228' title='bbox 2180 2973 2373 3035; x_wconf 89' lang='lat' dir='ltr'><strong>habet.</strong></span> 
     </span>
    </p>
   </div>
   <div class='ocr_carea' id='block_1_3' title="bbox 1429 3147 1977 3215">
    <p class='ocr_par' dir='ltr' id='par_1_3' title="bbox 1429 3147 1977 3215">
     <span class='ocr_line' id='line_1_26' title="bbox 1429 3147 1977 3215; baseline -0.004 0"><span class='ocrx_word' id='word_1_229' title='bbox 1429 3148 1550 3215; x_wconf 86' lang='lat' dir='ltr'><strong>DE</strong></span> <span class='ocrx_word' id='word_1_230' title='bbox 1598 3147 1977 3215; x_wconf 90' lang='lat' dir='ltr'>PEDIBVS</span> 
     </span>
    </p>
   </div>
   <div class='ocr_carea' id='block_1_4' title="bbox 325 3276 3014 3589">
    <p class='ocr_par' dir='ltr' id='par_1_4' title="bbox 325 3276 3014 3589">
     <span class='ocr_line' id='line_1_27' title="bbox 325 3276 3010 3359; baseline -0.001 -19"><span class='ocrx_word' id='word_1_231' title='bbox 325 3300 381 3340; x_wconf 76' lang='lat'><strong>25</strong></span> <span class='ocrx_word' id='word_1_232' title='bbox 586 3277 699 3339; x_wconf 89' lang='lat' dir='ltr'><strong>Pes</strong></span> <span class='ocrx_word' id='word_1_233' title='bbox 760 3280 899 3359; x_wconf 90' lang='lat' dir='ltr'><strong>quid</strong></span> <span class='ocrx_word' id='word_1_234' title='bbox 958 3276 1096 3341; x_wconf 79' lang='lat' dir='ltr'><strong>est?</strong></span> <span class='ocrx_word' id='word_1_235' title='bbox 1178 3278 1539 3359; x_wconf 88' lang='lat' dir='ltr'><strong>Compositio</strong></span> <span class='ocrx_word' id='word_1_236' title='bbox 1605 3278 1858 3341; x_wconf 88' lang='lat' dir='ltr'><strong>duarum</strong></span> <span class='ocrx_word' id='word_1_237' title='bbox 1923 3278 2015 3340; x_wconf 90' lang='lat' dir='ltr'><strong>vel</strong></span> <span class='ocrx_word' id='word_1_238' title='bbox 2077 3279 2261 3339; x_wconf 88' lang='lat' dir='ltr'><strong>trium</strong></span> <span class='ocrx_word' id='word_1_239' title='bbox 2326 3285 2431 3338; x_wconf 90' lang='lat' dir='ltr'><strong>aut</strong></span> <span class='ocrx_word' id='word_1_240' title='bbox 2492 3278 2670 3338; x_wconf 89' lang='lat' dir='ltr'><strong>etiam</strong></span> <span class='ocrx_word' id='word_1_241' title='bbox 2734 3285 3010 3356; x_wconf 86' lang='lat' dir='ltr'><strong>quattuor</strong></span> 
     </span>
     <span class='ocr_line' id='line_1_28' title="bbox 407 3382 3014 3465; baseline 0 -20"><span class='ocrx_word' id='word_1_242' title='bbox 407 3384 757 3465; x_wconf 84' lang='lat' dir='ltr'><strong>syllabarum</strong></span> <span class='ocrx_word' id='word_1_243' title='bbox 804 3386 1133 3448; x_wconf 86' lang='lat' dir='ltr'><strong>secuudum</strong></span> <span class='ocrx_word' id='word_1_244' title='bbox 1180 3388 1468 3447; x_wconf 91' lang='lat' dir='ltr'><strong>rationem</strong></span> <span class='ocrx_word' id='word_1_245' title='bbox 1518 3387 1611 3446; x_wconf 91' lang='lat' dir='ltr'><strong>sui</strong></span> <span class='ocrx_word' id='word_1_246' title='bbox 1659 3387 1948 3464; x_wconf 86' lang='lat' dir='ltr'><strong>cuiusque</strong></span> <span class='ocrx_word' id='word_1_247' title='bbox 2004 3386 2196 3444; x_wconf 89' lang='lat' dir='ltr'><strong>metri.</strong></span> <span class='ocrx_word' id='word_1_248' title='bbox 2288 3382 2513 3445; x_wconf 87' lang='lat' dir='ltr'><strong>Pedum</strong></span> <span class='ocrx_word' id='word_1_249' title='bbox 2587 3401 2807 3463; x_wconf 83' lang='lat' dir='ltr'><strong>genera</strong></span> <span class='ocrx_word' id='word_1_250' title='bbox 2870 3392 3014 3463; x_wconf 85' lang='lat' dir='ltr'><strong>quot</strong></span> 
     </span>
     <span class='ocr_line' id='line_1_29' title="bbox 406 3488 3010 3589; baseline 0 -37"><span class='ocrx_word' id='word_1_251' title='bbox 406 3488 590 3553; x_wconf 79' lang='lat' dir='ltr'><strong>sunt?</strong></span> <span class='ocrx_word' id='word_1_252' title='bbox 663 3491 792 3553; x_wconf 89' lang='lat' dir='ltr'><strong>Duo</strong></span> <span class='ocrx_word' id='word_1_253' title='bbox 840 3541 853 3553; x_wconf 90' lang='lat'><strong><em>.</em></strong></span> <span class='ocrx_word' id='word_1_254' title='bbox 902 3491 1066 3565; x_wconf 87' lang='lat' dir='ltr'><strong>Quae</strong></span> <span class='ocrx_word' id='word_1_255' title='bbox 1114 3489 1298 3589; x_wconf 78' lang='lat' dir='ltr'><strong>sunt?</strong></span> <span class='ocrx_word' id='word_1_256' title='bbox 1369 3493 1487 3554; x_wconf 87' lang='lat' dir='ltr'><strong>Aut</strong></span> <span class='ocrx_word' id='word_1_257' title='bbox 1534 3495 1694 3553; x_wconf 88' lang='lat' dir='ltr'><strong>enim</strong></span> <span class='ocrx_word' id='word_1_258' title='bbox 1750 3491 2049 3572; x_wconf 87' lang='lat' dir='ltr'><strong>simplices</strong></span> <span class='ocrx_word' id='word_1_259' title='bbox 2104 3499 2245 3553; x_wconf 88' lang='lat' dir='ltr'><strong>sunt</strong></span> <span class='ocrx_word' id='word_1_260' title='bbox 2296 3490 2480 3572; x_wconf 91' lang='lat' dir='ltr'><strong>pedes</strong></span> <span class='ocrx_word' id='word_1_261' title='bbox 2536 3500 2639 3552; x_wconf 88' lang='lat' dir='ltr'><strong>aut</strong></span> <span class='ocrx_word' id='word_1_262' title='bbox 2684 3491 2951 3572; x_wconf 88' lang='lat' dir='ltr'><strong>duplices</strong></span> <span class='ocrx_word' id='word_1_263' title='bbox 2997 3539 3010 3553; x_wconf 91' lang='lat'><strong>.</strong></span> 
     </span>
    </p>
   </div>
   <div class='ocr_carea' id='block_1_5' title="bbox 406 3625 827 3634">
    <p class='ocr_par' dir='ltr' id='par_1_5' title="bbox 406 3625 827 3634">
     <span class='ocr_line' id='line_1_30' title="bbox 406 3625 827 3634; baseline 0 0"><span class='ocrx_word' id='word_1_264' title='bbox 406 3625 827 3634; x_wconf 95' lang='lat' dir='ltr'><strong> </strong></span> 
     </span>
    </p>
   </div>
   <div class='ocr_carea' id='block_1_6' title="bbox 397 3656 3011 3832">
    <p class='ocr_par' dir='ltr' id='par_1_6' title="bbox 397 3656 3011 3832">
     <span class='ocr_line' id='line_1_31' title="bbox 496 3656 3011 3820; baseline -0.002 -82"><span class='ocrx_word' id='word_1_265' title='bbox 496 3689 653 3820; x_wconf 53' lang='lat'><strong>3234</strong></span> <span class='ocrx_word' id='word_1_266' title='bbox 689 3684 785 3738; x_wconf 76' lang='lat' dir='ltr'><strong>nn</strong></span> <span class='ocrx_word' id='word_1_267' title='bbox 832 3682 1142 3739; x_wconf 75' lang='lat' dir='ltr'><strong>anevs</strong></span> <span class='ocrx_word' id='word_1_268' title='bbox 1189 3684 1459 3739; x_wconf 72' lang='lat' dir='ltr'><strong>Iulianus</strong></span> <span class='ocrx_word' id='word_1_269' title='bbox 1503 3684 1569 3739; x_wconf 74' lang='lat' dir='ltr'><strong>ae</strong></span> <span class='ocrx_word' id='word_1_270' title='bbox 1608 3682 1843 3752; x_wconf 63' lang='lat' dir='ltr'><strong>pedibus</strong></span> <span class='ocrx_word' id='word_1_271' title='bbox 1877 3698 1940 3752; x_wconf 65' lang='grc' dir='ltr'><strong>Ρ.</strong></span> <span class='ocrx_word' id='word_1_272' title='bbox 1977 3687 2057 3738; x_wconf 74' lang='lat'><strong>20</strong></span> <span class='ocrx_word' id='word_1_273' title='bbox 2092 3682 2175 3737; x_wconf 70' lang='lat' dir='ltr'><strong>ea.</strong></span> <span class='ocrx_word' id='word_1_274' title='bbox 2212 3681 2392 3749; x_wconf 70' lang='lat' dir='ltr'><em>Rom„</em></span> <span class='ocrx_word' id='word_1_275' title='bbox 2440 3656 2667 3751; x_wconf 68' lang='lat' dir='ltr'><strong>qramm&#39;.</strong></span> <span class='ocrx_word' id='word_1_276' title='bbox 2715 3682 2812 3736; x_wconf 77' lang='lat' dir='ltr'><strong>zat.</strong></span> <span class='ocrx_word' id='word_1_277' title='bbox 2849 3697 2898 3737; x_wconf 79' lang='grc' dir='ltr'><strong>υ.</strong></span> <span class='ocrx_word' id='word_1_278' title='bbox 2966 3681 3011 3734; x_wconf 83' lang='lat' dir='ltr'><strong><em>V</em></strong></span> 
     </span>
     <span class='ocr_line' id='line_1_32' title="bbox 397 3779 457 3832; baseline 0 -12"><span class='ocrx_word' id='word_1_279' title='bbox 397 3779 457 3832; x_wconf 73' lang='grc' dir='ltr'><strong>Ρ.</strong></span> 
     </span>
    </p>
   </div>
   <div class='ocr_carea' id='block_1_7' title="bbox 410 3886 830 3894">
    <p class='ocr_par' dir='ltr' id='par_1_7' title="bbox 410 3886 830 3894">
     <span class='ocr_line' id='line_1_33' title="bbox 410 3886 830 3894; baseline 0 1634"><span class='ocrx_word' id='word_1_280' title='bbox 410 3886 830 3894; x_wconf 95' lang='lat' dir='ltr'><strong> </strong></span> 
     </span>
    </p>
   </div>
   <div class='ocr_carea' id='block_1_8' title="bbox 406 3938 3017 4975">
    <p class='ocr_par' dir='ltr' id='par_1_8' title="bbox 406 3938 3017 4975">
     <span class='ocr_line' id='line_1_34' title="bbox 587 3938 3011 4011; baseline -0.002 -14"><span class='ocrx_word' id='word_1_281' title='bbox 587 3951 613 3997; x_wconf 99' lang='grc'><strong>1</strong></span> <span class='ocrx_word' id='word_1_282' title='bbox 655 3945 736 3999; x_wconf 89' lang='lat' dir='ltr'><strong>sic</strong></span> <span class='ocrx_word' id='word_1_283' title='bbox 791 3946 851 3999; x_wconf 70' lang='lat' dir='ltr'><strong>ei·</strong></span> <span class='ocrx_word' id='word_1_284' title='bbox 902 3942 1017 3998; x_wconf 88' lang='lat' dir='ltr'><strong>alia.</strong></span> <span class='ocrx_word' id='word_1_285' title='bbox 1071 3943 1127 3997; x_wconf 98' lang='grc' dir='ltr'><strong><em>Β</em></strong></span> <span class='ocrx_word' id='word_1_286' title='bbox 1272 3950 1304 3998; x_wconf 88' lang='grc'><strong>3</strong></span> <span class='ocrx_word' id='word_1_287' title='bbox 1342 3940 1482 4011; x_wconf 89' lang='lat' dir='ltr'><strong>quid</strong></span> <span class='ocrx_word' id='word_1_288' title='bbox 1536 3957 1790 3997; x_wconf 83' lang='lat' dir='ltr'><strong>cessurae</strong></span> <span class='ocrx_word' id='word_1_289' title='bbox 1845 3942 1911 3996; x_wconf 81' lang='lat' dir='ltr'><strong>R.</strong></span> <span class='ocrx_word' id='word_1_290' title='bbox 1970 3957 2224 3995; x_wconf 78' lang='lat' dir='ltr'><strong>cessurae</strong></span> <span class='ocrx_word' id='word_1_291' title='bbox 2268 3940 2324 3994; x_wconf 94' lang='grc' dir='ltr'><strong><em>Β</em></strong></span> <span class='ocrx_word' id='word_1_292' title='bbox 2468 3947 2503 3994; x_wconf 89' lang='lat'>4</span> <span class='ocrx_word' id='word_1_293' title='bbox 2556 3938 3011 4010; x_wconf 77' lang='lat' dir='ltr'><strong>pentimemerem</strong></span> 
     </span>
     <span class='ocr_line' id='line_1_35' title="bbox 406 4018 3014 4093; baseline -0.002 -15"><span class='ocrx_word' id='word_1_294' title='bbox 406 4023 826 4093; x_wconf 70' lang='lat' dir='ltr'><strong>eptimemerem</strong></span> <span class='ocrx_word' id='word_1_295' title='bbox 884 4026 1014 4079; x_wconf 76' lang='lat' dir='ltr'><strong>cata</strong></span> <span class='ocrx_word' id='word_1_296' title='bbox 1066 4025 1233 4080; x_wconf 70' lang='lat' dir='ltr'><strong>tritos</strong></span> <span class='ocrx_word' id='word_1_297' title='bbox 1286 4023 1546 4079; x_wconf 74' lang='lat' dir='ltr'><strong>trocheon</strong></span> <span class='ocrx_word' id='word_1_298' title='bbox 1597 4021 1822 4077; x_wconf 89' lang='lat' dir='ltr'><strong>buccoli</strong></span> <span class='ocrx_word' id='word_1_299' title='bbox 1873 4022 2169 4090; x_wconf 75' lang='lat' dir='ltr'><strong>ceptomen</strong></span> <span class='ocrx_word' id='word_1_300' title='bbox 2222 4019 2278 4073; x_wconf 98' lang='grc' dir='ltr'><strong><em>Β</em></strong></span> <span class='ocrx_word' id='word_1_301' title='bbox 2423 4026 2454 4075; x_wconf 87' lang='lat'><strong>6</strong></span> <span class='ocrx_word' id='word_1_302' title='bbox 2502 4018 2922 4090; x_wconf 79' lang='lat' dir='ltr'><strong>pentimemeris</strong></span> <span class='ocrx_word' id='word_1_303' title='bbox 2959 4019 3014 4073; x_wconf 95' lang='grc' dir='ltr'><strong><em>Β</em></strong></span> 
     </span>
     <span class='ocr_line' id='line_1_36' title="bbox 477 4098 3014 4175; baseline -0.002 -17"><span class='ocrx_word' id='word_1_304' title='bbox 477 4109 518 4158; x_wconf 73' lang='grc'>8</span> <span class='ocrx_word' id='word_1_305' title='bbox 548 4102 837 4175; x_wconf 75' lang='lat' dir='ltr'><strong>panditur]</strong></span> <span class='ocrx_word' id='word_1_306' title='bbox 888 4103 1044 4173; x_wconf 74' lang='lat' dir='ltr'><strong>Verq.</strong></span> <span class='ocrx_word' id='word_1_307' title='bbox 1072 4104 1209 4160; x_wconf 72' lang='lat' dir='ltr'><strong>Aen.</strong></span> <span class='ocrx_word' id='word_1_308' title='bbox 1246 4106 1309 4159; x_wconf 89' lang='lat' dir='ltr'><strong><em>X</em></strong></span> <span class='ocrx_word' id='word_1_309' title='bbox 1332 4111 1363 4159; x_wconf 92' lang='lat'><strong><em>1</em></strong></span> <span class='ocrx_word' id='word_1_310' title='bbox 1476 4101 1701 4172; x_wconf 89' lang='lat' dir='ltr'><strong>olimpis</strong></span> <span class='ocrx_word' id='word_1_311' title='bbox 1738 4101 1793 4154; x_wconf 96' lang='grc' dir='ltr'><strong><em>Β</em></strong></span> <span class='ocrx_word' id='word_1_312' title='bbox 1904 4106 1935 4154; x_wconf 88' lang='grc'>9</span> <span class='ocrx_word' id='word_1_313' title='bbox 1974 4100 2412 4170; x_wconf 76' lang='lat' dir='ltr'><strong>eptimerimeres</strong></span> <span class='ocrx_word' id='word_1_314' title='bbox 2448 4116 2585 4155; x_wconf 80' lang='lat' dir='ltr'><strong>corr.</strong></span> <span class='ocrx_word' id='word_1_315' title='bbox 2625 4098 3014 4169; x_wconf 74' lang='lat' dir='ltr'><strong>eptemimeres</strong></span> 
     </span>
     <span class='ocr_line' id='line_1_37' title="bbox 407 4180 3011 4255; baseline -0.001 -19"><span class='ocrx_word' id='word_1_316' title='bbox 407 4182 463 4236; x_wconf 98' lang='grc' dir='ltr'><strong><em>Β</em></strong></span> <span class='ocrx_word' id='word_1_317' title='bbox 610 4189 675 4237; x_wconf 90' lang='grc'><strong>10</strong></span> <span class='ocrx_word' id='word_1_318' title='bbox 710 4183 864 4254; x_wconf 87' lang='lat' dir='ltr'><strong>inde]</strong></span> <span class='ocrx_word' id='word_1_319' title='bbox 916 4183 1071 4255; x_wconf 73' lang='lat' dir='ltr'><strong>Very.</strong></span> <span class='ocrx_word' id='word_1_320' title='bbox 1106 4184 1246 4240; x_wconf 71' lang='lat' dir='ltr'><strong>Aen.</strong></span> <span class='ocrx_word' id='word_1_321' title='bbox 1287 4184 1372 4238; x_wconf 95' lang='lat' dir='ltr'><strong>II</strong></span> <span class='ocrx_word' id='word_1_322' title='bbox 1403 4189 1443 4239; x_wconf 82' lang='lat'><em>2</em></span> <span class='ocrx_word' id='word_1_323' title='bbox 1554 4182 1671 4237; x_wconf 74' lang='lat' dir='ltr'><strong>alto</strong></span> <span class='ocrx_word' id='word_1_324' title='bbox 1708 4198 1809 4237; x_wconf 86' lang='lat' dir='ltr'><strong>om.</strong></span> <span class='ocrx_word' id='word_1_325' title='bbox 1847 4181 1904 4235; x_wconf 92' lang='grc' dir='ltr'><strong><em>Β</em></strong></span> <span class='ocrx_word' id='word_1_326' title='bbox 2011 4189 2076 4237; x_wconf 88' lang='grc'><strong>11</strong></span> <span class='ocrx_word' id='word_1_327' title='bbox 2120 4180 2258 4237; x_wconf 81' lang='lat' dir='ltr'><strong>Cato</strong></span> <span class='ocrx_word' id='word_1_328' title='bbox 2295 4181 2403 4237; x_wconf 73' lang='lat' dir='ltr'><strong>tito</strong></span> <span class='ocrx_word' id='word_1_329' title='bbox 2438 4183 2661 4236; x_wconf 67' lang='lat' dir='ltr'><strong>trecens</strong></span> <span class='ocrx_word' id='word_1_330' title='bbox 2695 4180 2752 4234; x_wconf 93' lang='grc' dir='ltr'><strong><em>Β</em></strong></span> <span class='ocrx_word' id='word_1_331' title='bbox 2863 4184 2928 4233; x_wconf 89' lang='grc'><strong>12</strong></span> <span class='ocrx_word' id='word_1_332' title='bbox 2967 4180 3011 4234; x_wconf 88' lang='lat' dir='ltr'><strong>si</strong></span> 
     </span>
     <span class='ocr_line' id='line_1_38' title="bbox 407 4259 3015 4332; baseline -0.002 -14"><span class='ocrx_word' id='word_1_333' title='bbox 407 4262 610 4318; x_wconf 76' lang='lat' dir='ltr'><strong>ultima</strong></span> <span class='ocrx_word' id='word_1_334' title='bbox 659 4264 878 4332; x_wconf 77' lang='lat' dir='ltr'><strong>syllaba</strong></span> <span class='ocrx_word' id='word_1_335' title='bbox 921 4264 1047 4320; x_wconf 89' lang='lat' dir='ltr'><strong>dem</strong></span> <span class='ocrx_word' id='word_1_336' title='bbox 1095 4264 1231 4319; x_wconf 86' lang='lat' dir='ltr'><strong>seris</strong></span> <span class='ocrx_word' id='word_1_337' title='bbox 1266 4264 1322 4317; x_wconf 92' lang='grc' dir='ltr'><strong><em>Β</em></strong></span> <span class='ocrx_word' id='word_1_338' title='bbox 1469 4269 1537 4318; x_wconf 80' lang='grc'><strong>14</strong></span> <span class='ocrx_word' id='word_1_339' title='bbox 1582 4262 1871 4318; x_wconf 82' lang='lat' dir='ltr'><strong>adlabitur</strong></span> <span class='ocrx_word' id='word_1_340' title='bbox 1915 4264 2039 4319; x_wconf 71' lang='lat' dir='ltr'><strong>orat</strong></span> <span class='ocrx_word' id='word_1_341' title='bbox 2084 4264 2144 4318; x_wconf 72' lang='lat' dir='ltr'><strong>ei,</strong></span> <span class='ocrx_word' id='word_1_342' title='bbox 2189 4264 2309 4318; x_wconf 78' lang='lat' dir='ltr'><strong>arte</strong></span> <span class='ocrx_word' id='word_1_343' title='bbox 2352 4261 2541 4318; x_wconf 90' lang='lat' dir='ltr'><strong>bucoli</strong></span> <span class='ocrx_word' id='word_1_344' title='bbox 2590 4276 2696 4315; x_wconf 87' lang='lat' dir='ltr'><strong>con</strong></span> <span class='ocrx_word' id='word_1_345' title='bbox 2739 4259 2805 4313; x_wconf 79' lang='lat' dir='ltr'><strong>fit</strong></span> <span class='ocrx_word' id='word_1_346' title='bbox 2850 4275 2920 4313; x_wconf 90' lang='lat' dir='ltr'><strong>cu</strong></span> <span class='ocrx_word' id='word_1_347' title='bbox 2954 4259 3015 4313; x_wconf 88' lang='lat' dir='ltr'><strong>in</strong></span> 
     </span>
     <span class='ocr_line' id='line_1_39' title="bbox 409 4334 3014 4413; baseline -0.001 -16"><span class='ocrx_word' id='word_1_348' title='bbox 409 4345 610 4412; x_wconf 76' lang='lat' dir='ltr'><strong>quarto</strong></span> <span class='ocrx_word' id='word_1_349' title='bbox 655 4344 727 4401; x_wconf 92' lang='grc' dir='ltr'><strong>Β.</strong></span> <span class='ocrx_word' id='word_1_350' title='bbox 776 4344 1053 4399; x_wconf 75' lang='lat' dir='ltr'><strong>bucolicen</strong></span> <span class='ocrx_word' id='word_1_351' title='bbox 1099 4349 1300 4411; x_wconf 71' lang='lat' dir='ltr'><strong>tomen,</strong></span> <span class='ocrx_word' id='word_1_352' title='bbox 1353 4359 1491 4413; x_wconf 75' lang='lat' dir='ltr'><strong>quae</strong></span> <span class='ocrx_word' id='word_1_353' title='bbox 1544 4358 1718 4411; x_wconf 71' lang='lat' dir='ltr'><strong>supra</strong></span> <span class='ocrx_word' id='word_1_354' title='bbox 1761 4344 1914 4400; x_wconf 78' lang='lat' dir='ltr'><strong>dicta</strong></span> <span class='ocrx_word' id='word_1_355' title='bbox 1959 4347 2060 4412; x_wconf 77' lang='lat' dir='ltr'><strong>eat,</strong></span> <span class='ocrx_word' id='word_1_356' title='bbox 2115 4358 2237 4397; x_wconf 73' lang='lat' dir='ltr'><strong>cum</strong></span> <span class='ocrx_word' id='word_1_357' title='bbox 2282 4350 2509 4397; x_wconf 72' lang='lat' dir='ltr'><strong>caesura</strong></span> <span class='ocrx_word' id='word_1_358' title='bbox 2554 4334 2700 4394; x_wconf 75' lang='grc' dir='ltr'><strong>κατὰ</strong></span> <span class='ocrx_word' id='word_1_359' title='bbox 2745 4336 3014 4408; x_wconf 75' lang='grc' dir='ltr'><strong><em>τέταρτον</em></strong></span> 
     </span>
     <span class='ocr_line' id='line_1_40' title="bbox 408 4420 3012 4494; baseline -0.002 -17"><span class='ocrx_word' id='word_1_360' title='bbox 408 4428 670 4492; x_wconf 68' lang='grc' dir='ltr'><strong>τροχαῖον</strong></span> <span class='ocrx_word' id='word_1_361' title='bbox 724 4425 808 4480; x_wconf 77' lang='lat' dir='ltr'><strong>ita</strong></span> <span class='ocrx_word' id='word_1_362' title='bbox 862 4424 1118 4491; x_wconf 75' lang='lat' dir='ltr'><strong>confudit</strong></span> <span class='ocrx_word' id='word_1_363' title='bbox 1168 4424 1586 4494; x_wconf 69' lang='lat' dir='ltr'><strong>yrammaticuS,</strong></span> <span class='ocrx_word' id='word_1_364' title='bbox 1650 4428 1713 4478; x_wconf 79' lang='lat' dir='ltr'><strong>ut</strong></span> <span class='ocrx_word' id='word_1_365' title='bbox 1774 4425 1920 4480; x_wconf 77' lang='lat' dir='ltr'><strong>hanc</strong></span> <span class='ocrx_word' id='word_1_366' title='bbox 1973 4427 2204 4479; x_wconf 67' lang='lat' dir='ltr'><strong>marten</strong></span> <span class='ocrx_word' id='word_1_367' title='bbox 2260 4423 2537 4477; x_wconf 73' lang='lat' dir='ltr'><strong>bucolicen</strong></span> <span class='ocrx_word' id='word_1_368' title='bbox 2589 4420 2789 4475; x_wconf 76' lang='lat' dir='ltr'><strong>diceret</strong></span> <span class='ocrx_word' id='word_1_369' title='bbox 2949 4425 3012 4474; x_wconf 79' lang='lat'><strong>15</strong></span> 
     </span>
     <span class='ocr_line' id='line_1_41' title="bbox 409 4498 3016 4575; baseline -0.001 -19"><span class='ocrx_word' id='word_1_370' title='bbox 409 4503 664 4572; x_wconf 86' lang='lat' dir='ltr'><strong>exemplo</strong></span> <span class='ocrx_word' id='word_1_371' title='bbox 691 4504 750 4558; x_wconf 94' lang='grc' dir='ltr'><strong><em>Β</em></strong></span> <span class='ocrx_word' id='word_1_372' title='bbox 860 4510 926 4559; x_wconf 82' lang='grc'><strong>16</strong></span> <span class='ocrx_word' id='word_1_373' title='bbox 964 4520 1108 4573; x_wconf 85' lang='lat' dir='ltr'><strong>quae</strong></span> <span class='ocrx_word' id='word_1_374' title='bbox 1145 4503 1282 4575; x_wconf 84' lang='lat' dir='ltr'><strong>pax]</strong></span> <span class='ocrx_word' id='word_1_375' title='bbox 1326 4502 1537 4558; x_wconf 78' lang='lat' dir='ltr'><strong>Terent.</strong></span> <span class='ocrx_word' id='word_1_376' title='bbox 1571 4504 1765 4559; x_wconf 76' lang='lat' dir='ltr'><strong>Maur.</strong></span> <span class='ocrx_word' id='word_1_377' title='bbox 1795 4509 1938 4560; x_wconf 83' lang='lat'><em>1701</em></span> <span class='ocrx_word' id='word_1_378' title='bbox 1971 4546 1984 4558; x_wconf 91' lang='lat'><strong>.</strong></span> <span class='ocrx_word' id='word_1_379' title='bbox 2013 4503 2192 4557; x_wconf 79' lang='lat' dir='ltr'><strong>eodem</strong></span> <span class='ocrx_word' id='word_1_380' title='bbox 2227 4502 2465 4571; x_wconf 64' lang='lat' dir='ltr'><strong>exemplo</strong></span> <span class='ocrx_word' id='word_1_381' title='bbox 2500 4501 2592 4555; x_wconf 72' lang='lat' dir='ltr'><strong>usi</strong></span> <span class='ocrx_word' id='word_1_382' title='bbox 2625 4504 2758 4553; x_wconf 70' lang='lat' dir='ltr'><strong>sunt</strong></span> <span class='ocrx_word' id='word_1_383' title='bbox 2785 4498 3016 4554; x_wconf 75' lang='lat' dir='ltr'><strong>Mariua</strong></span> 
     </span>
     <span class='ocr_line' id='line_1_42' title="bbox 419 4577 3011 4654; baseline -0.002 -15"><span class='ocrx_word' id='word_1_384' title='bbox 419 4585 735 4639; x_wconf 75' lang='lat' dir='ltr'><strong>Victorinus</strong></span> <span class='ocrx_word' id='word_1_385' title='bbox 772 4600 832 4653; x_wconf 79' lang='lat' dir='ltr'><strong>p.</strong></span> <span class='ocrx_word' id='word_1_386' title='bbox 874 4587 964 4649; x_wconf 86' lang='lat'><strong>65,</strong></span> <span class='ocrx_word' id='word_1_387' title='bbox 1001 4587 1080 4638; x_wconf 81' lang='lat'><strong>25</strong></span> <span class='ocrx_word' id='word_1_388' title='bbox 1115 4588 1166 4638; x_wconf 79' lang='lat' dir='ltr'><strong>et</strong></span> <span class='ocrx_word' id='word_1_389' title='bbox 1200 4583 1491 4639; x_wconf 77' lang='lat' dir='ltr'><strong>Diomedes</strong></span> <span class='ocrx_word' id='word_1_390' title='bbox 1534 4602 1594 4654; x_wconf 81' lang='lat' dir='ltr'><strong>p.</strong></span> <span class='ocrx_word' id='word_1_391' title='bbox 1634 4588 1824 4652; x_wconf 80' lang='lat'><strong><em>498,6</em></strong></span> <span class='ocrx_word' id='word_1_392' title='bbox 1968 4599 2127 4639; x_wconf 84' lang='lat' dir='ltr'><strong>arma</strong></span> <span class='ocrx_word' id='word_1_393' title='bbox 2170 4580 2321 4636; x_wconf 86' lang='lat' dir='ltr'><strong>bona</strong></span> <span class='ocrx_word' id='word_1_394' title='bbox 2367 4580 2709 4650; x_wconf 78' lang='lat' dir='ltr'><strong>reparabunt</strong></span> <span class='ocrx_word' id='word_1_395' title='bbox 2743 4577 2800 4631; x_wconf 94' lang='grc' dir='ltr'><strong><em>Β</em></strong></span> <span class='ocrx_word' id='word_1_396' title='bbox 2946 4584 3011 4634; x_wconf 82' lang='grc'><strong>17</strong></span> 
     </span>
     <span class='ocr_line' id='line_1_43' title="bbox 409 4659 3017 4735; baseline 0 -18"><span class='ocrx_word' id='word_1_397' title='bbox 409 4662 611 4735; x_wconf 86' lang='lat' dir='ltr'><strong>sinum]</strong></span> <span class='ocrx_word' id='word_1_398' title='bbox 671 4663 826 4734; x_wconf 73' lang='lat' dir='ltr'><strong>Verq.</strong></span> <span class='ocrx_word' id='word_1_399' title='bbox 878 4665 1049 4719; x_wconf 78' lang='lat' dir='ltr'><strong>bucol.</strong></span> <span class='ocrx_word' id='word_1_400' title='bbox 1106 4669 1158 4734; x_wconf 85' lang='lat'><strong>7,</strong></span> <span class='ocrx_word' id='word_1_401' title='bbox 1196 4670 1268 4720; x_wconf 89' lang='lat'><strong>33</strong></span> <span class='ocrx_word' id='word_1_402' title='bbox 1411 4665 1469 4718; x_wconf 61' lang='lat' dir='ltr'><strong>iae</strong></span> <span class='ocrx_word' id='word_1_403' title='bbox 1519 4680 1619 4718; x_wconf 85' lang='lat' dir='ltr'><strong>om.</strong></span> <span class='ocrx_word' id='word_1_404' title='bbox 1667 4663 1724 4717; x_wconf 94' lang='grc' dir='ltr'><strong><em>Β</em></strong></span> <span class='ocrx_word' id='word_1_405' title='bbox 1869 4663 2193 4735; x_wconf 72' lang='lat' dir='ltr'><strong>quotannis]</strong></span> <span class='ocrx_word' id='word_1_406' title='bbox 2243 4659 2472 4717; x_wconf 85' lang='lat' dir='ltr'><strong>coannis</strong></span> <span class='ocrx_word' id='word_1_407' title='bbox 2518 4659 2574 4713; x_wconf 98' lang='grc' dir='ltr'><strong><em>Β</em></strong></span> <span class='ocrx_word' id='word_1_408' title='bbox 2720 4666 2787 4714; x_wconf 86' lang='grc'><strong>19</strong></span> <span class='ocrx_word' id='word_1_409' title='bbox 2824 4659 2884 4715; x_wconf 90' lang='lat' dir='ltr'><strong>id</strong></span> <span class='ocrx_word' id='word_1_410' title='bbox 2930 4664 3017 4717; x_wconf 72' lang='lat' dir='ltr'><strong>est</strong></span> 
     </span>
     <span class='ocr_line' id='line_1_44' title="bbox 409 4738 3013 4816; baseline -0.001 -16"><span class='ocrx_word' id='word_1_411' title='bbox 409 4743 671 4800; x_wconf 78' lang='lat' dir='ltr'><strong>catelexis</strong></span> <span class='ocrx_word' id='word_1_412' title='bbox 723 4744 1165 4816; x_wconf 69' lang='lat' dir='ltr'><strong>peracautalexis</strong></span> <span class='ocrx_word' id='word_1_413' title='bbox 1218 4743 1646 4800; x_wconf 75' lang='lat' dir='ltr'><strong>bracicatalexis</strong></span> <span class='ocrx_word' id='word_1_414' title='bbox 1700 4743 2069 4814; x_wconf 79' lang='lat' dir='ltr'><strong>pereatalexis</strong></span> <span class='ocrx_word' id='word_1_415' title='bbox 2122 4743 2340 4797; x_wconf 87' lang='lat' dir='ltr'><strong>horum·</strong></span> <span class='ocrx_word' id='word_1_416' title='bbox 2376 4739 2521 4815; x_wconf 80' lang='lat' dir='ltr'><strong>ratio</strong></span> <span class='ocrx_word' id='word_1_417' title='bbox 2574 4738 2707 4794; x_wconf 74' lang='lat' dir='ltr'><strong>talis</strong></span> <span class='ocrx_word' id='word_1_418' title='bbox 2756 4744 2842 4797; x_wconf 74' lang='lat' dir='ltr'><strong>est</strong></span> <span class='ocrx_word' id='word_1_419' title='bbox 2887 4760 3013 4798; x_wconf 88' lang='lat' dir='ltr'><strong>cum</strong></span> 
     </span>
     <span class='ocr_line' id='line_1_45' title="bbox 408 4819 3012 4896; baseline -0 -17"><span class='ocrx_word' id='word_1_420' title='bbox 408 4841 598 4880; x_wconf 80' lang='lat' dir='ltr'><strong>uersus</strong></span> <span class='ocrx_word' id='word_1_421' title='bbox 642 4825 897 4896; x_wconf 70' lang='lat' dir='ltr'><strong>legitimo</strong></span> <span class='ocrx_word' id='word_1_422' title='bbox 942 4825 1111 4881; x_wconf 88' lang='lat' dir='ltr'><strong>finem</strong></span> <span class='ocrx_word' id='word_1_423' title='bbox 1146 4825 1202 4879; x_wconf 98' lang='grc' dir='ltr'><strong><em>Β</em></strong></span> <span class='ocrx_word' id='word_1_424' title='bbox 1345 4831 1409 4880; x_wconf 86' lang='grc'><strong>21</strong></span> <span class='ocrx_word' id='word_1_425' title='bbox 1449 4823 1784 4880; x_wconf 71' lang='lat' dir='ltr'><strong>terminatur</strong></span> <span class='ocrx_word' id='word_1_426' title='bbox 1833 4822 1907 4879; x_wconf 84' lang='lat' dir='ltr'><strong>ad</strong></span> <span class='ocrx_word' id='word_1_427' title='bbox 1953 4820 2222 4878; x_wconf 72' lang='lat' dir='ltr'><strong>catalexis</strong></span> <span class='ocrx_word' id='word_1_428' title='bbox 2269 4822 2356 4876; x_wconf 73' lang='lat' dir='ltr'><strong>est</strong></span> <span class='ocrx_word' id='word_1_429' title='bbox 2387 4819 2443 4873; x_wconf 92' lang='grc' dir='ltr'><strong><em>Β</em></strong></span> <span class='ocrx_word' id='word_1_430' title='bbox 2588 4826 2656 4874; x_wconf 87' lang='grc'><strong>22</strong></span> <span class='ocrx_word' id='word_1_431' title='bbox 2695 4837 2824 4877; x_wconf 90' lang='lat' dir='ltr'><strong>cum</strong></span> <span class='ocrx_word' id='word_1_432' title='bbox 2870 4822 3012 4893; x_wconf 88' lang='lat' dir='ltr'><strong>pede</strong></span> 
     </span>
     <span class='ocr_line' id='line_1_46' title="bbox 408 4901 2224 4975; baseline -0.004 -15"><span class='ocrx_word' id='word_1_433' title='bbox 408 4904 676 4960; x_wconf 76' lang='lat' dir='ltr'><strong>terminus</strong></span> <span class='ocrx_word' id='word_1_434' title='bbox 712 4903 886 4960; x_wconf 77' lang='lat' dir='ltr'><strong>habet</strong></span> <span class='ocrx_word' id='word_1_435' title='bbox 918 4904 974 4958; x_wconf 91' lang='lat' dir='ltr'><strong><em>B</em></strong></span> <span class='ocrx_word' id='word_1_436' title='bbox 1118 4910 1186 4960; x_wconf 83' lang='grc'><strong>27</strong></span> <span class='ocrx_word' id='word_1_437' title='bbox 1225 4906 1357 4960; x_wconf 73' lang='lat' dir='ltr'><strong>sunt</strong></span> <span class='ocrx_word' id='word_1_438' title='bbox 1381 4909 1511 4975; x_wconf 78' lang='lat' dir='ltr'><strong>post</strong></span> <span class='ocrx_word' id='word_1_439' title='bbox 1546 4919 1690 4974; x_wconf 85' lang='lat' dir='ltr'><strong>quae</strong></span> <span class='ocrx_word' id='word_1_440' title='bbox 1727 4918 1831 4958; x_wconf 86' lang='lat' dir='ltr'><strong>om.</strong></span> <span class='ocrx_word' id='word_1_441' title='bbox 1864 4903 1940 4971; x_wconf 88' lang='lat' dir='ltr'><strong>B,</strong></span> <span class='ocrx_word' id='word_1_442' title='bbox 1977 4903 2104 4959; x_wconf 80' lang='lat' dir='ltr'><strong>add.</strong></span> <span class='ocrx_word' id='word_1_443' title='bbox 2146 4901 2224 4954; x_wconf 81' lang='lat' dir='ltr'><strong><em>M</em></strong></span> 
     </span>
    </p>
   </div>
   <div class='ocr_carea' id='block_1_9' title="bbox 3607 4530 3612 5291">
    <p class='ocr_par' dir='ltr' id='par_1_9' title="bbox 3607 4530 3612 5291">
     <span class='ocr_line' id='line_1_47' title="bbox 3607 4530 3612 5291; baseline 0 0"><span class='ocrx_word' id='word_1_444' title='bbox 3607 4530 3612 5291; x_wconf 95' lang='lat' dir='ltr'><strong> </strong></span> 
     </span>
    </p>
   </div>
  </div>
 </body>
</html>
