3613 5528
1299 407 1396 462 DE
1437 406 2017 464 ORTHOGRAPHIA
2881 409 2967 474 41

355 594 594 678 largyrii
640 595 1131 656 commentarium
1176 596 1238 655 in
1264 592 1518 673 ‚Vergilii
1562 592 1831 655 bucolica
1878 602 1938 655 et
1983 595 2257 673 georgica
2296 613 2433 656 eum
2471 613 2544 656 ex
2593 613 2702 656 suo
2749 596 2971 678 codice,

358 706 459 783 qui
505 721 664 763 nunc
713 711 806 763 est
842 700 1156 762 Vaticanus
1202 698 1395 782 3402,
1440 702 1660 762 Romae
1707 720 1756 762 a.
1810 697 1977 764 1587
2027 701 2226 763 edidit.
2241 696 2309 785 ³¹⁵)
2384 702 2457 764 de
2496 721 2675 782 opera
2713 704 2774 764 in
2803 702 2966 765 Velio

356 810 557 890 Longo
606 807 891 870 collocata
935 808 1081 869 haec
1128 807 1353 890 scribit,
1398 810 1655 889 primum
1702 810 1766 868 in
1815 807 2065 888 epistula
2101 808 2173 870 ad
2211 808 2581 870 Cardinalem
2629 808 2968 892 Carrass'am,

358 914 457 978 ‘Et
502 935 640 978 cum
687 918 879 977 omnis
924 915 1092 977 locus
1139 914 1384 1003 edendis
1430 917 1531 997 iis,
1578 934 1729 994 quae
1777 915 2060 976 studiosis
2105 915 2392 995 prodesse
2438 924 2709 997 possunt,
2755 935 2968 996 oppor-

360 1034 539 1087 tunus
584 1022 900 1105 habeatur,
954 1022 1337 1084 inserendum
1394 1025 1571 1084 etiam
1618 1022 1760 1083 duxi
1806 1022 2202 1102 fragmentum
2251 1021 2546 1102 quoddam
2593 1021 2739 1083 Velii
2784 1021 2973 1103 Longi

357 1132 429 1191 de
478 1130 932 1212 orthographia,
976 1129 1208 1191 mendis
1254 1148 1287 1190 a
1334 1148 1428 1190 me
1479 1148 1655 1210 quam
1700 1130 1975 1210 plurimis
2022 1137 2443 1210 expurgatum:
2487 1128 2670 1190 habet
2715 1131 2874 1190 enim
2918 1131 2971 1189 is

358 1239 508 1300 liber
554 1238 792 1319 multos,
838 1245 899 1299 et
944 1236 1184 1316 quidem
1221 1238 1454 1298 erudite
1503 1239 1758 1317 scriptos
1803 1235 1985 1318 locoS,
2033 1237 2136 1316 qui
2184 1255 2305 1297 non
2339 1252 2553 1315 parum
2591 1236 2663 1296 ad
2701 1243 2969 1296 veterum

361 1348 739 1426 scriptorum,
785 1352 846 1405 et
891 1347 1075 1406 totius
1112 1342 1409 1405 Romanae
1457 1346 1825 1425 antiquitatis
1870 1342 2320 1423 intelligentiam
2367 1344 2643 1404 conferre
2689 1338 2972 1425 possint'3

359 1453 572 1514 deinde
627 1454 689 1512 in
750 1451 1115 1531 praefatione
1181 1449 1252 1510 ad
1319 1451 1630 1535 lectorem,
1698 1447 1895 1523 ‘Quae
1951 1469 2092 1512 vero
2156 1448 2453 1511 habentur
2515 1452 2577 1511 in
2642 1451 2974 1530 fragmento

360 1558 505 1620 Velii
558 1558 747 1638 Longi
785 1557 876 1625 ,de
932 1558 1377 1640 orthographia,
1433 1577 1562 1642 eaS‚
1627 1561 1765 1639 quia
1824 1562 1905 1620 ita
1961 1567 2102 1620 sunt
2155 1576 2188 1618 a
2244 1556 2415 1619 nobis
2471 1565 2973 1638 repraesentatae,

361 1666 654 1747 quomodo
699 1668 763 1727 in
810 1666 1144 1745 archetypis
1192 1665 1625 1745 exemplaribus
1680 1668 2090 1747 reperiuntur,
2146 1655 2469 1745 unicuique
2516 1663 2808 1725 arbitratu
2872 1682 2982 1725 suo

361 1773 836 1861 interpretandas
883 1772 1290 1852 relinquimus
1384 1773 1538 1834 Sunt
1584 1782 1781 1834 autem
1829 1772 2144 1835 nonnullae
2193 1791 2264 1833 ex
2311 1774 2384 1832 iis
2431 1770 2788 1853 mendosae,¹
2866 1790 2981 1832 nec

362 1882 520 1941 enim
565 1880 695 1940 fleri
739 1880 950 1961 potuit,
997 1881 1141 1958 quin
1191 1898 1263 1940 ex
1309 1881 1556 1940 infinitis
1602 1898 1787 1960 prope
1837 1880 2069 1941 mendis
2112 1898 2223 1959 per
2269 1898 2378 1940 nos
2423 1881 2485 1939 in
2532 1897 2603 1940 eo
2643 1877 2977 1956 fragmento

361 1985 628 2068 sublatis,
674 1985 869 2065 aliqua
915 1988 1329 2068 remanserint,
1378 1987 1756 2067 expurganda
1801 1985 1875 2047 ab
1923 1986 2072 2068 aliis,
2119 1988 2222 2065 qui
2268 1994 2371 2048 aut
2416 1985 2694 2047 meliores
2741 1984 2977 2045 codices

361 2095 543 2175 nacti,
599 2101 703 2153 aut
757 2095 1021 2154 acutiore
1077 2094 1315 2172 ingenio
1360 2094 1613 2173 praediti
1660 2088 1889 2155 erunt'.
1975 2093 2077 2154 sed
2138 2080 2404 2173 quamvis
2449 2091 2700 2153 Vrsinus
2747 2091 2976 2152 mendis

338 2217 536 2289 'quam
578 2199 854 2279 plurimis
900 2217 932 2258 a
979 2217 1043 2259 se
1091 2207 1481 2278 expurgatum
1539 2218 1670 2261 esse
1730 2199 1949 2261 librum
2004 2200 2333 2281 praedicet,
2388 2190 2590 2260 tamen
2642 2198 2715 2259 ad
2777 2217 2974 2265 emen·

336 2306 662 2367 ‘dationem
718 2323 837 2366 non
894 2307 974 2367 ita
1031 2305 1284 2367 multum
1331 2307 1585 2368 contulit
1632 2315 1691 2368 et
1738 2324 1812 2367 ne
1862 2306 2127 2368 codicem
2174 2307 2415 2387 quidem
2462 2325 2640 2368 manu
2688 2308 2978 2387 scripturn

366 2415 507 2473 satis
568 2418 843 2472 accurate
914 2414 1225 2491 expressit.
1322 2431 1458 2473 nam
1519 2432 1693 2493 saepe
1763 2423 2105 2494 corruptam
2175 2413 2333 2476 illius
2398 2415 2716 2475 lectionem
2780 2413 2978 2474 verbis

365 2519 600 2579 omissis
639 2518 731 2578 vel
765 2517 1176 2597 neglegentius
1214 2522 1531 2601 exscriptis
1570 2523 1745 2582 etiam
1782 2523 1970 2601 magis
2008 2522 2277 2601 corrupit
2316 2521 2406 2581 vel
2442 2528 2668 2582 temere
2711 2524 2974 2584 mutavit.

367 2625 812 2686 emendationes
863 2634 1056 2687 tamen
1100 2616 1264 2706 'quas
1324 2628 1385 2688 in
1445 2627 1811 2706 marginibus
1873 2627 2093 2690 codicis
2153 2627 2489 2708 adscriptas
2551 2630 2801 2710 invenit,
2867 2630 2980 2689 nisi

364 2735 562 2812 potius
618 2734 745 2813 ipse
799 2731 1220 2815 adscripserat,
1276 2734 1401 2794 fere
1449 2752 1656 2795 omnes
1703 2737 1763 2796 in
1812 2742 2040 2796 textum
2089 2736 2314 2815 recepit
2361 2743 2422 2796 et
2468 2753 2646 2796 novas
2694 2735 2978 2815 quasdam

364 2839 600 2901 addidit.
683 2847 992 2919 praeterea
1038 2842 1099 2901 in
1147 2843 1387 2922 erratiS,
1443 2861 1592 2922 quae
1638 2844 1699 2903 in
1760 2843 1877 2903 fine
1934 2841 2070 2903 libri
2128 2850 2326 2903 notata
2384 2850 2548 2924 sunt,
2610 2861 2742 2903 non·
2787 2842 2978 2904 solum

366 2965 482 3008 non
537 2946 733 3008 nullos
779 2946 1281 3027 typographorum
1328 2966 1566 3010 errores
1614 2951 1902 3027 correxit,
1965 2948 2070 3009 sed
2117 2951 2294 3010 etiam
2339 2967 2559 3029 paucas
2604 2953 2978 3011 coniecturas

366 3051 646 3114 exhibuit.
720 3052 917 3114 Vrsini
963 3053 1282 3115 editionem
1329 3054 1563 3116 duobus
1600 3059 1770 3117 annis
1806 3063 1943 3135 post
1980 3054 2457 3135 Hieronymus
2494 3055 2585 3116 Co
2601 3055 2978 3118 mmelinus

364 3161 639 3239 repetivit
684 3163 743 3220 in
792 3159 1116 3240 appendice
1163 3161 1440 3222 editionis
1476 3161 1718 3241 Vergilii
1762 3162 2186 3242 Heidelbergae
2234 3180 2286 3222 a:
2327 3158 2498 3224 1589
2546 3163 2749 3223 sactae.
2827 3182 2977 3242 quae

364 3267 654 3347 appendix
700 3266 912 3328 deinde
961 3269 1136 3328 etiam
1184 3286 1321 3328 cum
1367 3286 1513 3328 nova
1563 3268 1822 3329 editione
1871 3268 2107 3348 Vergilii
2153 3268 2640 3348 Heidelbergensi
2688 3287 2734 3328 a.
2781 3264 2973 3352 1599,

368 3391 486 3433 non
532 3381 757 3435 mutato
805 3380 1002 3434 tamen
1042 3392 1195 3434 anno
1236 3374 1528 3456 editioniS‚
1575 3374 1771 3436 denuo
1818 3378 2136 3437 coniuncta
2182 3384 2290 3438 est.
2367 3393 2502 3437 nam
2541 3377 2820 3454 quoniam
2855 3395 2973 3437 una

367 3497 504 3540 cum
539 3480 891 3562 Philargyrii
937 3482 1359 3542 commentario
1406 3480 1593 3561 Longi
1638 3481 1790 3543 liber
1835 3484 2096 3562 primum
2140 3483 2337 3545 editus
2374 3491 2520 3564 erat,
2554 3482 2702 3543 haec
2740 3481 2976 3543 videtur

366 3605 546 3647 causa
604 3588 815 3670 fuisse,
870 3607 980 3649 cur
1033 3595 1239 3668 postea
1297 3607 1433 3649 cum
1488 3589 1601 3649 hoc
1649 3597 2041 3670 repeteretur.
2129 3592 2192 3651 in
2247 3588 2734 3669 Heidelbergensi
2793 3590 2976 3669 igitur

366 3692 635 3772 exemplo
690 3691 866 3755 lectio
922 3696 1209 3774 principis
1267 3695 1543 3756 editionis
1598 3697 1678 3756 ita
1734 3715 2015 3776 expressa
2078 3705 2194 3779 est,
2249 3706 2316 3759 ut
2379 3705 2616 3777 praeter
2674 3697 2859 3776 pauca
2921 3703 2982 3756 et

367 3800 673 3861 manifesta
729 3804 898 3883 vitia,
952 3819 1208 3880 quorum
1262 3820 1401 3881 pars
1458 3802 1529 3862 ab
1584 3805 1713 3882 ipso
1772 3802 1984 3864 Vrsino
2040 3806 2102 3864 in
2156 3805 2525 3884 corrigendis
2580 3811 2780 3864 notata
2838 3812 2980 3877 erat,

367 3906 515 3968 nihil
572 3911 813 3969 omnino
878 3915 1227 3970 mutaretur.
1324 3910 1429 3970 sed
1490 3909 1702 3971 additis
1763 3912 1842 3980 in„
1881 3911 1997 3972 fine
2065 3910 2550 3991 castigationibus
2609 3929 2729 3972 non
2787 3909 2980 3971 nullae

374 4013 815 4075 emendationes
870 4022 931 4077 et
973 4017 1164 4095 ipsius
1211 4013 1458 4076 editoris
1513 4025 1573 4078 et
1627 4015 1929 4078 Francisci
1984 4017 2140 4078 Iunii
2193 4019 2532 4097 propositae
2580 4024 2737 4078 sunt.
2827 4016 2979 4077 hanc

364 4118 685 4181 editionem
739 4121 953 4183 deinde
1006 4120 1399 4183 Putschius
1458 4127 1767 4203 expressit.
1865 4141 1984 4203 quo
2053 4124 2273 4184 factum
2331 4132 2425 4184 est
2486 4131 2554 4184 ut
2618 4122 2774 4202 apud
2837 4140 2975 4182 eum

370 4226 577 4288 eodem
624 4228 749 4288 sere
797 4228 970 4289 modo
1017 4228 1195 4290 verba
1242 4223 1608 4308 grammatici
1654 4229 1945 4310 legantur,
1992 4249 2110 4309 quo
2156 4232 2416 4311 primum
2462 4231 2533 4291 ab
2571 4229 2783 4291 Vrsino
2824 4226 2979 4289 edita

553 4469 603 4540 ⁸¹)
640 4471 925 4527 Romanae
964 4471 1227 4528 editionis
1262 4472 1461 4527 titulus
1499 4472 1593 4528 hic
1630 4476 1744 4529 est:
1800 4474 1984 4528 Notae
2021 4474 2094 4528 ad
2131 4473 2205 4527 M.
2247 4472 2517 4529 Catonem
2553 4473 2628 4528 M.
2676 4471 2983 4526 Varronem

374 4553 435 4607 1..
487 4549 849 4606 Columellam
910 4552 979 4607 de
1030 4570 1089 4607 re
1144 4553 1367 4607 rustica.
1442 4553 1528 4607 Ad
1574 4553 1808 4607 Kalend.
1855 4552 2149 4608 Rusticum
2202 4552 2603 4608 Farnesianum
2658 4555 2717 4608 et
2764 4556 2982 4609 veteres

374 4630 761 4700 inscriptiones
807 4632 1065 4687 Fratrum
1110 4630 1419 4687 Arualium.
1496 4632 1683 4687 Iunius
1729 4632 2116 4703 Philargyrius
2166 4632 2226 4687 in
2279 4632 2545 4687 Bucolica
2599 4633 2659 4687 ei:
2709 4631 2984 4704 Georgica.

376 4707 614 4779 Virgilii.
689 4711 872 4766 Notae
919 4712 992 4766 ad
1031 4711 1287 4766 Seruium
1332 4709 1392 4764 in
1437 4710 1628 4766 Bucol.
1677 4712 1879 4785 Georg.
1927 4717 1986 4768 et
2024 4710 2252 4766 Aeneid.
2293 4710 2446 4782 Virg.
2512 4710 2705 4766 Velius
2755 4711 2982 4783 Longus

379 4789 447 4843 de
496 4790 910 4860 orthographia..
983 4790 1069 4844 Ex
1114 4789 1467 4845 Bibliotheca
1520 4791 1708 4847 Fuluii
1761 4793 1948 4848 Ursini
1995 4793 2206 4847 Romae
2251 4789 2312 4844 in
2357 4790 2537 4845 aedib.
2592 4789 2646 4847 S.
2694 4791 2755 4846 P.
2813 4791 2878 4860 Q.
2915 4794 2981 4851 R.

378 4867 806 4924 MDLXXXVII.
872 4869 1039 4939 Apud
1076 4870 1379 4941 Georgium
1413 4870 1747 4926 Ferrarium.
