3613 5528
1452 426 2033 484 ORTHOGRAPHIA
2563 472 2582 490 .
2915 422 3046 489 305

432 544 476 583 p.
506 531 624 574 asso.
652 533 707 573 40
733 531 782 572 P.
2571 514 2586 532 ⁹

432 617 718 699 bendum,
772 617 832 678 id
887 622 982 676 est
1034 622 1468 693 argumentum.
1558 613 1775 695 Macte,
1831 613 1891 674 id
1948 619 2040 673 est
2095 612 2279 689 magis
2327 619 2515 673 aucte.
2607 611 2825 693 Mollis,
2874 613 2925 672 si
2972 610 3045 671 ad

433 715 763 795 mollitiem,
809 732 918 794 per
964 712 1082 774 duo
1130 711 1173 793 13
1227 710 1438 792 moles,
1487 713 1538 771 si
1585 711 1658 772 ad
1703 711 1968 792 ponduS,
2013 728 2122 790 per
2160 727 2346 770 unum
2388 709 2408 770 l
2454 709 2766 771 scribatur.
2841 709 3045 769 Manes

432 813 515 874 dii
569 798 888 874 infernales
900 861 919 893 ,
975 829 1145 872 mane
1201 812 1328 871 sine
1377 828 1406 870 s
1462 809 1580 871 diei
1633 811 1888 871 initium.
1978 808 2386 887 Marsuppium
2441 826 2549 888 per
2610 809 2728 870 duo
2775 827 2831 887 p.
2922 807 3047 888 Mas

433 913 822 992 primitivum,
871 908 1167 971 masculus
1214 908 1645 968 diminutivum.
1733 906 2040 968 Machaera
2088 924 2196 984 per
2243 924 2275 966 c
2323 913 2384 967 et
2429 906 2496 987 h,
2544 906 2603 966 id
2651 915 2743 967 est
2787 905 3047 985 gladius3

352 1020 379 1060 ⁵
434 1011 713 1090 maceria,
759 1008 816 1069 id
866 1016 959 1069 est
1006 1024 1241 1087 muruS,
1286 1023 1396 1085 per
1442 1004 1771 1085 simplicem
1819 1024 1852 1066 e
1900 1003 2285 1066 scribendum
2330 1013 2438 1065 est.
2517 1004 2725 1065 Menda
2773 1003 3046 1082 deceptio

355 1113 366 1122 “
432 1107 520 1168 vel
579 1107 770 1188 srauS,
826 1105 964 1166 inde
1012 1103 1262 1165 mendax
1313 1112 1373 1164 et
1426 1089 1564 1163 i‘hde
1614 1102 2003 1164 mendacium.
2094 1101 2396 1164 Metallum
2443 1121 2551 1182 per
2598 1103 2715 1164 duo
2763 1102 2798 1163 l.
2890 1101 3046 1162 Mars

433 1214 493 1266 et
547 1204 779 1265 Mavors
841 1220 1029 1265 unum
1088 1212 1215 1284 est,
1276 1202 1433 1263 unde
1496 1210 1557 1262 et
1608 1201 1890 1263 Mavortia
1952 1199 2189 1280 quidam
2250 1200 2367 1262 dici
2428 1201 2650 1263 volunt.
2741 1201 3046 1261 Manuviae

432 1301 713 1363 oblivium
770 1300 1056 1362 diluvium
1113 1300 1381 1360 suavium
1449 1298 1665 1359 lividus
1720 1298 1935 1360 Favius
1990 1298 2225 1360 Flavius
2290 1298 2495 1361 avidus
2559 1299 2775 1359 fluvius
2842 1300 3046 1359 civitas

433 1402 675 1462 exuviae
732 1419 841 1480 per
887 1418 920 1459 v
967 1404 1393 1459 consonantem
1449 1406 1511 1457 et
1556 1399 1576 1458 i
1630 1396 1874 1457 brevem
1920 1397 2328 1476 proferuntur.
2419 1397 2649 1459 Mulceo
2696 1407 2758 1459 et
2813 1396 3046 1475 mulgeo

353 1512 405 1550 10
432 1500 494 1559 in
532 1517 719 1561 unum
766 1497 1099 1578 perfectum
1138 1496 1385 1556 veniunt
1422 1493 1614 1555 mulsi.
1688 1494 2021 1556 Matthaeus
2059 1502 2119 1556 et
2155 1494 2429 1556 Matthias
2476 1514 2584 1577 per
2633 1495 2752 1557 duo
2792 1503 2842 1577 t,
2889 1494 3048 1574 quod

434 1595 643 1658 Graeci
697 1615 807 1676 per
860 1607 915 1655 τ’
954 1604 1015 1655 et
1066 1595 1120 1655 θ
1175 1590 1463 1653 scribunt.
1555 1590 1733 1674 Malo,
1788 1592 1846 1659 id
1905 1600 1998 1653 est
2053 1594 2238 1672 magis
2293 1592 2453 1675 volo,
2509 1602 2569 1654 et
2625 1593 2786 1675 nolo,
2841 1592 2901 1653 id
2957 1600 3050 1652 est

433 1694 669 1776 nevolo,
714 1713 823 1774 per
868 1711 1055 1755 unum
1101 1692 1147 1772 13
1205 1689 1376 1751 malle
1423 1698 1483 1749 et
1528 1688 1675 1749 velle
1724 1697 1785 1749 et
1831 1688 1985 1750 nolle
2043 1707 2152 1769 per
2198 1687 2317 1750 duo
2361 1690 2397 1753 Ι.
2471 1690 2683 1752 Mando
2730 1689 2972 1751 mandas
3018 1707 3049 1749 a

434 1791 781 1874 mandando,
810 1790 1023 1851 mando
1054 1788 1282 1850 mandis
1310 1806 1343 1848 a
1373 1786 1798 1848 manducando.
1857 1787 2026 1849 Mitto
2055 1806 2165 1867 per
2193 1788 2311 1848 duo
2340 1796 2391 1870 t,
2430 1798 2491 1850 et
2526 1789 2662 1849 ideo
2691 1791 2752 1850 in
2785 1799 3049 1869 praeter·

433 1891 516 1951 ito
554 1890 821 1970 perfecto
868 1907 977 1969 per
1014 1888 1132 1949 duo
1171 1906 1199 1947 s
1238 1884 1563 1965 scribatur,
1608 1883 1667 1945 id
1715 1892 1810 1945 est
1846 1887 2027 1946 missi.
2101 1885 2375 1969 Magnus,
2409 1907 2448 1966 g
2484 1890 2758 1967 sequenti
2797 1886 3049 1966 syllabae

359 1998 408 2038 1⁵
436 1989 731 2067 iungatur.
822 1986 1102 2065 Magister
1159 1986 1346 2045 maior
1401 1985 1463 2043 in
1521 1984 1801 2045 statione:
1858 1996 1993 2044 nam
2048 1986 2275 2045 isteron
2335 2003 2546 2064 graece
2593 1987 2767 2046 statio
2814 1984 3050 2046 dicitur.

611 2084 876 2146 Nanctus
931 2103 1040 2164 per
1086 2102 1125 2143 n
1181 2089 1244 2143 et
1287 2100 1321 2141 c
1377 2080 1560 2143 scribi
1614 2080 1817 2162 debet,
1874 2090 2161 2144 nacturus
2226 2085 2605 2163 participium
2660 2084 2848 2144 futuri
2904 2092 3049 2144 tem·

435 2185 598 2264 poris
650 2202 761 2264 per
806 2202 839 2243 c
894 2181 1103 2242 solum.
1194 2178 1399 2240 Navita
1456 2189 1518 2240 et
1575 2188 1778 2261 nauta,
1834 2187 2156 2260 utrumque
2214 2190 2377 2243 recte
2440 2182 2674 2243 dicitur.
2765 2180 3049 2242 Nummu-

433 2281 616 2343 larius
663 2299 772 2361 per
818 2279 935 2342 duo
982 2298 1068 2360 m,
1115 2278 1272 2357 quod
1320 2287 1415 2339 est
1461 2295 1841 2339 nummorum
1888 2277 2156 2358 largitor3
2215 2281 2569 2360 nummisma
2625 2278 2897 2339 similiter
2942 2296 3052 2357 per

436 2379 554 2440 duo
594 2398 681 2460 m,
726 2378 883 2458 quod
923 2388 1016 2439 est
1054 2379 1281 2438 nummi
1330 2394 1707 2456 percussura.
1780 2375 2006 2458 Navus,
2044 2376 2201 2455 quod
2242 2384 2333 2438 est
2369 2385 2653 2438 strenuus
2691 2375 2780 2437 vel
2823 2377 3052 2456 efficax,

356 2491 544 2558 2⁰per
581 2477 700 2539 duo
737 2495 789 2536 v.
864 2474 1051 2536 Nimis
1089 2475 1311 2556 dicitur
1349 2473 1631 2554 quicquid
1680 2474 1816 2554 plus
1863 2475 2046 2535 suerit
2091 2491 2268 2554 quam
2312 2483 2565 2554 oportet.
2607 2467 2617 2556 Ι
2659 2493 2792 2535 nam
2839 2492 3048 2553 parum

435 2584 528 2636 est
565 2574 724 2655 quod
765 2576 959 2635 minus
996 2582 1090 2634 est
1127 2592 1303 2655 quam
1342 2583 1595 2654 oportet.
1651 2573 1866 2634 horum
1905 2575 1966 2633 in
2006 2571 2202 2632 medio
2240 2573 2452 2633 modus
2489 2581 2598 2654 est,
2635 2572 2793 2650 quod
2831 2572 3052 2633 dicitur

435 2668 602 2734 ‘satis
658 2667 790 2733 est’.
865 2672 969 2732 sed
1025 2671 1338 2751 aliquando
1394 2672 1574 2732 latina
1629 2670 1829 2750 lingua
1883 2669 1996 2730 hoc
2043 2668 2225 2730 verbo
2273 2672 2359 2731 sic
2414 2670 2705 2752 abutitur,
2764 2680 2829 2732 ut
2874 2672 3050 2731 nimis

434 2790 542 2851 pro
581 2789 651 2831 eo
691 2770 848 2850 quod
896 2779 988 2832 est
1025 2771 1189 2832 valde
1236 2779 1509 2851 ponatur,
1554 2770 1739 2831 veluti
1785 2771 2045 2849 positum
2092 2771 2428 2831 invenimus
2475 2773 2534 2830 in
2583 2770 2799 2831 litteris
2836 2772 3051 2831 sacris:

436 2887 571 2929 nam
626 2876 688 2929 et
741 2871 801 2929 in
857 2868 1082 2948 psalmo
1140 2864 1252 2929 ‘tu
1306 2869 1751 2948 praecepisti
1808 2865 2132 2927 mandata
2185 2875 2309 2927 tua
2356 2868 2728 2929 custodire
2787 2861 3053 2947 nimis’,

356 2979 409 3019 25
437 2968 495 3028 id
550 2975 643 3029 est
695 2966 878 3028 valde.
972 2965 1181 3028 Nullus
1238 2974 1329 3027 est
1386 2975 1505 3027 tam
1561 2968 1623 3027 in
1670 2984 1735 3026 re
1784 2983 1962 3045 quam
2016 2967 2078 3025 in
2138 2983 2421 3048 persona,
2467 2984 2642 3027 nemo
2689 2969 2749 3026 in
2797 2983 3051 3045 persona

435 3065 672 3147 dicitur,
718 3073 787 3126 ut
832 3064 1102 3126 nehomo.
1184 3063 1332 3125 Novi
1379 3063 1710 3125 declinatur
1756 3065 1913 3124 sicut
1949 3071 2010 3123 et
2046 3063 2144 3124 odi
2182 3072 2244 3124 et
2280 3065 2536 3149 memini.
2613 3063 2796 3125 Nubit
2834 3064 3049 3124 femina

434 3165 588 3246 viro,
642 3166 734 3225 vir
792 3171 988 3224 autem
1045 3162 1211 3224 ducit
1265 3181 1532 3225 uxorem.
1624 3161 1839 3223 mulier
1890 3160 2086 3243 nubit,
2144 3164 2281 3241 quia
2336 3162 2512 3243 pallio
2567 3161 2818 3224 obnubit
2872 3170 3051 3242 caput

433 3280 752 3342 genasque.
826 3260 1014 3341 nubo,
1062 3279 1199 3322 cum
1244 3259 1463 3321 vocalis
1508 3262 1798 3341 sequitur,
1854 3258 1892 3319 b
1939 3258 2117 3320 debet
2172 3278 2332 3341 esse;
2388 3279 2524 3322 cum
2579 3279 2939 3342 consonans,
2992 3278 3052 3340 p,

436 3369 502 3420 ut
561 3361 754 3439 nupsi.
855 3357 1012 3418 Nihil
1080 3357 1424 3419 adverbium
1485 3366 1608 3439 est,
1678 3357 1845 3418 nihili
1905 3376 2122 3419 nomen
2184 3368 2308 3420 est:
2375 3358 2553 3420 homo
2613 3362 2770 3422 enim
2830 3359 3051 3421 nullius

355 3467 409 3507 ³⁰
435 3459 719 3518 momenti
762 3455 934 3539 ‚nihili
971 3455 1208 3517 dicitur.
1283 3454 1594 3535 Navigium
1631 3458 1826 3516 omnis
1863 3455 2105 3527 classica
2142 3457 2462 3539 profectio,
2508 3465 2686 3518 nauta
2723 3465 2817 3519 est
2854 3457 3048 3518 omnis

434 3556 537 3634 qui
580 3553 844 3614 laborem
890 3553 1031 3614 facit
1089 3552 1414 3633 navigandi.
1501 3556 1665 3614 navis
1719 3544 2033 3615 ablativum
2082 3563 2143 3614 et
2186 3557 2248 3615 in
2295 3557 2316 3615 i
2362 3564 2424 3616 et
2467 3558 2529 3617 in
2576 3575 2609 3617 e
2658 3558 2854 3617 mittit.
2937 3555 3050 3615 Ne-

433 3670 610 3731 quam
668 3670 786 3713 nou
835 3649 1052 3712 malum
1108 3652 1427 3732 significat,
1482 3650 1585 3712 sed
1642 3651 1930 3713 inutilem.
2022 3650 2354 3731 Neglegens
2412 3672 2523 3734 per
2568 3674 2606 3733 g
2651 3653 3051 3735 scribendum,

434 3752 604 3830 quasi
656 3749 971 3829 neclegens
979 3796 1000 3830 ,
1055 3768 1088 3809 c
1145 3751 1207 3810 in
1269 3767 1309 3828 g
1362 3766 1666 3810 converso.
1758 3749 1984 3811 Nobilis
2031 3750 2275 3811 'mobilis
2330 3751 2540 3813 debilis
2594 3751 2806 3813 habilis
2858 3769 2968 3831 per
3013 3749 3051 3810 b

439 3847 752 3909 scribenda
799 3855 956 3908 sunt.
1046 3846 1238 3908 Narro
1284 3856 1345 3908 et
1391 3849 1650 3907 narratio
1697 3866 1805 3928 per
1853 3867 1884 3908 r
1922 3847 2235 3910 scribatur.

358 3954 410 3994 ⁸⁵
613 3944 704 4005 Ob
748 3946 1111 4024 praepositio
1158 3943 1459 4005 interdum
1504 3946 1747 4023 ponitur
1791 3946 1994 4028 plena,
2039 3955 2108 4008 ut
2153 3955 2247 4007 est
2292 3945 2458 4009 obire
2506 3947 2816 4029 oberrare3
2866 3948 3050 4007 inter-

435 4042 577 4104 dum
622 4044 685 4103 in
730 4040 980 4103 eandem
1025 4041 1282 4103 litteram
1327 4043 1570 4119 transit,
1624 4062 1656 4103 a
1703 4062 1820 4123 qua
1866 4062 2126 4125 sequens
2172 4062 2368 4106 sermo
2415 4047 2655 4127 incipit,
2717 4055 2784 4106 ut
2829 4042 3053 4105 offulsit

435 4142 752 4202 ommutuit
807 4142 1112 4221 opposuit3
1168 4148 1456 4219 sequente
1514 4160 1653 4201 vero
1712 4159 1745 4200 v
1799 4140 1931 4201 loco
1987 4144 2370 4203 consonantis
2428 4144 2656 4223 integra
2703 4149 2928 4224 manet,
2987 4150 3053 4202 ut

615 4345 641 4394 1
696 4339 919 4394 mactae
967 4333 1029 4389 id
1077 4338 1164 4390 est
1213 4337 1395 4408 magis
1442 4341 1644 4394 suetae
1683 4339 1759 4393 M
1799 4340 1993 4394 macta
2036 4339 2096 4395 id
2142 4343 2231 4395 est
2270 4340 2454 4411 magis
2490 4342 2658 4396 aucta
2692 4356 2831 4396 corr.
2870 4341 2942 4395 al.
2978 4355 3049 4395 m.

433 4420 617 4474 macte
655 4448 722 4459 —
761 4420 926 4473 aucte
964 4415 1010 4472 S
1133 4417 1321 4472 mollis
1356 4434 1392 4472 a
1426 4418 1671 4474 mollitia.
1710 4419 1786 4473 M
1909 4425 1942 4474 2
1979 4420 2182 4492 moles]
2219 4420 2385 4476 molis
2426 4422 2502 4475 M
2633 4427 2666 4475 3
2705 4437 2826 4475 mar
2860 4419 3049 4491 primi-

431 4499 614 4553 tiunm
652 4501 736 4554 est
769 4515 954 4553 mares
991 4496 1389 4553 diminutiuum
1429 4498 1505 4551 M
1668 4503 1700 4553 5
1746 4517 1970 4555 murum
2011 4501 2086 4555 M
2253 4507 2287 4556 6
2332 4500 2627 4555 metullum
2655 4518 2702 4570 p
2736 4499 2972 4555 metalla
3007 4499 3053 4554 S

432 4578 665 4634 metallo
696 4578 773 4633 M
878 4586 908 4634 ’1
948 4580 1095 4635 unde
1122 4582 1182 4634 et
1207 4578 1416 4633 Martia.
1434 4570 1568 4647 ΡΜ
1592 4579 1739 4634 unde
1768 4579 2049 4635 mauortia,
2077 4580 2121 4635 S
2227 4579 2528 4635 manuuiae
2546 4579 2681 4648 ΡΜ
2704 4579 2973 4634 manuuia
3008 4578 3053 4632 S

504 4662 538 4712 8
573 4654 780 4713 liui'dus
799 4676 846 4729 p
874 4659 1113 4714 liuidum
1140 4658 1186 4713 S
1198 4657 1275 4712 M
1377 4656 1629 4729 Flavius]
1671 4659 1913 4716 flauidus
1943 4661 2019 4714 M
2127 4666 2193 4715 10
2218 4660 2279 4714 in
2306 4678 2479 4715 unum
2506 4659 2739 4729 perfecti
2765 4660 2935 4715 mulsi
2951 4660 3053 4731 pS

432 4736 490 4791 in
518 4754 690 4791 unum
719 4738 859 4808 perf.
892 4740 1020 4794 hab.
1050 4737 1219 4794 mulsi
1251 4737 1327 4792 M
1451 4741 1516 4791 16
1544 4736 1797 4795 Nanctus
1825 4739 1885 4795 id
1914 4743 1999 4795 est
2022 4739 2284 4795 inuentus
2311 4739 2404 4795 uel
2432 4740 2666 4809 adeptus
2694 4756 2796 4810 per
2822 4758 2862 4793 n
2891 4740 2966 4794 M

435 4818 741 4873 nanctums
767 4834 907 4875 corr.
938 4821 1087 4875 naot.
1116 4819 1162 4875 S
1271 4824 1333 4873 17
1365 4819 1770 4874 nummolarius
1799 4818 1877 4873 M
1961 4825 2043 4874 24
2071 4819 2342 4875 custodiri
2369 4820 2415 4875 S
2511 4826 2580 4874 29
2608 4819 2674 4873 ut
2697 4819 2893 4889 nupsit
2919 4819 2963 4874 S

435 4901 506 4951 34
524 4894 704 4952 Narro
722 4914 823 4968 per
841 4897 953 4955 duo
971 4917 999 4953 r
1018 4898 1349 4954 scribuntur.
1369 4898 1529 4953 Nihil
1548 4900 1607 4953 et
1623 4899 1705 4954 nil
1724 4901 2024 4967 utrumque
2043 4899 2156 4956 dici
2173 4903 2364 4972 potest
2391 4901 2465 4955 M
2533 4907 2602 4956 37
2622 4902 2960 4957 ommutauit
2981 4902 3056 4956 M

464 5002 473 5013 ·
546 5004 857 5038 omnm
884 5008 1058 5039 uem
1086 5008 1173 5040 vn.
2554 4997 2624 5045 20
