3613 5528
393 487 412 500 l
1345 435 1443 491 DE
1484 433 2058 526 osrrnoempms
2716 496 2722 501 ,
2838 391 2847 398 ’
2880 427 3011 496 289

410 552 454 588 p.
482 540 599 580 2799.
628 541 708 580 Θου
737 537 785 579 P.

587 622 861 703 supellex
908 623 1102 682 sanies
1150 621 1419 682 socordia
1467 624 1597 682 sitis
1644 631 1705 682 et
1758 624 1820 681 in
1871 627 2084 681 neutro
2131 617 2382 697 sulphur
2427 616 2774 697 scrupulum
2822 617 3013 695 sinapi

410 728 551 789 siler
595 728 910 807 singularia
969 736 1198 789 tantum
1256 736 1427 808 sunt3
1488 728 1590 788 sed
1641 727 1933 807 Vergilius
1979 720 2218 809 (qeorq.
2274 725 2384 785 III
2421 716 2587 807 449)
2636 719 3012 802 ‘sulphura

410 829 614 916 viva',
658 844 717 894 et
753 833 1073 895 Terentius
1112 826 1333 916 (Andr.
1388 833 1440 893 V
1471 835 1531 915 4,
1567 828 1689 916 37)
1728 833 2051 894 masculine
2090 831 2435 910 scrupulum
2475 831 2719 892 rettulit.
2795 840 3014 905 senteS,

410 939 468 1000 id
516 949 605 1000 est
641 941 872 1020 spinae,
918 949 979 1000 et
1016 942 1308 1021 sarcinae,
1355 957 1493 1000 cum
1529 958 1664 1000 vasa
1701 941 2061 1018 significant,
2109 946 2169 997 et
2206 940 2497 1017 sarcinae,
2544 937 2602 999 id
2651 946 2744 998 est
2780 936 3012 1017 auxilia,

354 1066 381 1105 s
410 1056 470 1107 et
516 1064 727 1125 scopae
773 1056 833 1106 et
880 1045 1070 1110 scalae
1117 1053 1178 1106 et
1223 1044 1440 1106 salinae
1489 1054 1550 1107 et
1595 1048 1656 1106 in
1704 1054 1918 1105 neutro
1968 1043 2258 1132 sponsalia
2309 1063 2545 1125 semper
2589 1043 2864 1124 pluralia;
2910 1042 3012 1103 sed

412 1154 598 1212 nostri
644 1150 856 1212 scalam
905 1152 1201 1212 dixerunt.
1276 1146 1519 1230 ‘sponte
1568 1169 1698 1211 mea
1745 1145 1949 1211 venio'
1998 1168 2115 1211 non
2162 1151 2342 1212 habet
2385 1150 2644 1230 plurales
2690 1169 2882 1211 casus,

585 1258 648 1318 Si
696 1276 885 1318 amem
932 1276 1092 1318 ames
1139 1268 1296 1318 amet
1342 1256 1657 1319 declinatio
1702 1265 1795 1317 est
1841 1256 2007 1317 verbi
2054 1259 2441 1338 coniunctivi,
2488 1260 2644 1319 sicut
2690 1277 2823 1318 cnm
2872 1255 3013 1317 dici-

412 1384 541 1425 mus
588 1360 759 1426 ‘cum
805 1382 995 1424 amem
1042 1383 1204 1424 ames
1250 1359 1454 1427 amet'.

587 1469 777 1548 Scylla
825 1469 1000 1529 habet
1047 1488 1260 1530 nomen
1309 1490 1338 1529 a
1387 1470 1691 1550 spoliando
1739 1472 1862 1530 sive
1910 1471 2173 1531 vexando
2222 1480 2458 1533 nautas:
2516 1472 2702 1552 spolio
2751 1471 2909 1530 enim
2957 1477 3018 1529 et

331 1599 383 1637 ιο
412 1596 555 1638 vexo
601 1578 806 1658 latine,
852 1595 1063 1655 graece
1111 1576 1332 1637 dicitur
1380 1577 1576 1656 scyllo.

588 1682 784 1744 Sanno
832 1686 1035 1744 sannis
1081 1685 1319 1764 sannui,
1364 1682 1478 1742 hoc
1525 1687 1799 1744 sannium
1848 1685 2108 1762 querela.

587 1791 732 1851 Sors
769 1792 949 1852 sortis
986 1798 1047 1849 et
1084 1808 1216 1850 sors
1254 1789 1447 1850 sordis
1486 1789 1730 1850 dicitur:
1769 1789 2115 1852 Ambrosius
2146 1787 2472 1852 ‘mundat
2510 1810 2697 1872 vasa,
2735 1810 2820 1852 ne
2859 1809 3017 1851 sors

410 1898 646 1976 aliqua
694 1900 843 1958 vini
888 1899 1188 1976 gratiam
1227 1891 1647 1978 decoloret’,
1692 1900 1923 1957 tametsi
1962 1907 2179 1976 negant
2220 1898 2458 1976 qnidam
2487 1898 2724 1958 sordem
2755 1899 3015 1957 nomina-

411 2007 596 2065 tivum
641 2002 1002 2082 singularem
1048 2001 1284 2063 habere.

329 2132 380 2170 ιε
587 2110 652 2171 Si
717 2109 806 2170 vel
867 2112 979 2170 etsi
1040 2128 1157 2169 non
1218 2092 1540 2189 numquam
1599 2110 1978 2171 indicativum
2041 2111 2286 2172 verbum
2348 2111 2617 2173 trahunt:
2690 2111 3016 2191 Gregorius

411 2212 716 2278 ‘frustra
767 2216 1183 2277 miraculum
1230 2217 1410 2277 foris
1448 2216 1892 2296 ostenditur,
1940 2219 1995 2277 si
2046 2217 2248 2278 deest
2295 2217 2480 2296 quod
2524 2219 2724 2277 intus
2762 2234 3018 2295 opere·

411 2318 589 2401 tur',
659 2326 801 2384 item
863 2318 1073 2401 ‘quae
1135 2325 1274 2384 etsi
1344 2322 1425 2383 ad
1497 2324 2026 2402 perfectionem
2088 2342 2222 2384 non
2284 2330 2734 2404 permanent,
2798 2323 3017 2384 fidem

411 2439 644 2489 tamen
692 2423 991 2489 tenent'.

590 2534 814 2596 Sensus
874 2553 1088 2595 nomen
1151 2543 1243 2595 est
1315 2544 1556 2615 quartae
1617 2536 2030 2597 declinationis
2090 2546 2151 2596 et
2216 2555 2428 2598 sensus
2489 2539 2867 2617 participium
2929 2543 3023 2596 est

327 2644 716 2721 sopraeteriti
772 2643 1059 2721 temporis
1118 2659 1149 2700 a
1206 2640 1386 2701 verbo
1442 2646 1704 2724 passivo,
1759 2643 1918 2722 quod
1977 2651 2068 2703 est
2123 2645 2367 2724 sentior,
2423 2646 2597 2705 cuius
2654 2644 2831 2704 etiam
2886 2661 3019 2722 per-

411 2749 632 2809 fectum
680 2757 771 2810 est
817 2767 1030 2810 sensus
1077 2766 1210 2810 sum
1258 2768 1322 2809 es
1369 2758 1486 2832 est,
1534 2767 1650 2810 non
1698 2751 1969 2810 sentitus

591 2856 906 2937 Secturus,
953 2874 1070 2916 non
1119 2864 1456 2937 secaturus,
1502 2874 1534 2916 a
1580 2855 1763 2916 verbo
1811 2854 1967 2934 quod
2016 2865 2109 2917 est
2155 2874 2309 2917 seco.

591 2961 838 3023 Scamna
894 2972 1035 3023 sunt
1090 2981 1242 3042 quae
1297 2962 1466 3024 lectis
1511 2961 1820 3023 altioribus
1868 2969 2272 3042 apponuntur,
2328 2961 2581 3022 scabella
2644 2980 2795 3040 quae
2852 2961 3022 3022 lectis

411 3067 671 3145 parvulis
716 3067 807 3127 vel
853 3068 1013 3129 sellis
1059 3069 1135 3129 ob
1182 3087 1495 3130 ascensum
1541 3076 1936 3149 apponuntur.
2012 3066 2332 3129 scabellum
2379 3076 2578 3129 autem
2627 3079 2685 3129 et
2732 3067 3016 3149 subpeda-

335 3195 387 3233 25
417 3190 597 3233 neum
643 3173 889 3254 dicitur,
929 3176 939 3252 Ι
980 3175 1135 3253 quod
1187 3175 1297 3237 sub
1344 3174 1598 3255 pedibus
1646 3177 1739 3235 sit.

592 3279 961 3341 Sterceratos
1016 3299 1219 3364 agros,
1273 3301 1391 3343 non
1449 3288 1811 3343 stercoratos
1866 3281 2053 3360 dicaS,
2123 3279 2338 3360 quibus
2394 3288 2628 3342 stercus
2685 3280 2753 3340 ad
2817 3281 3021 3341 secun-

413 3383 673 3447 dandum
722 3388 995 3458 infertur.

592 3492 886 3554 Sollemne
936 3513 1071 3555 cum
1118 3494 1267 3555 dicis
1323 3496 1444 3555 sive
1492 3493 1734 3575 scribis,
1793 3512 1852 3554 m
1897 3495 2173 3573 sequenti
2220 3491 2472 3573 syllabae
2520 3495 2810 3554 conectis:
2867 3512 3020 3554 som-

415 3600 580 3659 nium
627 3599 914 3661 similiter.

333 3725 387 3764 so
593 3705 815 3767 Saevus
852 3709 1047 3768 saevio
1087 3710 1245 3768 saevi
1283 3709 1518 3769 saevisti
1556 3725 1664 3787 per
1702 3724 1769 3765 ae
1809 3704 2235 3787 diphthongon,
2272 3724 2408 3766 sero
2447 3707 2571 3766 sevi
2607 3708 2809 3768 sevisti
2848 3726 2957 3787 per
2986 3726 3019 3768 e

414 3811 760 3891 simplicem.

584 3918 820 3997 Sagena
854 3939 964 3999 per
992 3940 1043 4000 e,
1081 3938 1218 3981 cnm
1256 3922 1403 3981 retia
1443 3920 1757 4001 significat3
1796 3921 1997 3999 sagina
2027 3922 2183 3998 peri
2220 3930 2453 4000 pastum
2483 3928 2544 3981 et
2581 3912 3020 4000 pinguedinem.

595 4025 694 4084 Sol
739 4033 996 4105 utroque
1044 4045 1293 4089 numero
1340 4025 1685 4087 declinatur.
1761 4024 1864 4085 sed
1914 4026 2294 4104 singulariter
2341 4027 2429 4087 sol
2484 4029 2678 4106 ipsum
2725 4027 3017 4088 luminare

597 4178 622 4224 1
673 4169 930 4225 socordia
974 4170 1268 4240 aegritudo
1316 4171 1439 4225 sitis
1486 4170 1543 4223 P
1714 4169 2036 4237 scrupulum
2083 4170 2179 4226 ςΙι
2224 4175 2275 4224 et
2310 4187 2422 4226 exc.
2464 4170 2629 4228 Char.
2669 4187 2728 4238 p.
2768 4173 2896 4238 548,
2932 4176 3022 4238 17,

413 4244 580 4303 scrul’
608 4248 675 4317 P,
711 4249 886 4303 litura
920 4254 999 4303 est
1033 4251 1098 4303 in
1127 4249 1222 4317 M,
1259 4251 1324 4304 in
1349 4266 1454 4318 quo
1483 4249 1676 4318 sinape
1714 4250 1798 4302 bis
1822 4249 2090 4318 scriptum
2116 4257 2235 4306 erat
2377 4250 2558 4321 sinapi
2597 4250 2698 4309 ςΡ
2725 4249 2919 4319 sinape
2951 4250 3026 4303 M

414 4329 607 4399 senapi
646 4328 697 4383 L
865 4334 900 4381 4
938 4328 1187 4384 sarcinae
1223 4328 1284 4382 id
1321 4331 1408 4385 est
1443 4328 1674 4400 auxilia]
1713 4327 2006 4397 suppetiae
2043 4328 2291 4400 βοήθεια
2329 4331 2540 4386 Charis.
2572 4347 2635 4400 p.
2672 4334 2761 4397 33,
2799 4335 2881 4385 22

416 4417 447 4463 6
483 4426 596 4464 non
631 4410 808 4472 habes
846 4410 903 4463 P
1038 4417 1069 4465 ‘1
1108 4409 1516 4468 coniunctatini
1543 4409 1678 4465 PM
1819 4414 1851 4462 9
1890 4409 1950 4462 et
1982 4426 2123 4464 vexo
2154 4416 2282 4478 post
2308 4409 2483 4480 scyllo
2520 4411 2719 4465 habent
2748 4408 2883 4462 ML

418 4494 480 4541 11
521 4489 629 4543 hoc
666 4491 921 4544 sennium
958 4490 1017 4545 id
1054 4493 1142 4545 est
1176 4490 1440 4560 quaerela
1478 4490 1553 4543 M
1694 4493 1760 4541 12
1799 4504 1917 4541 sors
1955 4487 2119 4541 sortis
2157 4504 2276 4542 sors
2314 4488 2491 4542 sordis
2531 4487 2664 4541 ML
2701 4505 2818 4542 sors
2855 4487 3023 4542 sortis

417 4572 473 4623 et
509 4585 628 4623 sors
665 4568 833 4623 sortis
871 4569 927 4622 P
1065 4574 1132 4623 15
1170 4569 1494 4641 Gregorius]
1533 4584 1697 4639 grece
1736 4567 1792 4619 P
1944 4573 2008 4621 16
2046 4567 2197 4621 foras
2235 4567 2548 4622 ostenditur
2585 4567 2640 4619 P
2668 4566 2806 4621 foris
2843 4569 3023 4622 osten-

416 4647 598 4703 dimus
625 4648 678 4701 L
788 4654 852 4703 17
880 4650 1305 4719 permanentM
1328 4649 1617 4719 pertinent
1630 4647 1776 4706 §PL
1886 4654 1952 4701 18
1979 4650 2193 4718 tamen]
2221 4653 2358 4702 tunc
2388 4664 2498 4702 non
2529 4647 2604 4700 M
2707 4653 2776 4700 23
2808 4645 3023 4702 ortiori-

414 4727 518 4781 bus
553 4727 611 4780 P
763 4730 1120 4798 opponuntur
1153 4734 1379 4797 utroque
1414 4729 1529 4783 loco
1567 4728 1642 4782 M
1794 4726 2043 4782 scabella
2080 4744 2222 4796 quae
2258 4728 2355 4785 §L
2390 4726 2621 4781 scabelli
2658 4726 2755 4795 qui
2793 4726 2930 4781 PM

417 4812 485 4860 24
521 4807 937 4877 subpedaneam
973 4806 1030 4859 P
1130 4812 1198 4860 25
1238 4806 1337 4878 sit]
1372 4807 1440 4861 fit
1478 4807 1553 4860 M
1658 4813 1727 4862 26
1764 4808 2121 4877 sterceratos]
2162 4810 2498 4862 stercoratus
2525 4805 2583 4858 P
2681 4823 2793 4861 non
2828 4809 3023 4862 sterto-

415 4889 570 4941 ratos
612 4886 684 4940 M
824 4892 892 4940 28
932 4885 1190 4941 Solemne
1231 4886 1306 4939 M
1338 4885 1665 4942 sollemnem
1704 4886 1817 4941 PL

523 4995 833 5025 ananau-net
861 4994 1034 5024 Lxx-m
1073 4994 1162 5024 vu.
2531 4980 2595 5028 19
