3613 5528
595 417 728 480 454
1577 415 1928 471 ARVSIANI
1966 414 2205 472 MESSII

596 528 638 565 p.
668 517 760 557 213.
789 517 869 556 214
896 515 949 555 L.

598 603 1035 682 quaesisses,
1092 610 1428 680 quantum
1487 600 1926 685 solveretur,
1974 602 2130 663 idem
2178 621 2286 683 pro
2333 601 2605 663 Cluentio
2654 597 2947 682 (36,101)
3004 605 3197 665 sicut

596 711 665 771 in
714 712 975 771 statuis
1024 711 1405 793 inauratiS,
1452 728 1624 789 quas
1671 713 1915 790 posuit
1960 709 2040 770 ad
2089 709 2461 790 Iuturnae,
2506 709 2664 770 idem
2692 709 3195 790 Philip.l(7,17)

595 819 900 896 pecunia
947 819 1214 877 utinam
1262 815 1343 877 ad
1392 814 1562 897 Opis
1608 795 1945 878 maneret.

773 923 1031 985 Absente
1098 942 1190 984 me
1257 924 1539 1004 singulari
1606 942 1881 1006 numero,
1946 925 2064 986 Cic.
2131 924 2379 1005 Philipp.
2443 923 2468 984 1
2534 925 2699 998 (26)
2764 934 2833 987 et
2896 924 3195 986 absente

596 1030 857 1111 populo
919 1038 987 1091 et
1050 1033 1283 1091 invito
1331 1079 1345 1092 .
1393 1030 1634 1092 absente
1681 1034 1854 1092 nobis
1900 1031 2112 1111 plurali
2158 1050 2439 1106 numero,
2506 1030 2641 1092 Ter.
2689 1031 2838 1092 Eun.
2886 1032 3017 1104 (IV
3054 1032 3195 1112 3‚7)
3249 1048 3274 1087 5

767 1140 1011 1199 nescio
1060 1136 1226 1218 quid
1276 1139 1604 1217 profecto
1650 1136 1943 1200 absente
1993 1139 2198 1200 nobis
2246 1139 2608 1201 turbatum
2655 1149 2767 1200 est
2812 1138 3014 1200 domi.

776 1244 1046 1306 Alienum
1103 1244 1210 1305 hac
1267 1263 1359 1325 rc,
1415 1244 1533 1306 Cic.
1583 1264 1690 1325 pro
1739 1245 1980 1316 Quintio
2038 1247 2279 1321 (31‚98)
2347 1246 2526 1307 nihil
2590 1255 2821 1309 tamen
2887 1246 3194 1307 alienum

599 1357 738 1415 vita
805 1354 1180 1433 superiore
1245 1354 1599 1412 commisit
1645 1399 1658 1412 .
1706 1352 1963 1414 alienum
2020 1352 2092 1413 ab
2150 1354 2258 1415 hac
2314 1372 2405 1435 re,
2471 1353 2605 1415 Ter.
2661 1353 2822 1415 Adel.
2880 1354 2973 1427 (V
3023 1353 3195 1427 821)

597 1460 905 1522 alienum
944 1478 976 1519 a
1023 1459 1160 1520 vita
1211 1476 1372 1519 mea.

778 1568 1001 1627 Anteeo
1030 1564 1194 1626 illum
1225 1565 1333 1626 hac
1362 1585 1456 1647 re,
1493 1566 1627 1628 Ter.
1658 1566 1833 1628 Phor.
1863 1568 2161 1641 (111,17)
2201 1567 2445 1629 herum
2492 1577 2746 1629 anteeo
2795 1570 3149 1648 sapientia
3179 1614 3193 1627 .
3226 1584 3275 1622 10

601 1684 809 1736 anteeo
855 1672 939 1734 illi
976 1673 1102 1733 hac·
1134 1690 1225 1755 re,
1271 1671 1391 1734 Cic.
1439 1671 1647 1753 Philip.
1695 1672 1849 1733 vnn
1896 1674 2048 1748 (LI)
2105 1674 2225 1734 sed
2282 1693 2435 1735 cum
2484 1674 2778 1735 Servius
2826 1674 3197 1755 Sulpicius

596 1791 840 1842 aetate
888 1780 1038 1841 illis
1085 1782 1428 1860 anteiret,
1474 1782 1832 1860 sapientia
1879 1780 2222 1842 omnibus
3248 1751 3259 1774 s

774 1888 973 1949 Adfixa
1013 1886 1151 1948 huic
1190 1889 1304 1968 rei,
1342 1886 1510 1966 Verg.
1540 1889 1680 1948 Aen.
1711 1885 1842 1946 Vlll
1878 1888 2064 1961 (196)
2104 1888 2531 1968 foribusque
2579 1889 2810 1950 adfixa
2857 1888 3195 1969 superbis

595 2013 716 2055 ora
782 1998 1024 2056 virum.
1116 1994 1302 2055 adfixa
1357 1996 1420 2055 in
1475 1994 1584 2055 hac
1641 2013 1735 2075 re,
1798 1994 1918 2056 Cic.
1974 1994 2184 2076 Philip.
2242 1994 2321 2054 Xl
2376 1996 2536 2070 (2,5)
2600 1995 2812 2075 idque
2879 1996 3194 2056 adfixum

595 2105 871 2182 gestari
935 2104 1157 2165 iussit
1222 2104 1291 2163 in
1355 2101 1501 2182 pilo
1554 2150 1573 2183 ,
1626 2101 1782 2163 idem
1839 2102 1911 2163 de
1969 2101 2275 2182 suppliciis
2330 2105 2420 2175 (in
2485 2104 2653 2165 Verr.
2718 2104 2770 2162 V
2806 2103 3065 2177 53,139)
3120 2106 3274 2163 inus

596 2213 827 2272 animo
875 2228 1235 2290 sensuque
1284 2227 1433 2270 meo
1479 2210 1772 2288 penitus
1820 2207 2054 2268 adfixa
2102 2218 2213 2270 est
2258 2256 2272 2269 .

771 2317 1002 2378 Accedo
1076 2316 1234 2378 illam
1307 2333 1461 2395 rem,
1535 2314 1704 2395 Verg.
1778 2316 1921 2376 Aen.
1986 2313 2011 2374 1
2085 2315 2286 2397 (200)
2359 2320 2791 2398 penitusque
2867 2319 3195 2378 sonantis

595 2427 911 2486 accestis
958 2423 1299 2504 scopulos
1345 2469 1362 2484 .
1408 2422 1623 2482 accedo
1671 2421 1742 2482 ad
1787 2421 1984 2504 illum,
2024 2423 2034 2498 Ι
2075 2422 2208 2484 Ter.
2256 2423 2431 2487 Phor.
2478 2429 2656 2503 (prol.
2702 2425 2819 2499 29)

1073 2530 1403 2592 voluntas
1450 2538 1685 2591 vestra
1733 2531 1793 2590 si
1842 2530 1920 2591 ad
1967 2540 2243 2610 poetam
2290 2535 2716 2612 accesserit,

596 2641 715 2702 Cic.
763 2641 835 2701 de
883 2639 1188 2720 suppliciis
1234 2641 1326 2710 (in
1389 2638 1558 2698 Verr.
1621 2638 1670 2696 Γ
1708 2638 1847 2712 3,6)
1894 2656 2094 2717 quam
2143 2639 2220 2699 ad
2269 2638 2669 2700 Peloridem
2716 2639 3077 2701 accedere.
3222 2654 3274 2693 ²0

771 2749 991 2810 Auctor
1055 2745 1230 2808 huius
1293 2747 1407 2827 rei,
1472 2744 1641 2825 Verg.
1705 2746 1849 2807 Aen.
1894 2744 1999 2806 ΧΠ
2056 2746 2238 2821 (159)
2301 2754 2558 2809 auctor
2621 2766 2746 2826 ego
2814 2746 3118 2809 audendi
3179 2796 3192 2808 .

594 2866 803 2918 atictor
848 2856 1000 2917 hanc
1047 2872 1202 2934 rem,
1247 2853 1382 2914 Ter.
1431 2852 1591 2914 Adel.
1640 2853 1735 2925 (V
1772 2850 1950 2933 8,16)
1997 2854 2160 2915 idne
2210 2857 2390 2916 estis
2436 2864 2772 2916 auctores
2819 2852 3034 2915 mihi?

770 2963 1106 3043 Aequipero
1153 2960 1345 3041 illum,
1394 2958 1560 3039 Verg.
1608 2959 1742 3021 buc.
1791 2961 1997 3037 (5,48)

807 3090 932 3132 nec
980 3068 1273 3130 calamis
1320 3067 1546 3130 solum
1592 3070 2052 3150 aequiperaS,
2099 3070 2218 3131 sed
2268 3088 2435 3130 voce
2484 3071 2907 3149 magistrum
2955 3116 2968 3129 .

594 3197 781 3258 aequo
826 3177 1019 3259 illum,
1065 3176 1234 3256 Verg.
1282 3177 1423 3236 Aen.
1472 3174 1522 3234 X
1569 3175 1755 3249 (248)
1802 3183 1873 3236 et
1918 3183 2168 3236 ventos
2225 3184 2576 3255 aequante
2633 3177 2908 3254 sagitta.
3001 3189 3270 3253 aequozs

594 3286 716 3366 illa,
763 3288 833 3346 id
874 3295 967 3345 est
1011 3284 1172 3363 paria
1221 3284 1398 3364 facio,
1443 3282 1597 3344 idem
1647 3281 1940 3342 Aeneidos
1986 3281 2032 3342 V
2079 3283 2263 3356 (419)
2310 3301 2692 3362 aequemus
2738 3301 3029 3363 pugnas,

769 3390 1039 3470 Adsurgo
1085 3389 1195 3469 illi,
1240 3388 1411 3469 Verg.
1457 3388 1591 3451 buc.
1638 3389 1857 3464 (6,66)

947 3506 1159 3576 atque
1207 3499 1359 3556 viro
1407 3495 1674 3557 Phoebi
1722 3496 1986 3556 chorus
2033 3495 2537 3557 adsurrexerit
2582 3500 2837 3579 omniS‚

595 3605 707 3666 Sal.
756 3604 891 3666 hist.
938 3602 984 3661 V
1033 3601 1290 3682 Syllam
1337 3602 1766 3662 dictatorem
1816 3602 1935 3661 uni
1983 3599 2127 3661 sibi
2173 3601 2621 3664 descendere
2679 3623 2885 3686 equo,
2941 3605 3188 3666 adsur-

592 3731 759 3792 gere
807 3711 1012 3791 sella,
1058 3690 1271 3790 ca'put
1316 3711 1599 3789 aperire
1648 3708 1958 3769 solitum.
3218 3724 3269 3764 so

772 3818 859 3879 Ab
904 3820 1167 3898 integro,
1212 3815 1380 3896 Verg.
1429 3815 1562 3878 huc.
1612 3817 1775 3892 (45)
1824 3834 2114 3895 magnus
2169 3815 2250 3876 ab
2298 3820 2582 3897 integro
2630 3817 3057 3880 saeclorum:
3105 3821 3191 3879 sic

737 4090 917 4146 Codex
955 4087 1250 4143 Parrhasii
1340 4092 1371 4140 5
1409 4085 1567 4140 nobis
1606 4087 1795 4154 priore
1841 4087 1954 4142 loeo
1989 4103 2089 4144 om.
2256 4094 2319 4143 11
2361 4087 2630 4158 Sulpitius
2791 4095 2855 4145 18
2893 4090 2964 4145 ad
3001 4089 3188 4160 illum]

592 4172 664 4227 ad
701 4171 861 4226 illam
1003 4174 1072 4223 20
1113 4168 1294 4225 Pelori
1331 4169 1528 4222 aedem
1671 4172 1739 4221 26
1776 4166 1834 4220 id
1863 4183 1963 4222 om.
2108 4172 2177 4223 28
2215 4168 2627 4224 adusurrexerit
2768 4175 2833 4223 31
2876 4170 3189 4225 seculorum

773 4427 801 4476 7
840 4420 985 4476 nihil
1026 4425 1144 4474 tram
1191 4419 1435 4474 alienum
1475 4418 1570 4484 M,
1625 4417 1765 4472 nihil
1821 4416 2065 4472 alienum
2118 4419 2309 4472 tamen
2349 4418 2534 4473 Cicero
2714 4425 2779 4476 12
2830 4423 3014 4476 aetate
3060 4420 3188 4476 illos

592 4502 854 4568 anteiret,
906 4498 1184 4571 sapientia
1237 4498 1416 4554 omnis
1474 4497 1747 4552 Ciceronis
1796 4498 1963 4552 codex
2023 4498 2328 4553 Vaticanus
2526 4502 2591 4553 18
2647 4500 2849 4556 accedo
2905 4502 2976 4555 ad
3027 4502 3183 4556 illum

590 4582 1008 4638 Lindemannus
1149 4584 1218 4633 20
1254 4579 1327 4634 ad
1361 4577 1672 4634 Peloridem
1711 4579 1974 4634 accedere
2013 4578 2199 4633 Cicero
2341 4584 2410 4633 25
2449 4595 2628 4648 aequo
2673 4579 2776 4634 illa
2811 4580 2870 4634 id
2907 4582 2996 4635 est
3031 4581 3190 4650 paria

589 4661 735 4716 facio
778 4661 900 4714 GP
931 4678 1109 4731 aequo
1145 4658 1204 4712 id
1241 4661 1327 4713 est
1362 4657 1522 4728 paria
1555 4660 1702 4714 facio
1742 4658 1820 4713 M
1966 4665 2035 4714 28
2073 4659 2270 4729 atque]
2308 4661 2483 4728 utque
2532 4660 2806 4729 Verqilius
2965 4667 3035 4715 29
3074 4662 3186 4717 Sat.

589 4741 719 4795 hist.
753 4740 826 4811 V]
863 4740 1010 4794 Non.
1033 4756 1093 4808 p.
1122 4743 1239 4794 236
1384 4744 1446 4792 31
1491 4757 1724 4809 magnus
1760 4739 1833 4794 ab
1872 4738 2089 4809 integro
2128 4737 2239 4793 Cic.
2275 4756 2377 4808 pro
2416 4739 2672 4795 Cluentio
2712 4740 2853 4794 Ecce
2891 4743 3082 4795 autem
3119 4743 3188 4794 de

590 4820 811 4888 integro
848 4820 1012 4875 funus
1048 4822 1162 4876 iam
1200 4819 1419 4890 sepulto
1437 4819 1573 4877 .filio
1610 4820 1747 4875 facit
1776 4821 1865 4885 M,
1905 4819 1991 4875 ‘in
2026 4821 2176 4877 codd.
2206 4822 2474 4876 laudatur
2525 4822 2616 4877 hic
2659 4823 2808 4877 loeus
2840 4837 2909 4876 ex
2949 4821 3191 4876 Teranei

592 4901 877 4969 Adelphis’
921 4901 1115 4955 Maius
1152 4920 1167 4953 .·
1203 4901 1436 4954 cori-emit
1473 4900 1892 4955 Lindemannus
