3613 5528
562 418 692 483 184
1643 410 2104 477 CASSIODORII

553 531 597 569 p.
627 520 732 561 2803
761 518 810 558 P.
1266 514 1281 525 ·

553 607 845 683 integram
882 603 1067 680 magis
1115 619 1246 662 esse
1293 598 1613 675 dictionem
1652 606 1858 660 noster
1894 600 2127 660 animus
2164 597 2505 660 arbitratur.
2579 617 2987 661 ammonemus
3024 618 3168 678 quo-

555 731 685 790 que·
710 709 866 790 quod
914 711 973 769 in
1013 708 1351 769 derivativis
1396 705 1494 766 hic
1532 707 1737 787 etiam,
1783 707 1940 767 sicut
1979 704 2227 787 ubique,
2275 705 2675 785 spectabimus
2712 708 3170 786 primiformium

554 815 807 897 r,egulas
854 825 922 877 ut
968 817 1166 876 cervix
1213 814 1520 895 cervicale,
1565 811 1759 893 pulvis
1803 810 2222 891 pulvinarium,
2268 830 2415 890 quas
2453 831 2484 873 a
2531 815 2877 893 posteritate
2916 814 3168 895 syllabae

554 925 860 985 venientes
922 921 1098 1003 paulo
1162 928 1299 1002 post
1361 929 1718 999 retegemus.
1824 918 1975 979 hanc
2040 917 2383 998 regularum
2447 918 2796 980 divisionem
2860 922 3170 982 confirmat

559 1031 854 1109 scriptura
911 1029 1195 1089 convivii:
1255 1044 1389 1087 nam
1450 1025 1721 1086 dissimili
1775 1031 2044 1105 tempore
2091 1026 2206 1086 vivi
2261 1023 2514 1104 syllabae
2562 1000 2918 1088 constitutae
2965 1035 3166 1089 notan·
3200 1038 3226 1077 5

560 1147 659 1198 tur
723 1135 1023 1215 similiter,
1087 1134 1245 1213 quod
1310 1135 1502 1214 prior,
1567 1132 1624 1192 id
1691 1138 1783 1192 est
1837 1132 2363 1214 antepaenultima,
2417 1132 2589 1213 longa
2643 1143 2736 1195 est
2791 1143 2852 1196 et
2909 1137 3206 1215 speciem

555 1242 796 1323 regulae
844 1243 1064 1302 meruit
1107 1239 1282 1320 paulo
1329 1250 1466 1301 ante
1514 1247 1901 1323 memoratae,
1949 1239 2052 1300 ubi
2097 1240 2475 1301 meminimus
2521 1242 2578 1300 vi
2621 1240 2855 1321 longam
2902 1243 2963 1301 in
3009 1251 3168 1303 ante·

559 1348 920 1430 paenultima
984 1348 1123 1408 sede
1192 1349 1574 1408 constitutam
1638 1364 1746 1425 per
1802 1365 1836 1405 v
1899 1345 2160 1407 vocalem
2229 1346 2542 1409 habentem
2609 1350 2726 1407 vim
2792 1351 3172 1408 consonantis
3249 1340 3256 1347 ’

558 1456 897 1517 necessario
942 1454 1151 1536 scribi3
1208 1470 1452 1514 manens
1499 1451 1683 1514 altera
1739 1451 1938 1513 brevis
1984 1471 2163 1532 supra
2208 1452 2400 1514 dictae
2447 1456 2688 1516 servivit
2742 1454 3013 1538 regulae,
3071 1455 3170 1516 ubi

558 1563 816 1623 diximus
864 1563 918 1622 vi
965 1561 1206 1621 brevem
1252 1562 1312 1621 in
1359 1559 1554 1621 medio
1602 1561 1858 1621 nominis
1903 1562 2156 1640 positam
2203 1576 2310 1639 per
2355 1580 2386 1619 v
2435 1563 2647 1623 notari.
2719 1562 2982 1685 regulam
3029 1581 3173 1643 ergo
3205 1574 3256 1612 1⁰

560 1668 815 1730 absurde
863 1686 981 1727 non
1029 1665 1288 1728 arbitror
1335 1686 1466 1728 esse
1515 1666 1776 1728 divisam.

741 1773 821 1834 Vo
870 1773 1086 1854 syllaba
1133 1773 1305 1854 longa
1353 1773 1442 1834 vel
1490 1773 1687 1834 brevis
1732 1776 1793 1834 in
1842 1773 2037 1834 medio
2085 1776 2341 1835 nominis
2387 1776 2576 1855 posita
2625 1794 2732 1855 per
2774 1796 2808 1836 v
2855 1777 3174 1860 scribetur,

744 1937 771 1984 1
810 1945 1193 1984 ammonemus
1222 1943 1444 1997 quoque
1470 1926 1529 1981 in
1559 1925 1888 1982 derivativis
1915 1926 2007 1982 hic
2036 1944 2157 1983 esse
2186 1927 2329 1983 sicut
2356 1929 2562 1999 ubique
2590 1929 2952 1986 tractavimus
2979 1930 3171 2001 primi-

559 2012 821 2067 formium
849 2008 1074 2078 regulas
1104 2007 1302 2062 Carrio
1410 2014 1442 2061 2
1481 2004 1574 2060 hic
1602 2007 1770 2063 etiam
1806 2007 1941 2064 Par.
1972 2023 2033 2076 ς,
2068 2008 2161 2063 hic
2198 2012 2350 2065 esset
2385 2010 2439 2064 B
2478 2010 2569 2066 hic
2601 2028 2722 2066 esse
2761 2010 2808 2065 G
2839 2011 2929 2066 his
2965 2028 3086 2067 esse
3113 2011 3169 2065 A

642 2087 1019 2161 spectauimus
1058 2089 1178 2143 AB
1215 2087 1581 2144 tractauimus
1619 2087 1667 2142 0
1803 2088 2215 2157 primiformum
2241 2089 2308 2153 ,B
2452 2098 2484 2145 3
2522 2091 2765 2147 ceruical
2806 2090 2854 2145 0
2988 2089 3170 2160 pulvi-

557 2189 693 2228 nare
733 2170 929 2226 Carrio
1073 2175 1104 2223 5
1144 2168 1262 2225 uiui
1299 2167 1547 2238 syllabae
1584 2182 1618 2224 ς
1653 2167 1794 2222 ninii
1832 2169 2082 2240 syllabae
2118 2171 2172 2223 A
2189 2169 2307 2224 BG
2445 2177 2477 2225 6
2525 2188 2667 2240 quae
2704 2171 2855 2240 prior
2891 2170 3070 2225 ABG

560 2261 590 2309 7
630 2253 689 2307 in
726 2249 1209 2319 antepeneultima
1246 2250 1377 2304 sede
1414 2248 1776 2304 constitutam
1816 2251 1870 2303 A
1907 2248 1966 2304 in
2002 2249 2482 2320 antepeneultima
2517 2251 2648 2306 sede
2682 2251 2987 2307 constituta
3023 2252 3077 2304 B
3113 2251 3173 2305 in

562 2330 1065 2402 antepenultimam
1104 2329 1203 2384 sed
1240 2328 1604 2385 constitutam
1644 2327 1692 2381 G
1833 2335 1863 2383 9
1903 2327 2076 2385 seruit
2112 2330 2165 2383 A

560 2495 1397 2507 ....---..-.-.-.—-——w—-—-----.
1494 2496 1509 2499 -
1648 2496 1663 2499 -
1724 2495 1775 2499 -.
1804 2480 1970 2499 ..Ὗ-..4

2281 2498 2292 2501 -
2313 2498 3163 2506 —-———-———---—-—————·

1463 2594 1832 2650 MARTYRII
1869 2594 1966 2650 DE
2007 2595 2050 2649 B
2089 2596 2184 2652 ΕΤ
2220 2597 2271 2650 V

569 2767 834 2849 regulas,
883 2773 949 2827 ut
995 2766 1191 2825 cervix
1240 2762 1517 2844 cervical,
1562 2761 1755 2843 pulvis
1800 2762 2222 2847 pulvinarium,
2277 2783 2423 2844 quas
2469 2785 2500 2826 a
2545 2769 2912 2846 posteritatis
2958 2767 3176 2847 syllaba

562 2877 868 2935 venientes
913 2872 1087 2952 paulo
1133 2879 1269 2951 post
1314 2879 1669 2951 retegemus,
1744 2879 1804 2931 et
1850 2871 2173 2933 conubium
2219 2872 2310 2933 vel
2370 2891 2441 2933 ex
2490 2873 2711 2935 nubtiis
2757 2874 2847 2934 vel
2894 2894 2965 2935 ex
3015 2874 3175 2936 nubo

564 2980 745 3042 verbo
782 2980 1177 3059 compositum
1216 2996 1347 3038 esse
1386 2979 1520 3056 quis
1556 2973 1851 3057 abneget?
1898 2979 2019 3038 sive
2057 2980 2239 3057 igitur
2286 2997 2317 3038 a
2357 2979 2606 3062 nubtiis,
2653 2980 2691 3042 b
2729 2990 2953 3042 mutam
2999 2980 3175 3042 babe-

562 3087 651 3149 bit
695 3085 1027 3148 secundum
1074 3084 1335 3164 regulam
1386 3102 1559 3164 quam
1609 3092 1745 3145 ante
1792 3085 2128 3166 posuimuS,
2188 3084 2291 3146 ubi
2336 3085 2594 3147 diximus
2640 3105 2960 3168 numquam
3009 3108 3042 3147 v
3089 3088 3174 3149 di-

562 3212 836 3274 gammon
898 3194 1247 3254 consonanti
1302 3193 1615 3273 praeponi,
1671 3192 1792 3251 sive
1850 3190 1922 3251 de
1981 3189 2139 3251 nubo
2198 3190 2378 3252 verbo
2437 3192 2657 3253 factum
2704 3212 2836 3254 esse
2892 3194 3176 3273 dicamuS,
3204 3215 3231 3255 s

565 3301 813 3362 eandem
853 3302 1211 3380 scripturam
1250 3298 1477 3360 tenebit
1513 3298 1844 3360 secundum
1882 3300 2171 3359 rationem
2209 3317 2385 3378 quain
2431 3301 2492 3360 in
2532 3299 2727 3360 verbis
2766 3299 3178 3361 festinabimus

563 3407 832 3468 reddere.
920 3406 1072 3466 hanc
1135 3404 1472 3483 regularum
1533 3402 1882 3464 divisionem
1943 3405 2253 3480 cbntlrmat
2317 3407 2613 3486 scriptura
2688 3408 2969 3469 convivii:
3042 3425 3176 3467 nam

565 3513 835 3575 dissimili
891 3520 1157 3591 tempore
1206 3511 1316 3569 vivi
1375 3509 1628 3589 syllabae
1688 3512 2046 3571 constitutae
2102 3520 2384 3574 notantur
2430 3513 2728 3596 similiter,
2784 3513 2940 3594 quod
2995 3511 3179 3594 prior,

564 3620 620 3682 id
683 3627 773 3681 est
829 3616 1350 3699 antepaennltima,
1414 3615 1585 3695 longa
1641 3624 1734 3676 est
1789 3625 1851 3677 et
1916 3619 2175 3697 speciem
2232 3618 2470 3698 regulae
2530 3623 2748 3682 meruit
2812 3620 2984 3700 paulo
3041 3628 3177 3681 ante

563 3733 950 3805 memoratae,
998 3722 1097 3784 ubi
1147 3725 1522 3784 meminimus
1569 3725 1624 3783 vi
1670 3721 1907 3802 longam
1951 3725 2012 3784 in
2060 3725 2557 3807 antepaenultima
2605 3727 2744 3789 sede
2792 3731 3176 3788 constitutam
3209 3750 3261 3788 ιο

562 3852 673 3914 per
717 3852 753 3891 v
799 3830 1060 3892 vocalem
1107 3829 1421 3890 habentem
1469 3832 1585 3890 vim
1633 3833 2016 3891 consonantis
2064 3836 2401 3894 necessario
2451 3834 2659 3915 scribi3
2708 3852 2951 3895 manens
2994 3834 3176 3895 altera

565 3941 762 4003 brevis
824 3956 1004 4020 supra
1063 3937 1254 3999 dictae
1317 3938 1560 3998 servivit
1620 3936 1884 4019 regulae,
1958 3937 2060 3999 ubi
2131 3938 2387 4000 diximus
2446 3942 2503 4001 vi
2563 3940 2802 4002 brevem
2863 3943 2921 4001 in
2984 3940 3177 4001 medio

567 4048 823 4110 nominis
869 4047 1121 4126 positam
1166 4064 1276 4127 per
1314 4064 1346 4103 v
1394 4046 1729 4125 digammon
1777 4048 1989 4118 notari.
2061 4064 2204 4126 crgo
2243 4045 2505 4126 regulam
2552 4047 2808 4110 absurde
2857 4066 2989 4108 esse
3034 4047 3177 4109 divi·

569 4174 693 4216 sam
740 4172 857 4215 non
905 4151 1179 4214 arbitror.

748 4332 774 4381 1
816 4324 1001 4381 cervix
1039 4323 1279 4380 cervical
1314 4326 1407 4380 vel
1443 4324 1714 4380 cervicale
1750 4324 1937 4394 pulvis
1973 4322 2233 4393 pulvinar
2267 4324 2358 4379 vel
2407 4326 2699 4397 pulvinare
2736 4328 2792 4382 P
2926 4345 2963 4383 a
2997 4331 3180 4398 poste·

567 4409 712 4466 tiore
740 4408 960 4479 syllaba
984 4407 1053 4462 N
1082 4424 1118 4461 a
1143 4405 1475 4476 posteritate
1503 4403 1753 4474 syllabae
1795 4404 1852 4457 P
1957 4410 1988 4458 2
2026 4406 2344 4474 retegemus
2378 4407 2437 4460 et
2471 4407 2772 4463 conubium
2810 4440 2875 4448 —
2916 4414 2948 4463 8
2985 4411 3182 4463 notan-

565 4494 660 4546 tur
704 4488 965 4546 similiter
1013 4485 1070 4541 P
1119 4484 1427 4556 retegimus
1483 4486 1652 4554 τηδνε
1708 4483 2032 4553 regularum
2087 4484 2420 4540 divisionem
2469 4487 2760 4543 confirmat
2805 4488 3080 4557 scriptura
3124 4490 3196 4542 et'

569 4570 909 4626 connubium
945 4584 1019 4622 an
1056 4584 1122 4622 ex
1158 4564 1372 4635 nuptiis
1408 4565 1499 4620 vel
1547 4580 1614 4619 ex
1659 4562 1809 4617 nubo
1848 4592 1914 4602 —
1964 4569 1994 4616 7
2043 4563 2274 4620 reddere
2313 4563 2429 4620 vivi
2474 4565 2724 4635 syllabae
2773 4567 3015 4636 convivii
3049 4585 3181 4623 nam

568 4649 826 4705 dissimili
861 4651 1115 4717 tempore
1153 4646 1494 4701 constitutae
1530 4645 1797 4700 notantur
1831 4643 2089 4699 similiter
2123 4644 2192 4699 N
2294 4650 2362 4698 10
2399 4649 2736 4702 memoratas
2772 4648 2839 4704 N
2939 4648 2998 4703 in
3026 4652 3181 4706 ante·

570 4728 881 4800 penultima
930 4727 1120 4782 sedem
1169 4726 1236 4780 N
1277 4725 1337 4779 in
1386 4722 1890 4794 antepenultimam
1941 4724 2129 4779 sedem
2183 4725 2240 4778 P
2418 4732 2480 4780 11
2531 4726 2920 4795 necessarium·
2950 4730 3078 4784 NP

573 4814 638 4862 12
687 4823 855 4876 supra
900 4806 1083 4864 dictae
1131 4804 1364 4862 servivit
1407 4801 1506 4859 ubi
1543 4803 1599 4857 P
1642 4819 1813 4873 supra
1859 4802 2044 4860 dictae
2082 4804 2328 4860 servavit
2362 4805 2599 4875 scriptor
2634 4807 2752 4862 tam
2790 4808 2885 4863 ubi
2922 4810 2987 4864 N
3125 4808 3183 4865 vi

572 4902 674 4942 om.
712 4886 790 4956 N,
828 4886 958 4941 aad.
996 4886 1053 4941 P
1192 4892 1257 4941 14
1294 4901 1407 4940 non
1442 4899 1542 4939 om.
1582 4884 1659 4952 N,
1695 4887 1825 4942 add.
1870 4885 1927 4940 P
