3613 5528
1391 414 1487 469 DE
1523 414 1721 469 ARTE
1759 413 2088 470 MeTfflcA
2806 388 2817 396 ⁴
2860 463 2865 468 .
2911 415 3042 480 235

432 528 476 565 p.
505 515 623 556 2357.
651 515 704 556 58
731 515 782 555 P.

432 599 544 660 sub
581 600 909 661 diverse-in
959 599 1155 661 verbis
1193 608 1520 680 ponuntur:
1567 618 1701 661 nam
1739 602 2164 681 corripiuntur,
2202 618 2337 660 cum
2385 600 2710 661 crescendo
2757 599 3037 680 disyllaba

433 705 720 787 reddunt,
768 715 833 767 ut
877 706 999 767 adit
1044 706 1173 767 obit
1213 708 1324 767 init
1370 704 1555 787 subit3
1601 706 2013 768 indifferenter
2052 714 2222 788 sunt,
2269 725 2403 767 cum
2451 706 2749 786 trisyllaba
2798 707 3036 787 faciunt,

367 819 372 826 ’
433 820 511 886 υἱ,
545 812 722 874 adicit
757 812 940 874 obicit
985 815 1152 874 inicit
1205 812 1453 895 subicit3
1499 813 1917 894 producuntur
1955 805 2211 894 tantum,
2257 831 2392 874 cum
2438 812 2811 893 tetrasyllaba
2853 795 2931 875 ’ex
2971 833 3035 874 se

431 918 711 999 reddunt,
757 927 825 980 ut
870 919 1059 980 adicio
1098 918 1289 981 obicio
1336 922 1514 982 inicio
1564 920 1811 982 subicio.
1883 922 2026 981 item
2072 919 2487 1001 producuntur
2542 937 2693 1000 quae
2738 938 2848 999 per
2895 940 3035 1000 prae

376 1050 402 1092 5
430 1035 492 1087 et
533 1045 645 1107 per
690 1045 839 1106 quae
886 1028 945 1087 in
994 1029 1202 1107 primis
1241 1026 1478 1108 syllabis
1524 1027 1898 1110 scribuntur3
1946 1027 2290 1093 breviantur
2327 1045 2467 1087 vero
2514 1029 2772 1108 pretium
2820 1046 3035 1107 precor

430 1151 635 1214 premo
680 1131 984 1212 prebendo
1034 1143 1093 1195 et
1139 1153 1385 1216 queror,
1431 1134 1543 1196 hoc
1590 1143 1682 1196 est
1728 1133 2031 1214 querelam
2076 1135 2336 1216 depono,
2384 1144 2444 1198 et
2481 1154 2630 1215 quae
2670 1155 2738 1196 ex
2791 1135 2881 1195 liis
2927 1153 3036 1214 per

430 1239 852 1301 derivationem
892 1239 982 1301 vel
1020 1240 1473 1304 declinationem
1512 1242 1604 1303 vel
1641 1244 2131 1323 compositionem
2171 1244 2299 1304 lieri
2343 1250 2598 1323 possunt
2637 1250 2697 1304 et
2744 1260 2859 1322 que
2897 1259 3033 1302 con-

428 1348 670 1407 iunctio.
745 1349 886 1409 item
925 1355 1130 1408 contra
1169 1347 1512 1410 breviantur
1551 1368 1621 1409 ex
1659 1349 1848 1410 isdem
1896 1350 2438 1430 praepositionibus
2483 1352 2544 1411 in
2592 1350 3038 1429 compositione,
3141 1353 3145 1358 ’

430 1463 494 1514 ιιι
533 1452 747 1513 debinc
784 1452 1090 1533 profectus
1126 1455 1436 1534 professus
1468 1456 1750 1536 profusus
1781 1456 2052 1536 profatus
2083 1474 2341 1536 proavus
2380 1475 2679 1538 pronepos
2719 1464 2780 1518 et
2819 1464 3034 1517 cetera.

352 1588 403 1628 10
609 1559 763 1621 Sunt
826 1561 967 1622 item
1023 1560 1317 1640 aliquanta
1372 1561 1550 1623 verba
1616 1581 1766 1643 quae
1832 1564 2067 1643 primas·
2108 1561 2357 1643 syllabas
2414 1571 2745 1643 temporum
2810 1564 3036 1623 ratione

430 1675 796 1750 permutant,
851 1686 1001 1747 quae
1050 1668 1259 1730 subter
1304 1666 1549 1731 collecta
1605 1672 1667 1730 in
1705 1673 1875 1760 gmni
1930 1672 2252 1751 praeterito
2309 1671 2575 1751 perfeeto
2624 1668 2713 1730 vel
2769 1671 2830 1730 in
2877 1672 3039 1731 omni

430 1776 752 1854 praeterito
808 1773 1387 1856 plusquamperfecto
1445 1777 1534 1838 vel
1600 1779 1660 1838 in
1717 1796 1836 1838 uno
1905 1777 2109 1839 futuro
2165 1778 2325 1838 modi
2390 1786 2618 1839 tantum
2675 1778 3037 1837 coniunctivi

430 1881 869 1964 producuntur,
926 1884 986 1943 in
1043 1884 1261 1944 ceteris
1314 1891 1514 1945 autem
1573 1883 1762 1944 modis
1819 1893 1878 1945 et
1936 1883 2303 1964 temporibus
2358 1883 2728 1964 breviantur,
2787 1893 2852 1946 ut
2898 1893 3039 1946 sunt

430 1987 602 2068 baec,
648 1988 779 2068 lego
826 1989 941 2069 legi
989 2007 1122 2050 cum
1161 1988 1389 2071 legero,
1435 1990 1598 2050 faveo
1650 1990 1762 2050 favi
1799 2007 1936 2050 cum
1977 1989 2200 2070 favero,
2249 1991 2417 2050 venio
2457 1991 2589 2050 veni
2624 2008 2761 2050 cum
2801 2008 3038 2071 venero,

353 2122 402 2161 ιε,
434 2094 592 2174 fugio
640 2095 759 2175 fugi
799 2115 935 2157 cum
974 2097 1210 2178 sugero,
1259 2098 1407 2159 facio
1447 2099 1559 2159 feci
1599 2117 1735 2159 cum
1779 2098 2005 2179 secero,
2043 2097 2220 2158 sedeo
2261 2097 2387 2158 sedi
2425 2115 2562 2158 cum
2600 2096 2839 2180 sedero,
2878 2097 3034 2158 fodio

434 2202 552 2263 sodi
609 2222 742 2264 cum
800 2202 1032 2285 fodero,
1089 2187 1258 2264 video
1316 2204 1432 2265 vidi
1488 2223 1624 2267 cum
1671 2204 1903 2287 videro,
1957 2223 2140 2266 voveo
2190 2206 2318 2264 vovi
2374 2223 2510 2265 cum
2569 2216 2809 2286 vovero,
2867 2204 3034 2264 foveo

434 2308 551 2368 fovi
598 2328 729 2370 cum
778 2311 1006 2392 sovero,
1053 2314 1187 2372 iuvo
1227 2313 1347 2372 iuvi
1387 2329 1521 2373 cum
1560 2313 1793 2391 iuvero,
1839 2330 1949 2391 ago
1990 2313 2082 2390 egi
2129 2328 2265 2372 cum
2305 2329 2511 2392 egero,
2557 2328 2688 2371 emo
2737 2313 2852 2372 emi
2900 2330 3035 2372 cum

433 2433 659 2498 emero,
703 2414 831 2477 lavo
875 2417 988 2479 lavi
1035 2437 1171 2479 cum
1217 2418 1439 2499 lavero,
1500 2418 1634 2478 odio
1682 2417 1779 2479 odi
1827 2436 1962 2479 cum
2010 2417 2219 2497 odero,
2274 2436 2408 2494 sero
2457 2419 2580 2478 sevi
2627 2436 2764 2479 cum
2812 2436 3037 2498 severo,

432 2524 560 2583 sino
598 2525 707 2585 sivi
745 2542 879 2585 cum
919 2527 1141 2607 sivero,
1190 2524 1359 2603 [cavo
1399 2526 1525 2586 cevi
1562 2544 1697 2586 cium
1737 2524 1977 2602 cevero]
2028 2543 2204 2586 caveo
2244 2527 2368 2585 cavi
2408 2543 2544 2585 cum
2592 2544 2820 2587 cavero.
2895 2527 3035 2587 item

353 2655 407 2695 20
433 2639 638 2691 contra
685 2631 1069 2693 inveniuntur
1108 2651 1258 2712 quae
1306 2635 1366 2693 in
1413 2635 1712 2714 praesenti
1761 2641 2027 2713 tempore
2075 2631 2361 2712 producta
2402 2640 2542 2692 sunt
2578 2639 2638 2693 et
2676 2633 2736 2693 in
2775 2639 3035 2713 praeter-

430 2739 511 2798 ito
567 2737 935 2821 breviantur,
992 2747 1058 2801 ut
1105 2747 1243 2801 sunt
1290 2738 1460 2821 haec,
1517 2758 1673 2821 pono
1720 2740 1920 2822 posui,
1966 2755 2112 2818 cogo
2161 2739 2355 2819 coegi,
2401 2737 2477 2799 do
2523 2737 2688 2820 dedi,
2734 2747 2826 2800 sto
2875 2740 3029 2800 steti.

430 2847 568 2906 item
624 2849 818 2907 omnia
876 2846 1052 2907 verba
1116 2865 1265 2926 quae
1331 2848 1392 2907 in
1455 2848 1793 2927 praeteritis
1857 2853 1991 2907 aute
2048 2852 2325 2906 crescunt
2403 2847 2465 2905 in
2530 2847 2738 2926 primis
2797 2844 3033 2927 syllabis

431 2950 787 3028 breviantur,
828 2963 895 3015 ut
930 2953 1124 3035 pendo
1163 2954 1445 3037 pependi,
1486 2954 1701 3016 tondeo
1741 2952 1999 3034 totondi,
2036 2971 2217 3034 posco
2254 2954 2517 3034 poposci,
2556 2972 2734 3014 curro
2774 2957 3033 3035 cucurri,

432 3059 607 3120 tendo
657 3060 907 3143 tetendi,
953 3060 1107 3141 pello
1154 3061 1372 3141 pepuli.

351 3189 403 3228 25
606 3167 751 3228 Item
801 3170 860 3227 in
910 3167 1106 3228 verbis
1153 3186 1303 3247 qnae
1352 3168 1576 3229 eisdem
1617 3168 1848 3229 litteris
1888 3166 2235 3227 scribuntur
2282 3166 2603 3229 notandum
2654 3167 2811 3246 quod
2869 3166 3039 3248 liber,

431 3277 483 3334 si
519 3272 734 3335 librum
773 3275 1065 3353 significat
1101 3283 1202 3359 aut
1240 3275 1551 3356 corticem,
1589 3273 1828 3334 brevem
1867 3273 2044 3334 habet
2080 3273 2146 3353 li,
2186 3275 2236 3334 si
2275 3273 2555 3354 liberum,
2593 3275 2843 3353 longam.
2903 3274 3039 3356 pila,

431 3383 483 3440 si
529 3400 626 3441 vas
673 3382 991 3461 signifieat,
1038 3380 1269 3462 longam
1317 3380 1494 3442 habet
1538 3383 1625 3461 pi,
1683 3382 1734 3441 si
1780 3380 2118 3463 sphaeram,
2176 3381 2433 3442 brevem.
2509 3399 2759 3442 securus
2805 3381 3038 3460 longam

431 3506 522 3568 se,
579 3489 809 3549 securis
863 3485 1121 3550 brevem.
1205 3489 1416 3550 domus
1459 3482 1466 3569 Ι
1507 3487 1746 3549 brevem
1804 3487 1907 3570 do,
1965 3487 2161 3567 doma,
2217 3487 2274 3547 id
2333 3496 2425 3549 est
2483 3496 2733 3570 tectum,
2788 3488 3037 3569 longam.

609 3649 635 3695 1
684 3641 938 3701 diuersae
986 3641 1105 3695 FL
1284 3641 1563 3712 disyllaba
1607 3642 1801 3712 (uerba
1838 3642 1965 3697 add.
2004 3643 2046 3711 l)
2092 3641 2332 3696 reddunt
2366 3642 2419 3695 L
2465 3641 2801 3712 disyllabum
2848 3645 2938 3710 (ex
2977 3660 3036 3698 se

430 3723 557 3777 add.
585 3726 652 3791 p)
691 3721 934 3777 reddunt
971 3720 1101 3775 FP
1134 3721 1474 3793 disyllabum
1511 3738 1578 3775 ex
1616 3738 1674 3775 se
1712 3720 1955 3774 reddunt
1990 3734 2024 3777 ς
2202 3727 2233 3774 2
2273 3721 2654 3778 indifferent-es
2692 3725 2824 3778 sunt
2860 3738 2893 3780 ς

427 3800 725 3871 trisyllaba.
762 3801 813 3854 L
848 3806 898 3856 et
937 3803 1000 3857 in
1035 3819 1205 3873 may-9.
1247 3802 1311 3857 sl’
1351 3801 1524 3856 uerba.
1561 3802 1580 3855 Ζ
1615 3800 1964 3869 trisyllabam
2006 3799 2129 3853 FP
2156 3799 2511 3870 trisyllabum
2538 3818 2583 3860 ’ς
2736 3809 2767 3856 3
2818 3804 2882 3856 ut
2917 3801 3035 3855 adi-

430 3881 508 3936 cit
535 3912 600 3921 —
630 3882 872 3937 reddunt:
897 3898 999 3938 om.
1031 3883 1100 3949 P,
1137 3884 1263 3938 add.
1281 3900 1331 3953 p
1465 3879 1835 3949 tetrasyllaba,
1861 3880 1915 3933 L
1952 3880 2372 3949 tetrasyllabam
2404 3881 2505 3950 Fp
2542 3881 2970 3952 tetrasyllabum
3002 3896 3035 3938 ς

535 3967 566 4016 5
604 3962 884 4032 praetium
918 3979 1151 4033 praecor
1190 3962 1250 4017 F
1410 3970 1442 4017 6
1480 3965 1538 4017 et
1573 3978 1673 4016 om.
1714 3960 1788 4027 F,
1826 3962 1954 4016 add.
1992 3961 2114 4014 LP
2270 3963 2590 4037 quaerelam
2631 3961 2693 4016 F
2841 3966 2874 4015 9
2911 3977 3034 4029 pro-

427 4039 600 4111 fatus]
638 4041 916 4112 profectus
954 4043 1247 4098 Patschiua
1388 4047 1449 4094 11
1492 4040 1583 4096 vel
1619 4039 1677 4094 in
1715 4038 1867 4094 omni
1902 4039 2208 4107 praeterito
2247 4041 2793 4110 plusquamperfecto
2829 4057 2928 4095 om.
2962 4039 3036 4106 F,

428 4123 557 4177 add.
584 4123 620 4189 f
739 4128 804 4177 12
834 4122 1240 4179 coniunctatiui
1271 4121 1341 4190 P,
1368 4137 1505 4176 corr.
1536 4117 1880 4174 coniunctiui
1910 4117 1970 4171 F
2094 4127 2158 4174 13
2188 4124 2379 4176 autem
2406 4138 2505 4176 om.
2539 4121 2595 4175 P
2726 4126 2792 4174 14
2818 4119 3031 4197 favero]

428 4218 605 4271 pauco
644 4203 777 4271 paui
814 4220 940 4257 cum
976 4220 1185 4272 pauero
1224 4203 1297 4259 al.
1326 4217 1473 4256 man.
1502 4200 1633 4253 add.
1667 4199 1722 4251 P
1833 4204 1896 4253 15
1935 4215 2060 4253 eum
2090 4199 2285 4256 sedero
2322 4201 2485 4256 foueo
2521 4199 2642 4256 foui
2679 4217 2805 4255 cum
2842 4199 3033 4253 fouere

426 4279 592 4335 uideo
629 4280 748 4336 uidi
785 4299 911 4337 eum
949 4281 1145 4337 uidero
1183 4299 1359 4338 uoueo
1397 4282 1533 4337 uoui
1569 4298 1695 4335 cum
1733 4295 1939 4333 uouere
1977 4278 2128 4335 fodio
2168 4279 2282 4334 sodi
2319 4299 2445 4335 cum
2482 4280 2673 4335 fodero
2710 4278 2841 4334 iuno
2880 4277 2936 4330 P

429 4360 604 4431 fodio]
642 4360 806 4418 fodeo
846 4361 908 4415 F
1057 4368 1122 4417 16
1161 4378 1339 4417 uoueo
1367 4361 1512 4425 ,uoui
1549 4378 1676 4416 cum
1713 4360 1906 4415 fouere
1944 4357 2076 4413 iuno
2117 4358 2178 4412 F
2323 4358 2645 4415 iove0.fovi
2680 4376 2807 4413 cum
2842 4357 3034 4412 foveto

426 4458 529 4496 om.
567 4440 646 4508 L,
682 4441 810 4496 add.
851 4443 871 4496 l
1032 4448 1096 4497 18
1134 4442 1263 4496 labo
1302 4439 1417 4495 lani
1455 4456 1582 4494 cnm
1620 4441 1812 4495 labero
1850 4438 1978 4496 odio
2015 4438 2109 4494 odi
2146 4456 2272 4493 cum
2309 4439 2478 4495 odero
2519 4439 2580 4493 F
2610 4439 2739 4495 odio
2777 4438 2871 4493 odi
2907 4455 3033 4493 cum

427 4521 597 4577 odero
634 4522 765 4577 lano
803 4520 921 4575 laui
957 4538 1082 4576 eum
1119 4521 1312 4576 lauero
1352 4522 1400 4574 L
1509 4558 1512 4559 ν
1543 4521 1692 4591 sero]
1732 4536 1865 4575 aeuo
1906 4518 1966 4572 F
2110 4524 2174 4573 19
2212 4518 2341 4589 sivi]
2381 4517 2490 4573 sini
2530 4518 2591 4572 F
2734 4533 2872 4573 cauo
2910 4517 3034 4572 ceni

536 4605 587 4634 00

427 4662 556 4701 cum
583 4662 716 4701 uero
745 4661 919 4701 caneo
948 4644 1075 4700 caui
1103 4661 1226 4700 cum
1257 4663 1456 4701 caueto
1498 4646 1558 4700 F
1588 4661 1762 4700 caneo
1799 4644 1924 4700 eeui
1959 4661 2086 4699 oum
2124 4659 2323 4699 eeuero
2360 4642 2600 4712 (decipio
2637 4642 2769 4697 inde
2805 4639 3035 4696 cauilla-

425 4728 520 4780 tor
543 4741 809 4793 superarer.
838 4726 877 4792 l)
916 4740 1090 4780 caneo
1128 4724 1255 4780 caui
1285 4742 1415 4795 ‚cum
1454 4740 1655 4781 caueto
1692 4724 1744 4778 L
1780 4739 1952 4779 caneo
1991 4723 2119 4778 caui
2156 4740 2281 4778 cum
2323 4740 2522 4778 ‹za-uero
2560 4723 2616 4777 P
2716 4728 2782 4776 21
2822 4720 3035 4776 breuia·
3102 4774 3111 4781 ,

424 4808 619 4940 ῧτδὲι
637 4804 933 4939 sgroLhaee
972 4803 1034 4857 F
1154 4811 1222 4859 23
1260 4807 1478 4876 pendeo
1517 4802 1759 4875 pependi
1793 4802 1967 4858 tendo
2006 4804 2069 4869 ,F
2188 4809 2255 4858 27
2292 4819 2509 4872 speram
2548 4802 2669 4857 FL
2805 4803 3034 4873 longam
