3613 5528
338 1049 365 1089 ὅ

1390 419 1488 474 DE
1525 420 1789 475 VERBIS
1827 420 2071 477 DVBHS
2901 424 3024 486 111

420 531 462 567 p.
490 520 607 559 2249.
636 520 695 559 50
716 519 766 558 P.

418 612 594 665 recte.
668 603 912 683 pelagus
961 603 1227 665 neutrale
1276 613 1367 665 est
1412 622 1524 665 nec
1571 603 1750 665 habet
1794 604 2101 685 pluralem.
2177 606 2507 689 pessulum,
2547 625 2664 668 non
2711 607 3028 687 pestulum.

418 710 815 791 privilegium,
862 710 1017 790 quod
1059 713 1254 791 privet
1300 711 1446 794 lege,
1494 731 1612 773 non
1651 712 2068 792 primilegium.
2143 732 2394 793 prunam
2446 716 2726 777 feminine
2777 716 3029 777 dicimus

419 816 764 900 carbonem,
825 837 1019 898 pruna
1084 819 1437 881 neutraliter
1501 838 1693 899 poma.
1780 837 2000 899 pumex
2065 819 2162 880 hic
2227 830 2406 882 recte.
2498 829 2845 905 puteanam,
2911 842 3028 884 non

416 924 728 1004 putealem.
799 926 994 1005 pulvis
1039 926 1155 1008 hic,
1201 945 1321 987 non
1368 926 1594 1006 pulver.

592 1031 888 1102 Quadrata
936 1032 1235 1112 amphora.
1313 1034 1593 1112 quatinus
1645 1032 1654 1109 Ι
1704 1036 2048 1096 coniunctio
2107 1035 2358 1096 causalis
2414 1042 2521 1117 est,
2575 1042 2868 1115 quatenus
2919 1038 3027 1097 ad-

418 1138 685 1197 verbium
730 1136 847 1199 loci
893 1146 994 1200 aut
1041 1140 1348 1219 temporis,
1426 1138 1662 1218 quando
1714 1140 2070 1223 temporale,
2116 1151 2336 1221 quanto
2384 1144 2762 1203 causativum.

591 1243 821 1324 Rapum
877 1244 1018 1326 hoc,
1075 1264 1194 1306 non
1256 1264 1414 1325 rapa.
1497 1245 1711 1307 horum
1768 1250 2018 1329 retium,
2075 1266 2193 1309 non
2249 1257 2472 1331 retum,
2526 1250 2661 1328 quia
2722 1252 3029 1327 genetivus

419 1368 735 1430 numquam
783 1354 1094 1431 pauciores
1141 1352 1390 1433 syllabas
1436 1352 1614 1414 habet
1660 1372 1836 1432 quam
1884 1356 2299 1417 nominativus.

595 1457 853 1541 Sartum,
901 1477 1023 1520 non
1073 1477 1322 1520 sarsum.
1401 1463 1642 1539 sanguis
1690 1461 1803 1542 hic,
1853 1477 1971 1521 non
2022 1480 2303 1541 sanguen.
2378 1465 2800 1524 sarcinatorem
2848 1475 3028 1525 recte.

338 1583 390 1623 ιο
418 1583 622 1644 saepes
675 1565 821 1627 haec
883 1575 1064 1628 recte.
1151 1566 1236 1627 sal
1288 1567 1414 1648 hic,
1470 1567 1622 1628 sales
1680 1570 1795 1629 ioci
1854 1579 2010 1629 sunt.
2087 1569 2406 1649 scrupulus
2453 1569 2566 1630 hic.
2643 1574 3029 1655 serpentium,

417 1691 535 1732 non
603 1681 966 1753 serpentum.
1062 1673 1449 1753 similaginem
1508 1675 1756 1735 farinam
1813 1683 1996 1737 recte.
2087 1676 2525 1757 sterquilinium
2586 1676 2715 1738 hoc.
2815 1680 3029 1757 striges

419 1778 703 1860 [strigis],
758 1799 876 1841 non
933 1783 1177 1860 strigae:
1233 1783 1417 1860 striga
1464 1780 1839 1842 intervallum
1886 1792 2251 1865 turmarum,
2299 1782 2402 1844 ubi
2448 1785 2588 1863 equi
2634 1786 3028 1863 stringuntur.

418 1889 627 1966 stipeS‚
682 1904 801 1947 non
857 1890 1023 1967 stips,
1106 1891 1391 1967 sternuit,
1446 1905 1566 1947 non
1626 1894 1939 1949 sternutat.
2016 1890 2293 1951 stimulus
2346 1889 2460 1950 hic.
2548 1891 2831 1972 succilus,
2891 1912 3026 1953 cum

419 1995 657 2072 sanguis
703 2012 768 2054 se
814 1993 950 2053 cilio
999 1992 1323 2054 subfundit.
1420 1992 1621 2054 cilium
1669 2001 1867 2054 autem
1924 1996 2081 2056 inter
2130 1995 2335 2056 oculos
2381 2003 2442 2056 et
2489 1997 2871 2077 supercilium
2919 2007 3027 2061 est.

597 2278 625 2325 1
665 2272 789 2344 nec]
828 2290 941 2328 non
981 2272 1029 2326 G
1175 2273 1486 2345 pessulum]
1524 2272 1790 2343 pexulum
1829 2272 1906 2326 M
1911 2272 1959 2327 0
2096 2279 2128 2328 2
2167 2274 2318 2343 quod
2347 2305 2414 2314 —
2443 2274 2825 2348 primilegium
2852 2294 2953 2333 om.
2987 2278 3035 2333 0

522 2352 674 2424 lege]
712 2352 898 2423 legem
926 2352 1003 2406 M
1030 2353 1241 2424 legium
1277 2354 1336 2407 Β
1477 2351 1884 2425 primilegium]
1923 2351 2346 2423 priumilegium
2376 2355 2453 2408 M
2587 2356 2832 2411 Prunam
2867 2359 3029 2413 femi-

416 2484 545 2540 nine
583 2484 843 2555 (feminae
884 2484 955 2556 G)
995 2486 1290 2542 carbonem
1326 2505 1508 2558 pruna
1542 2488 1740 2558 (pluna
1777 2484 1848 2553 G)
1897 2485 2229 2541 neutraliter
2274 2505 2445 2558 poma
2481 2488 2595 2543 ΒΟ
2638 2449 2879 2560 ρταηιιιὲι
2914 2489 3030 2544 feffi

417 2573 522 2635 εἴη·
566 2566 732 2621 arbor
774 2584 955 2635 pruna
996 2571 1330 2626 neutraliter
1363 2587 1535 2641 poma.
1571 2569 1648 2622 M
1782 2573 1816 2621 3
1869 2581 2073 2637 pomex
2112 2564 2160 2619 G
2297 2572 2448 2624 recte
2485 2586 2587 2626 om.
2626 2569 2703 2624 M
2836 2572 3032 2640 putea-

418 2662 547 2700 nam
589 2663 703 2701 non
747 2646 1029 2715 putealem
1074 2649 1191 2703 ΒΟ
1229 2653 1369 2721 puta
1413 2667 1523 2705 non
1568 2651 1703 2719 pute
1750 2647 1834 2702 M.
1901 2663 1978 2701 an
2020 2649 2326 2716 puteanam
2364 2666 2569 2719 aquam
2607 2648 2867 2718 dicimus,
2914 2665 3026 2704 non

417 2726 736 2797 putealem?
881 2731 912 2781 5
950 2727 1166 2797 quadra
1201 2730 1473 2800 amphora
1512 2727 1560 2783 0
1590 2727 1811 2797 quadra
1847 2725 2043 2782 anfora
2081 2726 2136 2781 Β
2281 2727 2554 2795 Quatinus
2593 2728 2909 2786 coniunctio
2948 2733 3033 2786 est

418 2811 690 2875 quatenus
727 2807 838 2862 loci
868 2811 968 2863 aut
1001 2810 1271 2880 temporis
1300 2811 1376 2863 M
1405 2809 1677 2876 Quatinus
1707 2811 1867 2878 (corr.
1892 2808 2196 2876 Quatenus)
2225 2810 2611 2865 accusatiuum
2641 2815 2728 2866 est
2755 2813 3032 2881 quatenus

419 2890 573 2955 (corr.
614 2886 899 2957 quatinus)
943 2887 1055 2943 loci
1099 2893 1200 2945 aut
1242 2889 1511 2960 temporis
1545 2888 1604 2941 Β
1650 2887 1913 2958 quatinus
1952 2888 2305 2943 causatiuum
2342 2892 2429 2945 est
2478 2893 2751 2960 quatenus
2787 2891 2898 2946 loci
2935 2895 3034 2947 aut

416 2969 682 3038 temporis
712 2966 776 3023 0:
807 2969 877 3034 cf.
904 2985 1079 3037 supra
1098 2986 1159 3037 Ρ.
1190 2974 1319 3036 100,
1345 2974 1380 3024 9
1526 2975 1558 3022 6
1591 2970 1801 3037 quanto
1832 2966 2181 3023 causatiuum
2217 2969 2289 3022 M
2326 2973 2535 3037 quanto
2564 2970 2949 3026 accusatiuum
2974 2973 3031 3026 Β

418 3048 639 3116 quando
658 3045 1008 3102 causatiuum
1032 3047 1089 3102 Ο.
1114 3048 1335 3117 quando
1359 3049 1548 3117 priore
1573 3049 1789 3120 syllaba
1819 3053 1986 3104 acuta
2013 3052 2321 3118 temporale,
2338 3052 2634 3119 posteriore
2652 3056 2819 3105 acuta
2837 3067 3030 3106 caasa-

416 3128 586 3182 tivum
621 3143 730 3183 esse
766 3128 1169 3182 adnotaverunt
1208 3127 1497 3184 Charisius
1536 3146 1596 3198 Ρ.
1635 3133 1766 3196 111,
1805 3133 1903 3195 27,
1955 3128 2157 3183 Festus
2196 3147 2257 3199 Ρ.
2296 3136 2441 3199 258,
2477 3132 2583 3187 alii
2762 3136 2794 3185 7
2831 3146 3029 3201 rapum

415 3207 521 3262 hoc
548 3225 662 3264 uon
686 3225 825 3279 rapa
855 3208 901 3263 Ο
933 3225 1075 3279 rapa
1107 3210 1213 3264 hec
1243 3209 1327 3278 M,
1364 3226 1464 3264 om.
1496 3209 1551 3263 Β
1695 3210 1802 3263 hoc
1839 3210 1999 3278 (cor-r.
2028 3211 2250 3279 harum)
2287 3212 2490 3266 retium
2527 3228 2641 3266 non
2674 3212 2857 3265 retum
2896 3213 3030 3281 quia.

416 3289 696 3360 genitiuus
732 3306 1040 3359 numquam
1076 3290 1366 3360 pauciores
1395 3289 1644 3361 syllabas
1680 3290 1859 3344 habet
1894 3307 2063 3359 quam
2092 3288 2471 3346 nominatiuus
2497 3294 2646 3348 recte
2681 3294 2790 3348 hoc
2817 3295 3030 3348 sartum

420 3368 466 3422 C
503 3370 700 3424 horum
746 3368 952 3424 retium
996 3369 1105 3425 hoc
1151 3386 1254 3425 nec
1300 3370 1459 3440 (corr.
1507 3373 1563 3440 fi)
1608 3372 1825 3425 rectum
1875 3370 2010 3439 quia
2055 3370 2339 3441 negitiuus
2384 3390 2688 3444 numquam
2738 3372 3031 3445 pauciores

416 3450 658 3519 syllabas
693 3450 869 3504 habet
905 3466 1073 3518 quam
1110 3450 1490 3505 nominatiuus
1525 3451 1697 3506 Recte
1745 3450 1855 3506 hoc
1892 3453 2106 3505 sartum
2142 3451 2197 3505 Β
2248 3450 2475 3507 Retium
2521 3454 2628 3508 hoc
2664 3470 2776 3508 non
2812 3456 3029 3509 rectum

416 3530 549 3599 quia
592 3529 885 3599 genetiuus
929 3548 1234 3600 numquam
1279 3531 1466 3601 potior
1510 3537 1541 3585 e
1587 3530 1816 3600 syllabis
1861 3547 2031 3599 quam
2076 3530 2455 3587 nominatiuus
2504 3536 2656 3587 recte
2695 3536 2908 3589 sartum
2946 3535 3029 3591 M.

414 3609 647 3677 retium,
683 3625 792 3663 non
829 3613 1037 3678 retum,
1077 3611 1370 3680 quoniam,
1417 3611 1483 3665 ut
1530 3610 1613 3665 ait
1648 3610 1865 3665 Plinius
1904 3611 2171 3667 sermonis
2207 3611 2364 3667 dubii
2399 3612 2546 3668 libro
2582 3613 2689 3684 VI,
2736 3614 3031 3684 genetivus

415 3704 715 3759 numquam
760 3690 1052 3759 pauciores
1097 3692 1339 3760 syllabas
1383 3690 1559 3745 habet
1603 3707 1773 3759 quam
1810 3689 2187 3746 nominativus
2227 3690 2517 3747 Charisius
2541 3710 2606 3762 Ρ.
2643 3698 2774 3761 142,
2809 3700 2885 3749 12

417 3776 449 3824 9
486 3770 726 3842 sarsum]
773 3787 987 3826 sorsum
1028 3769 1076 3824 G
1248 3771 1520 3841 sanguen]
1572 3769 1880 3840 sauguinen
1927 3787 2063 3827 corr.
2103 3787 2351 3841 sanguen
2394 3772 2453 3825 Β
2632 3774 3031 3829 sarcinatorem

416 3851 566 3905 recte
607 3849 655 3904 Ο
685 3849 1008 3905 sarcinator.
1048 3857 1079 3905 ὃ
1116 3853 1267 3905 recte
1306 3851 1382 3903 M
1413 3849 1822 3906 Sarcinatorem
1862 3851 1982 3919 (om.
2011 3854 2183 3921 recte)
2222 3853 2277 3907 Β
2423 3860 2490 3909 10
2530 3854 2700 3924 Sepes
2739 3854 2871 3907 ΜΒ
2887 3853 2934 3907 0

417 3929 514 3985 Sal
548 3931 643 3984 hic
679 3930 824 3985 sales
858 3928 971 3984 ioci
1006 3933 1133 3984 sunt
1166 3930 1225 3983 Β
1261 3931 1347 3985 sal
1381 3930 1475 3984 hic
1512 3930 1645 3985 salis
1679 3930 1792 3985 loci
1827 3937 1858 3985 's
1898 3929 1946 3984 Ο
1978 3931 2130 3986 Salix
2169 3932 2356 3987 salicis
2394 3933 2470 3987 M
2633 3934 2936 4004 Scrupulus
2972 3935 3027 3988 Β

415 4009 686 4080 scrupulis
725 4010 773 4064 0
805 4009 1079 4080 scripulus
1107 4010 1190 4065 M.
1235 4012 1475 4082 Scrupus
1510 4009 1604 4065 hic
1639 4015 1893 4079 excerpta
1921 4010 2421 4080 Montepessulana.
2461 4013 2782 4084 scrupulum
2817 4030 3027 4070 mascu-

415 4090 551 4155 lino,
576 4106 691 4144 non
716 4093 912 4144 neutro
947 4107 1135 4160 yenere
1169 4092 1286 4145 dici
1310 4093 1485 4146 voluit
1518 4092 1931 4161 qrammaticus,
1967 4108 2296 4161 quamquam
2323 4092 2597 4164 scripulus
2630 4095 2851 4161 defendi
2875 4100 3028 4163 pote-

412 4174 506 4223 rat
550 4170 667 4224 coll.
708 4167 922 4224 Charis.
959 4187 1021 4239 Ρ.
1061 4176 1187 4238 105,
1225 4175 1259 4226 5
1441 4178 1505 4227 11
1559 4172 1949 4242 sterquilinum
1990 4170 2038 4224 C
2212 4172 2427 4243 Striges
2471 4172 2661 4243 strigis
2697 4190 2808 4229 non
2854 4174 3028 4243 sti-ige

414 4267 593 4338 striga
629 4267 789 4323 intua
823 4266 923 4323 ubi
958 4267 1088 4338 equi
1126 4268 1475 4339 stringuntur
1510 4268 1587 4321 M
1618 4268 1831 4339 Striget
1866 4268 2067 4340 striges
2094 4287 2205 4324 uon
2235 4270 2407 4340 strigo
2446 4272 2656 4340 (strage
2684 4287 2826 4346 corr.
2853 4271 3027 4341 strigo

412 4347 491 4417 Β)
538 4347 714 4419 striga
757 4348 816 4403 in
862 4349 1050 4402 turma
1094 4347 1356 4417 (interma
1396 4346 1462 4416 0)
1506 4347 1607 4401 ubi
1651 4348 1781 4439 equi
1832 4348 2244 4419 distringuntur
2289 4349 2416 4420 ΒΟ,
2465 4351 2626 4405 Sti-ex
2672 4351 2730 4405 et
2777 4335 3026 4420 stringiis

413 4444 528 4482 non
566 4427 836 4500 stringiae
876 4429 1066 4499 Sti-iga
1108 4429 1167 4483 in
1212 4432 1401 4483 turma
1435 4428 1534 4481 ubi
1581 4428 1709 4496 equi
1756 4427 2166 4499 distringuntur
2201 4435 2456 4499 επεψτα
2492 4429 2670 4485 Mont.
2711 4432 2924 4484 correxi
2960 4446 3026 4484 ex

415 4506 672 4563 Charisia
698 4526 760 4579 Ρ.
798 4515 928 4577 109,
966 4514 1036 4564 14
1250 4514 1316 4563 13
1356 4510 1584 4562 steruua
1619 4524 1731 4562 non
1769 4510 2049 4564 sternutat
2084 4509 2161 4563 M
2190 4512 2468 4564 sternutat
2501 4525 2610 4564 nou
2651 4511 2935 4564 sturnutat
2969 4510 3024 4563 Β

414 4590 667 4644 sternuat
698 4605 812 4644 non
848 4591 1128 4645 sternutat
1166 4588 1214 4644 0
1245 4590 1523 4645 sternutat
1556 4605 1667 4643 non
1698 4589 1954 4643 sternuat
1989 4606 2042 4658 c,
2081 4589 2285 4646 stertat
2318 4606 2430 4645 uon
2458 4592 2739 4646 sternutat
2772 4594 3026 4658 excerpta

415 4667 595 4724 Mont.
737 4669 833 4724 hic
862 4675 991 4739 post
1026 4669 1284 4725 stimulus
1319 4684 1420 4725 om.
1462 4667 1511 4721 G
1649 4667 1902 4724 Succilus
1938 4686 2123 4726 secum
2161 4670 2388 4741 sanguis
2424 4669 2615 4725 secilio
2653 4669 2941 4725 subfundit
2968 4672 3025 4727 Β

417 4757 651 4865 Siccillis
685 4826 873 4865 secum
910 4810 1137 4881 sanguis
1174 4809 1366 4865 secilio
1410 4809 1680 4865 suffundit·
1718 4810 1767 4865 0
1808 4810 2049 4866 succilus
2094 4827 2250 4866 secus
2296 4810 2522 4882 sangnis
2568 4811 2903 4868 suffunditur
2940 4815 3024 4873 M.

416 4891 647 4957 sonasse
681 4890 968 4946 succilium
