3613 5528
1385 385 1483 440 DE
1522 384 1718 467 ARTE
1755 381 2085 440 ΜΕΤΒΙΟΑ
2152 359 2159 366 ’
2908 381 3040 446 233

430 498 474 534 p.
502 486 621 526 2³55.
650 487 702 526 56
730 486 779 527 P.
1335 504 1339 508 ·

748 569 1086 632 consiliis
1131 588 1385 651 parere
1433 571 1665 650 prius,
1712 587 1796 630 ne
1846 568 2063 630 litora
2106 567 2359 630 Cretae

747 665 1123 757 linqueres
1170 679 1405 753 insani
1453 676 1721 738 rabiem
1766 694 2065 756 passura
2112 674 2471 755 profundi.

432 786 718 864 septimus
764 784 975 845 modus
1022 793 1142 865 est,
1191 804 1328 846 cum
1373 802 1702 865 pronomen
1741 803 1773 846 c
1823 782 2017 844 littera
2065 784 2451 844 terminatum
2494 783 2710 844 vocalis
2756 784 2951 843 statim

443 892 736 969 sequitur:
785 899 878 952 est
923 892 1079 953 enim
1127 891 1299 970 longa
1344 893 1408 952 in
1453 890 1594 971 boc,

353 1023 379 1061 5
751 1016 889 1059 non
936 998 1099 1078 quia
1147 1000 1268 1077 qui
1315 1014 1627 1058 summus
1673 1004 1882 1076 pater
1928 1003 2063 1076 est,
2110 1004 2180 1056 et
2227 994 2428 1056 silius
2474 996 2588 1058 hic
2634 1004 2770 1078 est,

749 1105 871 1167 sed
921 1106 1083 1184 quia
1132 1104 1312 1184 quod
1363 1122 1674 1165 summus
1719 1110 1927 1183 pater
1972 1114 2108 1184 est,
2155 1113 2225 1165 et
2270 1102 2475 1164 filius
2520 1102 2650 1164 hoc
2697 1113 2832 1185 est3

435 1210 629 1272 brevis
675 1213 735 1273 in
783 1211 926 1292 boc,

748 1317 861 1379 hic
909 1319 1041 1399 vir,
1089 1318 1204 1379 hic
1251 1324 1388 1392 est,
1437 1315 1572 1378 tibi
1621 1335 1828 1396 quem
1874 1318 2206 1397 promitti
2254 1318 2547 1396 saepius
2594 1316 2815 1377 audis,

434 1423 534 1484 sed
582 1432 642 1485 et
688 1423 1031 1486 adverbium
1069 1443 1102 1486 c
1139 1424 1335 1486 littera
1381 1424 1763 1485 terminatum
1800 1441 2178 1485 communem
2215 1422 2495 1503 syllabam
2531 1423 2697 1484 facit.
2744 1425 2836 1483 est
2883 1426 3039 1484 enim

359 1553 409 1593 ιο
434 1530 604 1610 longa
651 1533 711 1592 in
759 1532 872 1592 hoc
917 1530 1180 1613 Paulini,

749 1637 974 1699 donec
1023 1637 1440 1719 adspirante
1488 1637 1617 1704 deo
1666 1636 2046 1698 conatibus
2093 1638 2360 1717 aegris3

436 1741 630 1805 brevis
676 1746 765 1816 in
785 1744 898 1806 hoc
944 1744 1253 1826 Prosperi,

749 1859 829 1913 ut
873 1852 1115 1913 morbo
1163 1851 1487 1914 obsessis
1532 1851 1963 1932 praestanda
2009 1859 2120 1912 est
2166 1869 2338 1912 cura
2380 1807 2739 1932 medendi,

856 1957 1080 2020 done-c
1124 1960 1196 2036 in
1242 1967 1538 2039 aegroto
1585 1977 1891 2039 corpore
1940 1960 2082 2020 vita
2130 1966 2378 2020 manet.

361 2087 410 2126 ιε»
438 2068 676 2122 octavus
713 2063 924 2125 modus
963 2067 1260 2146 est,‘cum
1299 2074 1633 2147 correptam
1669 2066 1931 2127 vocalem
1969 2068 2029 2127 in
2071 2065 2273 2126 eadem
2311 2074 2481 2146 parte
2520 2067 2813 2127 orationis
2844 2068 3037 2145 seqni-

438 2178 536 2229 tur
580 2189 609 2229 z
656 2185 991 2232 consonans
1035 2190 1246 2252 graeca
1294 2172 1538 2254 duplex.
1585 2180 1677 2234 est
1724 2175 1881 2234 enim
1926 2171 2097 2252 longa
2144 2174 2206 2233 in
2252 2172 2365 2234 hoc
2412 2173 2678 2255 Iuvenci,

753 2277 1072 2340 difficile
1120 2288 1230 2341 est
1274 2283 1497 2342 terris
1544 2279 1824 2350 adfixos
1871 2279 2100 2341 divite
2147 2298 2336 2361 gaza3

439 2391 531 2444 est
573 2382 774 2445 brevis
821 2386 880 2446 in
929 2384 1042 2446 boc
1090 2386 1385 2468 eiusdem,
1427 2429 1432 2434 ·

669 2567 690 2574 ‚
753 2500 821 2553 et
866 2511 1027 2572 gaza
1074 2493 1390 2556 distabat
1435 2513 1673 2556 rerum
1719 2494 2091 2574 possessio
2139 2492 2444 2573 fulgens

359 2619 412 2658 so
439 2615 627 2659 nonus
666 2598 878 2660 modas
915 2607 1032 2681 est,
1082 2619 1199 2680 quo
1237 2603 1429 2662 omnis
1475 2600 1691 2682 syllaba
1731 2602 2048 2662 novissima
2089 2619 2299 2662 versus
2332 2603 2394 2662 in
2436 2620 2809 2682 quocumque
2851 2609 3041 2662 metro

436 2704 752 2788 adiat‘oros,
788 2705 846 2768 id
885 2715 976 2770 est
1014 2707 1385 2791 indifferens,
1424 2717 1516 2771 est
1542 2717 1603 2771 et
1631 2708 1700 2770 ad
1742 2708 2102 2770 voluntatem
2141 2716 2449 2789 poetarum
2481 2708 2570 2771 vel
2600 2717 2874 2789 correpta
2904 2726 3037 2789 pro-

435 2811 778 2874 ducum-vel
799 2816 1121 2895 corripitur
1148 2816 1455 2898 producta,
1477 2817 1631 2897 quod
1662 2818 2035 2896 frequentius
2057 2824 2148 2877 est
2177 2835 2351 2895 qnam
2373 2831 2439 2879 ut
2461 2816 2745 2897 exemplis
2767 2815 3038 2895 indigeat.

611 2920 929 2982 Sciendum
979 2930 1070 2983 est
1116 2930 1312 2983 autem
1361 2923 1517 3003 quod
1558 2908 1591 2983 x
1637 2922 1806 2983 litera
1844 2920 2060 3003 duplex
2111 2941 2431 3003 numquam
2479 2923 2618 2984 facit
2664 2939 3038 2984 communem

437 3024 738 3107 syllabam,
787 3028 892 3089 sed
940 3048 1075 3089 cum
1132 3031 1193 3090 in
1242 3029 1450 3090 eodem
1496 3030 1678 3091 verbo
1726 3032 1999 3109 sequitur
2047 3028 2334 3112 vocalem,
2390 3048 2627 3110 semper
2671 3048 2800 3090 eam
2861 3027 3039 3089 babet

359 3151 410 3190 25
438 3132 664 3212 longam
703 3142 805 3194 aut
852 3143 1089 3217 natura,
1136 3144 1202 3197 ut
1246 3154 1358 3215 pax
1406 3135 1497 3197 lex
1544 3136 1643 3197 lux
1692 3155 1797 3197 rex
1837 3154 1973 3217 vox,
2019 3144 2122 3197 aut
2165 3137 2490 3217 positione,
2536 3144 2603 3197 ut
2648 3136 2743 3196 sax
2783 3154 2895 3196 nex
2936 3137 3035 3195 nix

436 3259 550 3300 nox
590 3259 706 3303 nux
755 3248 817 3302 et
862 3241 996 3302 exul
1043 3242 1238 3303 exitus
1276 3243 1539 3305 exitium.
1614 3261 1750 3304 cum
1789 3261 1929 3304 vero
1975 3244 2037 3302 in
2083 3242 2408 3322 primordio
2455 3243 2636 3304 suerit
2682 3242 2873 3324 verbi,
2921 3259 3038 3302 non

435 3354 630 3426 potest
675 3348 1007 3428 producere
1055 3351 1232 3410 finem
1277 3351 1497 3430 prioris
1535 3349 1699 3411 verbi
1746 3348 1904 3428 q'uod
1952 3350 2015 3409 in
2062 3348 2300 3409 brevem
2347 3347 2605 3410 desierat
2642 3348 2927 3428 vocalem,
2973 3355 3041 3409 ut

751 3456 1094 3535 pont-ibus
1141 3458 1475 3517 instratis
1522 3455 1868 3518 conduxit
1913 3454 2128 3517 litora
2174 3455 2462 3517 Xerxes

437 3578 476 3620 n
530 3580 766 3641 quoque
820 3560 1015 3625 littera
1071 3565 1200 3644 pari
1253 3566 1508 3645 ratione,
1565 3565 1627 3624 ni
1685 3562 1871 3645 fallor,
1918 3582 2053 3625 cum
2114 3566 2175 3625 in
2224 3563 2418 3625 medio
2465 3562 2646 3624 verbo
2694 3565 3040 3624 consonanti

356 3686 410 3724 ao
436 3667 604 3729 alteri
662 3669 841 3730 suerit
896 3669 1189 3751 subiecta,
1255 3669 1706 3751 praecedentem
1741 3669 2042 3750 ‘syllabam
2099 3672 2221 3732 sive
2264 3664 2271 3753 Ι
2315 3681 2522 3732 natura
2579 3689 2687 3731 seu
2745 3671 3038 3750 positione

436 3794 671 3856 semper
725 3776 957 3855 longam
1012 3776 1215 3859 habet,
1272 3787 1338 3839 ut
1393 3796 1574 3857 regna
1621 3775 1928 3838 calumnia.
2004 3796 2139 3838 curn
2188 3796 2327 3839 vero
2385 3779 2447 3838 in
2502 3777 2828 3865 primordio
2875 3775 3039 3837 verbi

436 3881 617 3942 suerit
662 3880 759 3943 alii
804 3883 1070 3945 subiecta
1116 3874 1491 3964 consonanti,
1547 3891 1615 3945 ut
1662 3882 1899 3944 Gnaeus
1943 3901 2191 3962 gnaruS,
2237 3884 2507 3962 profecto
2555 3882 2818 3946 ultimam
2868 3881 3037 3963 sylla·

436 3986 570 4047 bam
607 3986 770 4049 verbi
814 3991 1060 4072 prioris,
1107 3992 1157 4051 si
1193 3994 1255 4052 in
1297 3991 1537 4052 brevem
1574 3990 1834 4052 desierat
1872 3988 2158 4073 vocalem,
2205 3990 2445 4052 brevem
2491 3990 2670 4072 hanc,
2715 3991 3040 4071 ut·suerat,

617 4219 642 4267 1
684 4214 932 4270 consiliis
967 4232 1164 4285 parere
1201 4216 1358 4284 LPf
1386 4215 1604 4271 consilii
1641 4231 1866 4286 sperare
1904 4210 1981 4268 F‘
2103 4222 2136 4269 2
2169 4215 2353 4271 insani
2392 4214 2518 4269 FP
2548 4206 2802 4271 insanam
2842 4215 2896 4268 L

439 4299 468 4347 7
509 4293 690 4349 brevis
723 4294 784 4349 in
819 4294 926 4350 hoe
961 4311 1062 4352 om.
1102 4296 1156 4349 L
1316 4303 1349 4351 8
1387 4296 1480 4352 hic
1518 4296 1626 4367 vir]
1676 4296 1833 4365 Very.
1870 4295 2010 4351 Aen.
2060 4294 2154 4349 VI
2187 4300 2300 4351 792
2463 4301 2527 4351 16
2564 4293 2808 4350 iuuencii
2845 4294 2898 4346 L

435 4380 506 4428 20
542 4373 601 4429 in
637 4390 986 4444 quocumque
1024 4379 1202 4432 metro
1239 4377 1520 4433 adiaforos
1557 4378 1645 4431 est
1688 4375 1747 4431 id
1792 4378 1879 4430 est
1925 4374 2247 4431 indifferens
2284 4377 2369 4431 est
2406 4375 2468 4429 F
2501 4374 2822 4429 indifferens
2859 4376 2946 4429 est
2980 4373 3039 4428 in

436 4469 785 4523 quocumque
822 4459 1000 4512 metro
1039 4473 1183 4526 quae
1218 4474 1418 4527 graece
1455 4457 1734 4512 adiaforos
1769 4453 1974 4511 dicitur
2010 4455 2062 4508 L
2215 4462 2281 4510 21
2320 4459 2521 4525 poetae
2559 4457 2612 4510 L
2764 4462 2831 4510 22
2869 4473 3040 4524 quam

436 4532 704 4604 exemplis
744 4534 796 4588 L
922 4542 990 4591 26
1028 4554 1138 4592 nox
1172 4555 1285 4591 nux
1321 4538 1382 4591 et
1416 4536 1544 4591 exul
1583 4535 1708 4589 FP
1742 4554 1854 4590 nux
1893 4553 2001 4591 nox
2038 4534 2169 4593 exul
2204 4535 2257 4588 L
2391 4541 2458 4589 27
2496 4535 2663 4591 finem
2702 4534 2870 4592 FPs-
2906 4535 3038 4589 ulti-

435 4629 585 4667 mam
620 4614 898 4683 syllabam
935 4616 988 4669 L
1132 4615 1372 4672 desierat
1409 4616 1529 4670 LP
1556 4614 1843 4672 desiderat
1875 4616 1937 4670 F
1967 4614 2197 4671 desierit
2232 4631 2266 4673 ς
2408 4621 2477 4669 28
2512 4613 2799 4685 pontibus]
2844 4614 3036 4669 Teren-

435 4692 574 4746 tian.
612 4699 785 4748 1160:
823 4695 900 4760 'th
940 4695 1090 4766 Sery.
1139 4695 1205 4748 de
1246 4696 1366 4764 syll.
1407 4713 1470 4764 p.
1508 4700 1635 4762 479,
1680 4701 1758 4752 29
1939 4696 2190 4755 instratis
2241 4695 2366 4750 FP
2408 4693 2646 4750 imi-atis
2692 4711 2810 4749 una
2855 4695 3041 4750 littera

436 4771 610 4827 deleta
644 4773 698 4826 L
732 4773 1020 4828 instruct-is
1057 4788 1093 4831 ς
1236 4791 1420 4829 xerses
1458 4774 1510 4827 L
1654 4781 1723 4830 29
1759 4775 1820 4829 in
1857 4775 2044 4832 medio
2080 4777 2249 4831 uerbo
2288 4775 2411 4829 FP
2438 4775 2497 4829 in
2535 4773 2718 4830 medio
2756 4775 2914 4833 uerbi
2949 4776 3051 4849 Lf

547 4856 614 4906 33
648 4850 892 4907 desierat
929 4850 1120 4907 FLP
1155 4852 1381 4909 desierit
1411 4869 1497 4926 ps
1641 4855 1786 4912 hauc
1824 4857 1881 4911 et
1915 4859 1981 4912 ut
2015 4855 2200 4913 fuerat
2238 4855 2300 4915 F
