3613 5528
1268 412 1614 466 EXEMPLA
1650 411 2179 467 ELOCVTIONVM
2894 407 3021 472 451

461 543 471 554 .
499 516 590 555 210.
619 515 697 554 211
727 514 778 553 L.

607 597 835 659 Abutor
881 598 978 659 illa
1025 616 1118 679 re,
1165 597 1283 659 Cic.
1331 598 1392 659 in
1439 597 1604 658 Catil.
1650 597 1676 657 1
1724 597 1875 673 (LI)
1923 595 2249 676 abutere,
2295 594 2628 677 Catilina,
2674 596 3028 676 patientia

433 717 678 768 nostra
716 754 729 767 .
766 706 980 767 abutor
1016 704 1174 766 1113111
1212 724 1368 786 rem,
1416 704 1530 766 Sal.
1568 704 1679 765 bel.
1718 704 1883 765 Catil.
1923 704 2122 778 (1322)
2162 702 2421 783 quibus
2470 701 2641 763 1111111
2689 701 3023 763 videntur

432 813 760 875 ludibrio
808 815 1038 875 fuisse
1085 812 1409 894 divitiae,
1471 815 1739 892 quippe
1805 830 1979 892 quas
2042 810 2305 872 habere
2371 809 2680 870 honeste
2737 806 3030 890 licebat,

433 920 632 982 abuti
677 938 805 1001 per
852 919 1385 1000 turpitudinem
1431 918 1948 1000 properabant,
1995 917 2129 978 Ter.
2167 917 2383 978 Andria
2424 921 2601 994 (prol.
2642 917 2710 990 5)

380 1045 406 1083 5
813 1044 967 1088 nam
1013 1029 1082 1088 in
1129 1027 1452 1107 prologis
1499 1025 1911 1088 scribendis
1959 1042 2250 1106 operam
2295 1023 2639 1086 abutitur.
2692 1015 2699 1104 Ι

609 1134 855 1196 Abdicat
901 1153 965 1194 se
1011 1133 1106 1194 illa
1156 1151 1247 1214 re,
1294 1133 1412 1193 Cic.
1459 1134 1520 1192 111
1568 1131 1732 1193 Catil.
1779 1131 1910 1193 libr.
1960 1130 2039 1192 111
2088 1131 2294 1208 (⁶314)
2340 1129 2687 1192 Lentulus
2744 1147 2896 1191 cum
2960 1147 3031 1189 se

433 1250 777 1321 praetura
824 1239 1283 1301 abdicasset.
1315 1239 1620 1301 abdicatur
1668 1238 1763 1300 illa
1811 1257 1938 1319 res,
1986 1238 2098 1298 Sal.
2129 1237 2281 1300 bello
2312 1237 2476 1299 Catil.
2506 1238 2719 1312 (423)
2748 1244 3033 1297 senatus

435 1348 776 1409 decernit
819 1350 928 1409 uti
974 1347 1305 1409 abdicato
1351 1348 1781 1425 magistratu
1829 1345 2182 1407 Lentulus
2229 1367 2263 1403 ιιι
2309 1393 2323 1406 .

613 1455 876 1536 Amplius
937 1453 1033 1515 illa
1097 1473 1190 1535 re,
1254 1454 1371 1515 Cic.
1439 1455 1823 1515 frumentaria
1888 1455 1982 1525 (in
2053 1453 2220 1514 Verr.
2290 1455 2399 1514 III
2456 1451 2675 1528 19,49)
2740 1450 2908 1530 quid
2975 1453 3033 1511 si

360 1562 712 1624 ioduabus
774 1559 1107 1642 partibus
1171 1561 1392 1622 doceo
1456 1568 1523 1622 te
1588 1561 1894 1641 amplius
1960 1562 2305 1621 frumenti
2369 1559 2764 1622 abstulisse
2831 1576 3033 1638 quam

435 1669 696 1750 populo
762 1669 1069 1730 Romano
1136 1670 1448 1751 misisse,
1515 1667 1629 1728 Sal.
1687 1667 1841 1728 bello
1899 1667 2063 1729 Catil.
2121 1668 2327 1744 (56,2)
2384 1666 2692 1747 amplius
2756 1664 3035 1727 duobus

439 1774 745 1836 milibus,
836 1774 1087 1854 amplius
1141 1774 1298 1835 illam
1354 1793 1509 1855 rem,
1572 1774 1730 1835 idem
1785 1776 1849 1835 10
1904 1773 2112 1835 eodem
2171 1774 2381 1852 (59,6)
2445 1773 2747 1854 amplius
2813 1790 3034 1833 annos

440 1883 741 1960 triginta
787 1900 943 1942 cum
989 1900 1232 1961 magna
1278 1882 1510 1961 gloria
1557 1883 1797 1943 fuerat
1846 1930 1859 1942 .

613 1986 910 2050 Adversus
958 1987 1138 2062 illiue,
1188 1988 1302 2051 Sal.
1341 1988 1462 2068 lug.
1512 1990 1711 2064 (43,1)
1760 1992 1911 2050 acri
1957 1991 2108 2050 viro
2157 1998 2226 2051 et
2272 2007 2688 2069 quamquam
2735 1988 3034 2049 adverso

360 2116 411 2154 ιε,
441 2094 684 2175 populi
729 2116 763 2153 *
811 2095 867 2155 id
917 2105 1009 2156 est
1054 2095 1336 2157 adversus
1382 2097 1465 2157 illi
1513 2096 1850 2158 nobilitatis,

614 2201 940 2262 Adversum
990 2211 1044 2263 te
1091 2221 1201 2282 pro
1248 2203 1399 2284 apud
1450 2198 1535 2285 te,
1582 2203 1717 2265 Ter.
1763 2204 1979 2265 Andria
2028 2207 2097 2277 (I
2138 2206 2301 2278 l,15)

756 2317 827 2370 et
872 2308 938 2370 id
986 2319 1264 2389 gratum
1311 2312 1542 2371 fuisse
1589 2310 1966 2372 adversum
2017 2322 2083 2372 te
2129 2310 2353 2372 habeo
2400 2313 2716 2391 gratiam.

616 2414 700 2476 Ad
747 2426 806 2478 et
853 2416 1007 2497 apud
1054 2418 1299 2478 confuse
1347 2426 1676 2497 ponuntur,
1723 2416 1896 2497 Verg.
1942 2420 2084 2480 Aen.
2131 2419 2155 2479 1
2203 2420 2347 2493 (24)

749 2525 970 2604 prima
1017 2524 1201 2603 qnod
1246 2524 1328 2600 ad
1378 2524 1659 2586 Troiam
1707 2544 1834 2605 pro
1882 2527 2074 2587 caris
2119 2535 2447 2605 gesserat
2491 2525 2730 2605 Argis,

358 2649 409 2688 20
440 2630 593 2690 idem
642 2631 783 2690 Aen.
829 2629 908 2690 xl
955 2631 1138 2705 (288)

723 2737 1069 2818 quicquid
1116 2738 1294 2820 apud
1343 2738 1540 2800 dirae
1587 2747 1951 2801 cessatum
1999 2749 2109 2802 est
2155 2742 2431 2801 moenia
2480 2739 2765 2820 Troiae,

440 2846 575 2908 Ter.
624 2845 782 2906 Adel.
831 2847 973 2918 (III
1012 2847 1143 2921 5‚2)
1190 2865 1319 2926 ego
1366 2846 1777 2929 Micionem,
1843 2849 1902 2908 si
1949 2847 2030 2908 ad
2098 2847 2331 2908 sorum
2395 2856 2532 2927 est,
2598 2849 3040 2922 conveniam,

441 2953 596 3014 idem
643 2953 859 3014 Andria
917 2955 1025 3026 (II
1070 2954 1199 3034 1‚2)
1265 2952 1446 3033 apud
1512 2954 1743 3015 sorum
1808 2954 2007 3015 modo
2074 2972 2107 3014 e
2172 2953 2355 3014 Davo
2419 2954 2693 3037 audi-vi,
2758 2956 2874 3015 Cic.
2932 2973 3039 3035 pro

441 3060 655 3122 Roscio
704 3064 787 3138 (p.
835 3061 1014 3121 Rosc.
1063 3062 1261 3122 Amer.
1309 3043 1530 3141 15,4'4)
1577 3078 1653 3121 ac
1703 3069 1984 3122 tantum
2032 3061 2230 3121 modo
2278 3061 2602 3123 aleretur
2649 3062 2727 3122 ad
2777 3060 3040 3143 villam,

363 3168 574 3228 ssTer.
630 3166 789 3228 Adel.
857 3168 988 3239 (IV
1035 3167 1156 3241 LI)
1222 3166 1404 3247 apud
1473 3166 1705 3227 villam
1773 3178 1909 3247 est,
1970 3167 2083 3228 Sal.
2150 3166 2272 3246 lug.
2340 3169 2587 3243 (101‚6)
2652 3167 2751 3228 ibi
2816 3167 3039 3229 latine

441 3308 525 3318 —-
574 3293 724 3335 uam
771 3274 853 3334 ad
899 3273 1346 3335 Numantiam
1403 3272 1602 3353 loqui
1658 3273 2021 3334 didicerat
2065 3306 2152 3317 -—
2201 3274 2548 3335 exclamat
2605 3323 2617 3335 .
2675 3275 2745 3336 ad
2801 3274 3036 3354 quidam

439 3401 548 3463 pro
607 3384 766 3443 iuxta
826 3380 915 3442 vel
971 3384 1126 3443 circa
1181 3383 1323 3461 poni
1378 3379 1585 3441 dicunt
1643 3380 1969 3441 Siciliensis
2025 3381 2293 3461 exemplo
2352 3385 2445 3455 (in
2516 3382 2683 3443 Verr.
2743 3383 2819 3443 II
2861 3382 3038 3457 6‚17)

585 3589 767 3645 Codex
805 3589 1106 3646 Parrhasii
1178 3594 1206 3643 7
1237 3587 1529 3644 abdicatur
1565 3587 1667 3642 1113
1700 3587 1813 3659 res]
1852 3587 2080 3644 abdicat
2106 3584 2208 3643 illa
2234 3606 2294 3644 re
2438 3596 2470 3645 9
2500 3589 2613 3645 Cic.
2644 3588 3040 3644 frumentariae

519 3676 578 3724 12
619 3668 859 3740 amplius
898 3669 971 3725 ad
1007 3668 1165 3724 illam
1202 3685 1320 3722 rem
1464 3667 1663 3738 annos]
1701 3668 1773 3723 ad
1813 3686 1913 3724 nos
2060 3676 2127 3724 14
2163 3671 2221 3723 et
2257 3670 2620 3740 quamquam]
2659 3686 2898 3739 aequum

446 3757 510 3804 19
548 3750 729 3820 primo
892 3755 960 3804 20
998 3750 1134 3805 Aen.
1174 3747 1275 3802 XII
1441 3753 1507 3802 21
1547 3748 1728 3819 dirae]
1766 3748 1946 3804 troiae
1983 3748 2162 3820 dirae,
2197 3750 2290 3805 sed
2324 3749 2502 3805 troiae
2539 3750 2807 3805 subducta
2843 3750 3042 3806 lineola

440 3835 688 3886 notatum
829 3835 898 3885 22
936 3828 1226 3883 mitiouem
1368 3833 1437 3882 25
1474 3827 1684 3884 latinae

622 4016 654 4065 3
693 4010 925 4064 honeste
962 4007 1168 4063 habere
1205 4006 1508 4061 Sallustius
1651 4013 1681 4063 ‘1
1720 4006 1986 4063 abdicata
2012 4007 2116 4063 illa
2140 4024 2215 4077 re,
2258 4008 2394 4063 ‘nisi
2428 4009 2588 4063 malis
2624 4007 2851 4063 abdicat
2884 4007 3042 4062 illam

441 4090 580 4144 rem’
625 4090 823 4144 Maius
859 4090 922 4144 in
948 4088 1183 4142 editione
1209 4086 1614 4142 Mediolanensi
1774 4092 1999 4143 senatus
2027 4088 2279 4143 decernit
2304 4086 2388 4142 uti
2415 4086 2678 4142 abdicato
2706 4087 3041 4157 magistratu

441 4171 712 4225 Lentulus
748 4170 996 4238 itemque
1036 4167 1207 4223 ceteri
1242 4167 1301 4222 in
1347 4167 1538 4224 liberis
1584 4167 1852 4223 custodiis
1902 4168 2215 4223 habeantur
2251 4167 2553 4223 Sallustius
2697 4174 2761 4222 12
2799 4168 3040 4238 amplius

442 4268 615 4306 annos
651 4249 889 4321 triginta
924 4248 1180 4304 tribunus
1219 4250 1318 4303 aut
1352 4248 1664 4318 praefectus
1703 4250 1802 4303 aut
1838 4246 2057 4318 legatus
2088 4249 2187 4302 aut
2220 4249 2448 4317 praetor
2475 4263 2603 4300 cum
2630 4264 2839 4317 magna
2864 4247 3045 4317 gloria

440 4331 499 4385 in
552 4330 798 4387 exercitu
852 4330 1039 4386 fuerat
1091 4329 1394 4385 Sallustius
1575 4334 1641 4383 14
1696 4328 1813 4383 acri
1874 4328 1995 4382 viro
2050 4329 2109 4382 et
2157 4344 2496 4397 quamquam
2551 4327 2786 4382 adverso
2849 4327 3045 4397 populi

439 4412 684 4480 partium
699 4455 713 4480 ,
761 4411 912 4466 fama
955 4414 1146 4466 tamen
1184 4407 1468 4480 aequabili
1504 4411 1562 4471 et
1595 4408 1873 4466 inviolata
1908 4410 2209 4466 Sallustius
2247 4451 2258 4463 .
2296 4408 2450 4477 apud
2484 4409 2833 4464 Arusianum
2866 4425 3043 4478 seque·

442 4492 607 4547 batur
642 4492 870 4547 elocutio
908 4492 1173 4547 adversus
1209 4489 1296 4544 illi
1334 4506 1456 4545 cum
1489 4507 1589 4546 suo
1625 4492 1890 4561 exemplo,
1940 4507 2079 4559 quae
2133 4491 2197 4544 iu
2242 4489 2421 4544 codice
2464 4490 2548 4543 ita
2591 4493 2853 4559 cor-rupta
2895 4495 3044 4561 sunt,

441 4578 504 4627 ut
556 4573 776 4629 restitui
828 4577 1098 4642 nequeant
1133 4610 1146 4624 .
1185 4573 1457 4642 inteyrum
1509 4589 1723 4630 versum
1778 4572 2037 4626 excidisse
2101 4570 2326 4625 coniecit
2379 4569 2800 4625 Lindemannus
2848 4570 3045 4624 addita

441 4656 756 4709 coniectura
812 4653 949 4708 ‘nisi
999 4654 1140 4720 forte
1195 4653 1370 4708 locum
1422 4655 1504 4709 sie
1556 4652 1991 4709 constituendum
2042 4655 2227 4720 putes,
2280 4650 2513 4706 adverso
2569 4649 2767 4720 populi
2805 4694 2815 4705 .
2864 4648 3041 4704 idem:

444 4734 706 4789 adversus
741 4732 840 4789 ille
875 4732 1214 4801 nobilitatis,
1251 4739 1315 4789 ut
1345 4735 1692 4804 intelligatur
1728 4733 1889 4787 aliud
1926 4735 2224 4803 exemplum
2260 4750 2297 4788 a
2333 4732 2581 4787 Salustio
2616 4731 2958 4787 mutuatum'

442 4821 508 4870 21
549 4815 721 4870 durae
775 4815 979 4870 codices
1045 4814 1281 4883 Vergilii
1428 4822 1497 4870 22
1536 4814 1585 4870 si
1622 4813 1772 4884 apud
1809 4812 1990 4868 forum
2029 4816 2115 4869 est
2148 4814 2353 4870 codices
2392 4812 2635 4867 Terentii
2785 4818 2855 4867 26
2892 4812 3044 4880 apud

443 4893 808 4950 Numantiam
846 4894 1051 4950 codices
1086 4894 1344 4950 Sallustii
