3613 5528
1402 1296 1624 1395 ARS
1709 1297 2478 1397 GRAMMATICA

1250 1456 1850 1556 DOSITHEI
1949 1457 2629 1557 MAGISTRI

636 1729 682 1766 p.
715 1716 740 1757 ⁷
764 1717 834 1758 ed.
861 1717 971 1758 Hal.

814 1803 925 1865 Ars
953 1805 1332 1883 grammatica
1360 1811 1453 1864 ost
1481 1806 1724 1866 scientia
1754 1804 2050 1866 emendati
2081 1807 2372 1866 sermonis
2408 1805 2468 1864 in
2507 1802 2801 1883 loquendo
2832 1813 2893 1866 et
2921 1805 3237 1868 scribendo

640 1919 1094 1990 poematnmqne
1140 1928 1208 1970 ac
1254 1908 1525 1971 lectionis
1561 1910 1828 1993 prudens
1863 1918 2264 1992 praeceptum.
2337 1914 2753 1989 grammaticus
2791 1918 2883 1972 est
2919 1913 3021 1990 qni
3060 1914 3238 1973 unius

638 2019 927 2097 cuiusque
983 2020 1072 2078 rei
1128 2019 1243 2078 vim
1299 2036 1366 2078 ac
1421 2019 1846 2097 proprietatem
1900 2027 2096 2099 potest
2142 2017 2455 2098 explanare
2510 2017 2760 2098 loquela.
2852 2021 2996 2080 artis
3043 2037 3234 2099 gram·
3264 2032 3290 2072 5

638 2126 883 2186 maticae
921 2125 1181 2187 officium
1219 2131 1451 2186 constat
1486 2124 1755 2205 partibus
1794 2133 2103 2207 quattuor,
2139 2124 2390 2186 lectione
2421 2122 2828 2185 emendatione
2859 2128 3236 2187 enarratione

638 2232 875 2294 iudicio.
964 2231 1139 2294 lectio
1197 2241 1289 2294 est
1342 2234 1497 2293 varia
1554 2235 1846 2312 cuiusque
1906 2234 2111 2313 scripti
2177 2231 2579 2312 pronuntiatio
2644 2232 2910 2291 serviens
2965 2231 3236 2312 dignitati

636 2357 1025 2419 personarum
1055 2340 1510 2419 exprimensque
1539 2338 1802 2400 habitum
1834 2339 2013 2399 animi
2042 2340 2348 2418 cuiusque.
2395 2337 2729 2398 emendatio
2751 2347 2844 2399 est
2872 2342 3237 2401 recorrectio

638 2464 939 2527 errorum,
986 2449 1087 2525 qui
1133 2464 1242 2526 per
1288 2449 1641 2528 scripturam
1690 2446 2080 2507 dictionemve
2129 2447 2294 2507 fiunt.
2377 2448 2673 2506 enarratio
2713 2454 2804 2506 est
2841 2445 3235 2508 obscurorum

638 2571 922 2614 sensuum
970 2555 1499 2633 quaestionumque
1562 2554 1838 2614 narratio.
1931 2552 2216 2614 indicium
2273 2560 2365 2613 est
2419 2571 2537 2632 quo
2593 2560 2858 2632 poemata
2915 2562 3236 2633 ceteraque
3266 2569 3318 2608 10

806 2713 1061 2720 -ῂ-ι--α

815 2798 997 2852 Codea:
1032 2798 1409 2869 Sanqallevwis
1481 2805 1508 2852 1
1550 2798 1823 2854 INCIPIT
1861 2795 2349 2851 GRAMMATIGA
2389 2795 2733 2852 Dosl'rHEl
2770 2797 3125 2852 MAGISTRI

643 2884 707 2932 10
743 2878 991 2934 narratio
1027 2879 1125 2933 DE
1162 2879 1437 2934 IUDICIO
1476 2880 1749 2951 Iudicium

812 3119 845 3166 3
882 3113 987 3168 Ars
1024 3112 1391 3187 grammatica.
1428 3143 1493 3152 -
1532 3118 1691 3181 377,4
1730 3110 2021 3166 descendit
2057 3111 2238 3165 Diom.
2261 3114 2552 3180 p.426,12
2697 3116 2728 3163 9
2767 3127 2866 3181 per
2904 3110 3234 3182 scripturam

635 3191 1005 3249 dictionemve
1042 3193 1328 3250 Diomedes
3093 3232 3100 3241 -

820 3428 1030 3514 Τέχνη
1094 3424 1510 3513 γραμματική
1578 3426 1759 3492 ἐστιν
1819 3426 2066 3510 γνῶσις
2129 3424 2614 3511 διωρθωμένης
2679 3420 2943 3510 ὁμιλίας
3005 3425 3079 3492 ἐν
3142 3428 3233 3517 τῷ

635 3532 852 3619 λέγειν
911 3533 1022 3600 καὶ
1080 3535 1153 3601 ἐν
1206 3536 1298 3625 τῷ
1353 3531 1638 3618 γράφειν
1692 3528 2085 3617 ποιημάτων
2137 3555 2209 3597 τε
2264 3528 2375 3598 καὶ
2431 3526 2874 3614 ἀναγνώσεως
2929 3535 3237 3617 ἔμπειρος

636 3641 1031 3707 διδασκαλία
1104 3692 1120 3708 .
1191 3636 1640 3727 γραμματικός
1704 3639 1884 3706 ἐστιν
1950 3632 2024 3716 ὃς
2089 3634 2239 3716 ἑνὸς
2305 3635 2588 3705 ἑκάστου
2657 3637 3040 3726 πράγματος
3111 3635 3234 3724 τὴν

635 3744 928 3834 δύναμιν
971 3745 1082 3813 καὶ
1126 3743 1250 3833 τὴν
1294 3744 1651 3832 κυριότητα
1699 3744 1980 3812 δύναται
2027 3749 2394 3829 σαφηνίσαι
2438 3748 2518 3832 τῇ
2574 3748 2786 3834 λαλιᾷ.
2840 3747 2958 3830 τῆς
3000 3744 3236 3830 τέχνης

630 3856 749 3939 τῆς
810 3857 1263 3941 γραμματικῆς
1315 3850 1357 3939 ἡ
1414 3851 1595 3934 τάξις
1648 3852 2062 3937 ’συνέστηκεν
2121 3851 2393 3938 μέρεσιν
2457 3851 2794 3937 τέτρασιν,
2858 3849 3234 3938 ἀναγνώσει
3262 3892 3288 3929 f,

635 3957 999 4047 διορθώσει
1047 3958 1348 4046 ἐξηγήσει
1394 3964 1624 4047 κρίσει.
1714 3955 2096 4043 άνάγνωσίς
2140 3958 2321 4024 ἐστιν
2357 3963 2624 4043 ποικίλη
2665 3956 2941 4044 ἑκάστης
2974 3961 3237 4044 γραφῆς

633 4064 1009 4153 ἐκφώνησις
1064 4065 1484 4136 δουλεύουσα
1547 4070 1637 4158 τῷ
1701 4063 2024 4153 ἀξιώματι
2076 4067 2212 4132 τῶν
2264 4063 2642 4152 προσώπων
2697 4065 2808 4133 καὶ
2863 4067 3233 4134 ἐκτυποῦσα

630 4171 705 4242 τὸ
763 4178 979 4262 σχῆμα
1042 4178 1157 4261 τῆς
1222 4173 1504 4242 ἑκάστου
1558 4175 1791 4261 ψυχῆς.
1893 4170 2264 4259 διόρθωσίς
2324 4173 2504 4240 ἐστιν
2568 4171 3034 4260 ἐπανόρθωσις
3096 4176 3232 4240 τών

629 4285 905 4350 πλανῶν
942 4285 1077 4349 τῶν
1118 4278 1231 4348 διὰ
1266 4284 1530 4368 γραφῆς
1565 4275 1606 4367 ἢ
1644 4281 1881 4361 λέξεως
1916 4278 2318 4365 γενομένων.
2392 4278 2696 4366 ἐξήγησίς
2731 4282 2913 4349 ἐστιν
2950 4277 3233 4367 ἀσαφῶν

633 4391 958 4457 διανοιῶν
1002 4388 1114 4456 καὶ
1172 4387 1501 4475 ζητήσεων
1559 4383 2005 4472 διήγησις.
2093 4390 2309 4470 κρίσις
2363 4386 2617 4454 ἐστὶν
2674 4378 2729 4478 ᾦ
2773 4384 2853 4454 τὰ
2900 4386 3234 4474 ποιήματα
3262 4426 3318 4466 10

630 4495 739 4562 καὶ
784 4496 901 4575 τάς
946 4493 1181 4577 λοιπὰς
1233 4492 1495 4584 γραφὰς
1553 4495 1926 4580 διαρτώμεν
1981 4491 2090 4558 καὶ
2148 4491 2737 4582 διασταθμώμεθα.
2825 4497 2943 4580 τῆς
3001 4495 3236 4581 τέχνης

630 4606 747 4689 τῆς
791 4606 1244 4691 γραμματικῆς
1288 4605 1364 4670 αἱ
1403 4600 1601 4690 άρχαὶ
1647 4596 1775 4667 ἀπὸ
1815 4602 1952 4666 τῶν
1990 4605 2334 4686 στοιχείων
2375 4600 2778 4689 ἐγείρονται,
2823 4598 2902 4668 τὰ
2941 4613 3232 4687 στοιχεῖα

810 4850 842 4897 ῦ
882 4862 1222 4913 συνεκτηκεν
1391 4837 1730 4913 ἀναγνώσει]
1790 4857 2106 4909 αναρνωσει
2277 4844 2310 4893 8
2356 4860 2468 4895 των
2511 4845 2740 4896 'aanor
2783 4860 2956 4896 τινων
2992 4841 3089 4895 δια

633 4929 665 4975 9
703 4940 993 4993 γεναμενω
1033 4925 1315 4993 εξεγρησις
1459 4943 1702 4993 ακαφων
1849 4928 1915 4977 10
1952 4917 2205 4991 διήγησις
2241 4937 2340 4975 om.
2490 4917 2640 4977 ἐστὶν
2676 4938 2775 4976 om.
