3613 5528
602 383 736 449 484
1585 382 1937 437 ARVSIANI
1977 381 2217 438 MESSII

603 496 646 533 p.
676 485 768 526 239.
797 485 877 524 240
905 484 959 523 L.
1555 479 1563 486 ·

519 601 528 610 ·
605 573 676 631 in
744 571 1051 630 viventis
1126 570 1334 630 etlam
1409 577 1480 630 et
1552 570 1908 649 spirantis
1982 570 2218 648 capite
2292 567 2583 629 bustum
2658 571 2809 630 suis
2882 568 3209 629 manibus

601 679 1010 757 imponeret
1057 725 1067 736 .

782 784 1080 863 {mmigrat
1126 787 1186 845 in
1233 785 1500 868 domum,
1548 786 1664 847 Cic.
1712 786 1786 846 de
1834 786 2007 847 domo
2055 803 2161 846 sua
2209 784 2502 859 (41,107)
2550 783 2720 844 deos
2766 783 3209 844 immortales

603 893 1037 952 existimatis
1084 895 1295 954 cuius
1340 890 1585 954 labore
1635 900 1704 953 et
1750 910 1901 952 cum
1950 910 1986 949 *
2032 891 2308 953 domum
2354 890 2717 952 adflictam
2766 900 2834 952 et
2888 908 3207 951 eversam

601 1000 1012 1078 immigrare
1062 999 1380 1061 voluisse
1428 1048 1441 1060 .
2530 1029 2538 1038 ·
3233 1011 3262 1052 ⁵

781 1106 1086 1168 Inhorruit
1113 1105 1210 1167 illa
1239 1125 1336 1168 res
1366 1107 1461 1169 ina
1491 1125 1579 1189 re,
1608 1107 1776 1187 Verg.
1808 1109 1949 1168 Aen.
1980 1106 2026 1166 V
2056 1108 2189 1181 (11)
2217 1107 2591 1169 inhorruit
2628 1107 2811 1168 unda
2850 1107 3206 1170 tenebriS.

602 1212 901 1275 inhorruit
945 1213 1102 1274 illam
1149 1233 1303 1297 rem,
1351 1215 1507 1277 idem
1554 1214 1696 1276 Aen.
1744 1214 1796 1274 X
1845 1215 2026 1288 (711)
2075 1223 2142 1275 et
2188 1214 2558 1276 inhorruit
2604 1233 2834 1275 armos
2880 1262 2894 1275 .

779 1321 846 1382 In
893 1321 1039 1383 haec
1086 1331 1273 1405 errat,
1327 1323 1385 1384 id
1435 1332 1526 1384 est
1581 1326 1641 1385 in
1696 1323 1843 1384 haec
1900 1323 2092 1384 fertur
2146 1321 2428 1404 errando,
2483 1322 2652 1401 Verg.
2700 1341 2897 1402 georg.
2944 1322 2968 1383 1
3017 1322 3206 1396 (337)

1055 1448 1233 1509 quos
1281 1432 1470 1510 ignis
1517 1430 1698 1491 caeli
1745 1429 2113 1510 Cyllenius
2158 1436 2357 1489 erret
2402 1432 2472 1490 in
2519 1428 2757 1510 orbeS,

600 1534 757 1597 idem
805 1535 946 1598 Aen.
996 1537 1062 1597 Χ
1103 1537 1287 1612 (885)
1333 1536 1573 1598 laevos
1622 1539 1976 1616 equitavit
2019 1539 2091 1597 in
2138 1534 2348 1597 orbes
2396 1584 2408 1596 .
2530 1615 2534 1618 .
3237 1550 3294 1591 ιο

780 1643 1023 1723 Invigilo
1078 1644 1188 1705 hac
1245 1663 1309 1705 re
1366 1663 1476 1724 pro
1534 1643 1771 1723 invigilo
1827 1644 1967 1704 huic
2031 1645 2148 1725 rei,
2212 1641 2383 1721 Verg.
2437 1662 2636 1723 georg.
2694 1643 2800 1705 1111
2856 1645 3038 1719 (158)
3101 1647 3206 1706 in·

603 1750 908 1830 vigilant
954 1754 1178 1834 victu,
1223 1752 1382 1813 idem
1428 1753 1569 1813 Aen.
1616 1751 1773 1811 VIIII
1823 1752 2017 1826 (605)
2065 1759 2326 1811 venatu
2372 1751 2761 1831 invigilant
2804 1754 3013 1832 pueri
3059 1800 3074 1814 .

780 1858 846 1919 In
893 1868 1130 1920 noctem
1178 1859 1415 1941 siletur,
1461 1858 1631 1938 Verg.
1679 1877 1876 1938 georg.
1925 1858 2030 1919 IIII
2079 1858 2261 1931 (189)
2308 1859 2573 1921 siletur
2618 1861 2689 1921 in
2737 1868 3046 1943 noctem,
3093 1860 3208 1921 Sal.

603 1965 737 2026 hist.
779 1966 800 2026 1
847 1974 925 2027 ut
971 1965 1242 2046 Syllani
1292 1967 1523 2046 fugam
1573 1964 2007 2044 [innocentem]
2055 1967 2126 2026 in
2173 1977 2452 2027 noctem
2500 1976 3041 2050 componerent,
3087 1967 3208 2029 Cic.

606 2071 679 2133 de
727 2091 851 2153 rep.
899 2072 973 2132 VI
1021 2074 1164 2147 (10)
1212 2090 1613 2134 sermonem
1658 2076 1728 2134 in
1776 2073 2063 2134 multam
2111 2081 2390 2134 noctem
2436 2074 2905 2154 produximus
2952 2122 2966 2135 .
3240 2088 3292 2128 1⁵

780 2177 989 2240 Infelix
1035 2179 1193 2241 illius
1239 2182 1355 2261 rei,
1403 2180 1571 2260 Verg.
1619 2182 1761 2242 Aen.
1810 2180 1917 2241 IIII
1966 2182 2151 2256 (529)
2212 2180 2463 2242 infelix
2518 2183 2731 2242 animi
2787 2181 3209 2245 Phoenissa:

602 2287 688 2346 sic
737 2286 851 2347 Sal.
899 2286 1034 2348 hist.
1081 2287 1104 2347 1
1151 2290 1366 2349 animi
1414 2289 1835 2350 immodicus
1883 2337 1895 2350 .
1939 2284 1947 2368 Ι

780 2393 846 2453 In
886 2393 1041 2454 illam
1081 2413 1206 2455 rem
1244 2413 1355 2475 pro
1392 2414 1569 2457 causa
1604 2394 1764 2457 illius
1803 2398 1919 2478 rei,
1968 2396 2137 2475 Verg.
2167 2399 2309 2457 Aen.
2341 2396 2440 2457 VII
2471 2398 2608 2471 (13)
2655 2399 2809 2458 urit
2855 2408 3209 2460 nocturna

602 2503 671 2562 in
714 2501 976 2562 lumina
1016 2502 1336 2585 cedrum,
1384 2502 1495 2563 Sal.
1527 2502 1661 2565 hist.
1693 2503 1715 2563 I
1753 2504 2064 2565 omnium
2103 2505 2414 2583 partium
2444 2503 2663 2565 decus
2702 2506 2771 2565 in
2811 2506 3209 2566 mercedem

602 2617 1024 2688 corruptum
1090 2617 1270 2691 erat,
1332 2609 1488 2670 idem
1544 2608 1839 2670 Etruria
1905 2612 2131 2670 omnis
2197 2628 2351 2672 cum
2408 2609 2670 2691 Lepido
2736 2621 3073 2691 suspecta
3137 2615 3207 2673 in
3238 2624 3295 2665 2⁰

602 2716 988 2779 tumultum
1034 2725 1188 2778 erat
1235 2764 1249 2779 .

778 2824 1077 2905 Implexus
1131 2824 1230 2885 illa
1287 2844 1383 2908 re,
1441 2825 1608 2905 Verg.
1657 2845 1816 2905 geor.
1865 2826 1973 2887 IIII
2021 2828 2206 2899 (482)
2274 2826 2792 2906 caeruleosque
2856 2828 3209 2909 implexae

602 2930 932 2993 crinibus
979 2951 1245 3011 angues
1292 2932 1720 2994 Eumenides
1768 2981 1779 2992 .

781 3040 1056 3119 Ingratus
1101 3040 1259 3101 illius
1307 3043 1424 3122 rei,
1470 3039 1640 3120 Verg.
1687 3041 1827 3101 Aen.
1876 3040 1928 3101 X
1976 3043 2175 3115 (666)
2223 3044 2699 3123 ingratusque
2747 3041 3003 3103 salutis
3050 3090 3065 3104 .

788 3284 969 3339 Codex
1009 3285 1308 3340 Parrhasii
1381 3291 1410 3339 7
1449 3284 1606 3339 illam
1643 3284 1786 3356 rem]
1826 3283 1927 3340 illa
1960 3284 2119 3339 illam
2155 3301 2273 3340 rem
2443 3293 2475 3341 8
2515 3287 2814 3341 eri-andans
2851 3302 2989 3341 corr.
3029 3317 3095 3326 —
3136 3287 3212 3342 do

676 3372 740 3419 10
777 3363 825 3417 X
863 3381 962 3421 om.
1128 3370 1196 3418 14
1235 3363 1474 3436 Syllani]
1522 3365 1723 3436 syllam
1870 3370 1935 3419 15
1975 3363 2075 3436 VI]
2118 3364 2194 3419 111
2343 3372 2408 3422 16
2448 3365 2684 3421 Infoelix
2720 3364 2824 3421 illa.
2862 3366 3027 3435 Verg.
3069 3366 3207 3422 Aen.

603 3444 704 3498 IIII
743 3443 971 3500 infoelix
1010 3444 1184 3500 animi
1221 3446 1483 3516 phenissa
1625 3452 1695 3500 20
1732 3446 1791 3501 in
1828 3446 2075 3501 tumultu

782 3676 808 3722 1
849 3671 916 3723 ut
967 3668 1027 3723 in
1082 3670 1197 3725 vivi
1252 3669 1424 3726 etiam
1478 3672 1538 3726 et
1593 3669 1858 3740 spirantis
1913 3669 2194 3739 capitibus
2248 3672 2369 3724 tum
2425 3670 2538 3725 suis
2593 3668 2850 3724 manibus
2898 3670 3212 3741 imponeret

600 3750 806 3804 codices
844 3749 1146 3817 Cicer-onie,
1192 3752 1290 3806 ubi
1336 3754 1509 3820 capnt
1561 3751 1782 3804 bustum
1819 3751 2009 3821 malloo,
2062 3749 2236 3821 capiti
2272 3752 2501 3806 bustum
2543 3750 2887 3806 Garatoniue
2916 3751 3029 3808 Cic.
3067 3758 3208 3808 orat.

599 3847 647 3885 v.
699 3829 789 3883 VI
790 3830 831 3882 I
856 3833 1040 3900 praef.
1069 3848 1131 3900 p.
1172 3832 1276 3885 IX
1443 3828 1721 3899 capitibus
1769 3848 1899 3885 cum
1943 3833 2111 3887 codex
2148 3831 2447 3886 Garatonii
2501 3837 2551 3885 et
2584 3833 2949 3901 superscripto
2986 3850 3113 3888 eum
3154 3833 3215 3886 P

741 3917 773 3965 3
812 3911 946 3968 deos
1000 3912 1346 3966 immortales
1402 3909 1761 3979 existimatis,
1818 3911 1975 3966 cuius
2031 3910 2222 3965 labore
2279 3913 2337 3966 et
2386 3910 2622 3966 coneilio
2677 3927 2778 3966 sua
2829 3912 2939 3982 ipsi
2992 3914 3212 3983 templa

599 3994 926 4057 tenuerunt,
963 3989 1022 4045 in
1059 3991 1177 4046 eius
1214 3990 1442 4046 domum
1480 3989 1764 4045 adflictam
1803 3995 1862 4047 et
1898 4008 2149 4047 eversam
2186 4008 2286 4061 per
2333 3990 2450 4045 vim
2499 3990 2742 4047 hominis
2790 3992 3211 4048 sceleratissimi

600 4070 874 4128 nefarium
909 4071 1264 4127 latrocinium
1301 4071 1623 4141 immigrare
1661 4073 1903 4128 voluisse
1942 4073 2146 4128 codices
2183 4072 2458 4129 Ciceronis
2602 4081 2634 4129 9
2674 4075 2824 4129 errat
2858 4090 2925 4128 ex
2955 4072 3009 4127 G'-
3034 4074 3211 4128 edidit

599 4154 1018 4209 Lindemannus
1192 4157 1257 4206 12
1295 4152 1450 4206 victu
1485 4150 1788 4221 invigilant
1845 4153 2119 4223 Veryilius
2153 4168 2329 4222 yeory.
2370 4153 2474 4208 IV
2504 4159 2616 4209 158
2790 4158 2856 4208 14
2891 4155 2957 4207 ut
2993 4151 3209 4222 Syllani

602 4234 672 4302 P,
717 4236 784 4288 ul:
827 4234 874 4287 si
920 4233 1080 4287 illam
1125 4250 1192 4288 ecc
1242 4233 1294 4287 G
1340 4235 1512 4290 edidit
1554 4234 1973 4289 Lindemannus
2151 4232 2506 4289 innocentem
2552 4236 2860 4290 deleverunt
2904 4232 3212 4288 Houvenus

590 4333 651 4385 p.
690 4319 762 4369 45
797 4320 849 4369 et
893 4314 1171 4369 Linkerus
1206 4314 1343 4370 Sall.
1383 4316 1507 4370 hiet.
1537 4331 1775 4385 prooem.
1818 4332 1875 4383 p.
1917 4318 1993 4369 66
2179 4321 2241 4368 17
2291 4314 2630 4371 Immodicus
2684 4313 2857 4371 animi
2912 4312 3025 4370 Sal.
3071 4312 3206 4369 hist.

602 4395 759 4449 Maii
794 4395 959 4450 editio
999 4395 1457 4463 Mediolanensi-3,
1504 4393 1843 4448 Immodicus
1880 4392 2056 4448 animi
2095 4394 2209 4448 Sal.
2249 4394 2329 4448 sic
2367 4396 2533 4451 editio
2560 4395 2833 4450 Romana.
2871 4394 3208 4451 immodicus

599 4474 772 4529 animi
807 4476 873 4529 in
907 4474 1232 4545 fragmentis
1266 4476 1387 4530 hiet.
1427 4476 1519 4531 lib.
1557 4478 1746 4531 incert.
1780 4475 1908 4529 olim
1937 4473 2197 4529 Sallustii
2223 4475 2451 4530 editores
2478 4481 2786 4545 posueram
2815 4517 2828 4529 .
2860 4475 3210 4530 ‘Arusianus

605 4556 820 4610 Messus
854 4554 1183 4609 immodicus
1218 4555 1382 4609 huius
1420 4555 1523 4610 rei'
1565 4556 1853 4611 adnotavit
1890 4555 2089 4610 Carrio
2252 4561 2319 4609 18
2358 4555 2473 4610 urit.
2508 4555 2801 4612 odoratam
2837 4560 3111 4611 nocturna.
3147 4556 3208 4611 in

600 4635 813 4690 lumina
867 4635 1092 4690 cedrum
1150 4634 1424 4705 Veryilius
1571 4643 1636 4692 19
1683 4636 1956 4703 omnium]
2002 4634 2348 4705 nimiumque
2395 4636 2786 4705 Burmannus,
2841 4637 2939 4705 qui
2990 4636 3209 4705 primus

598 4717 709 4771 duo
747 4716 1006 4771 Sallustii
1041 4715 1286 4785 exempla
1322 4717 1494 4773 edidit
1537 4719 1602 4773 in
1647 4717 1851 4772 anthol.
1889 4716 2016 4773 Lat.
2055 4734 2101 4771 v.
2144 4718 2189 4770 I
2211 4735 2272 4786 p.
2310 4721 2419 4771 173
2590 4722 2659 4771 20
2704 4715 2853 4771 idem
2900 4715 2958 4769 in
3006 4715 3206 4770 eodem

599 4797 828 4850 coniecit
863 4796 1178 4850 Dielschiue
1223 4794 1362 4850 Sall.
1399 4797 1521 4854 hist.
1558 4799 1757 4867 fragm.
1789 4814 1851 4868 12·
1891 4802 1961 4853 15
2133 4796 2191 4852 in
2244 4796 2548 4852 tumultum
2593 4796 2960 4852 Burmannus
2995 4796 3030 4851 l.
3073 4812 3117 4851 c.
3156 4800 3208 4850 et

599 4876 1206 4935 exGLindemannus
