3613 5528
593 1325 844 1387 Audacis
901 1326 1052 1388 liber
1107 1325 1179 1387 de
1237 1329 1365 1386 arte
1420 1329 1800 1406 grammatica
1855 1327 1917 1387 in
1975 1323 2210 1388 duobus
2256 1325 2533 1388 inventus
2581 1335 2674 1388 est
2720 1323 3027 1388 codicibus

420 1449 573 1491 nono
603 1431 840 1493 saeculo
879 1435 1144 1516 scriptiS,
1182 1431 1536 1494 Beruensi
1564 1430 1696 1495 336
1726 1442 1786 1495 et
1822 1433 2021 1495 Mona
2039 1436 2240 1496 censi
2278 1432 2454 1496 6434
2491 1435 2631 1496 olim
2660 1433 3027 1513 Frisingensi

418 1534 562 1599 234.
620 1557 652 1599 e
692 1539 910 1619 quibus
949 1539 1299 1621 Bernensis,
1345 1558 1523 1620 quem
1562 1539 1843 1620 Hagenus
1872 1541 2039 1603 catal.
2078 1541 2204 1603 cod.
2234 1540 2408 1602 Bern.
2447 1561 2502 1622 p.
2534 1537 2665 1603 333
2695 1542 3030 1623 descripsit,

415 1644 573 1707 huuc
638 1646 855 1708 librum
922 1647 1161 1708 exbibet
1224 1649 1261 1709 s.
1329 1644 1601 1709 8³¹³—46
1660 1650 1876 1725 incipit
1928 1649 2203 1710 Audacis
2258 1652 2335 1711 de
2381 1651 2614 1711 Scauri
2655 1657 2715 1711 et
2761 1651 3033 1710 Palladii

417 1754 587 1814 libris
641 1764 939 1832 excerpta
987 1774 1106 1832 per
1162 1757 1703 1830 interroqationem
1758 1761 1820 1815 et
1873 1760 2322 1833 responsionem
2382 1760 2594 1834 script.
2657 1758 2733 1818 de
2792 1759 3032 1817 nomine

418 1863 570 1921 artis
607 1864 1031 1940 interpretatio
1070 1909 1084 1923 .
1122 1862 1244 1922 Ars
1281 1865 1432 1937 quid
1466 1868 1557 1923 est
1583 1895 1665 1904 —
1697 1881 1753 1942 p.
1782 1858 1867 1922 41
1910 1861 2002 1924 ed.
2030 1861 2155 1923 Hal.
2191 1870 2441 1924 servant
2469 1870 2536 1923 ut
2562 1865 2823 1924 tradidit
2850 1910 2863 1923 .
2895 1855 3028 1923 nam

418 1966 641 2047 reliqua
678 1968 841 2060 ineo
872 1970 1092 2049 scripta
1123 1986 1240 2029 non
1272 1977 1454 2031 sunt.
1513 1988 1584 2030 ex
1621 1957 1735 2029 hoc
1774 1969 2065 2049 quaedam
2104 1969 2473 2050 deprompsit
2509 1968 2787 2049 Hagenus
2824 1968 3028 2030 anecd.

421 2071 640 2135 Helvet.
695 2093 751 2154 p.
798 2073 1053 2135 XXXIV.
1136 2077 1197 2135 in
1254 2076 1595 2138 Monacensi
1651 2076 1854 2138 codice
1912 2076 2069 2137 idem
2134 2075 2287 2138 liber
2345 2076 2562 2156 legitur
2626 2077 2664 2139 f.
2720 2071 3029 2138 45—108

420 2183 633 2258 incipit
676 2184 952 2243 Audacis
999 2185 1076 2244 de
1112 2184 1344 2244 Scauri
1388 2193 1447 2244 et
1493 2186 1767 2246 Palladii
1808 2186 1985 2245 libris
2032 2191 2326 2261 excerpta
2374 2191 2432 2245 et
2468 2202 2589 2261 per
2636 2187 3025 2260 interrogati-

421 2305 589 2349 onem
634 2306 927 2366 responsa
974 2291 1051 2350 de
1095 2294 1335 2352 nomine
1380 2294 1536 2351 artis
1582 2338 1595 2351 .
1645 2271 1843 2368 in-t-yat
1889 2339 1903 2352 .
1951 2293 2072 2352 Ars
2125 2294 2278 2367 quid
2327 2299 2416 2353 est
2465 2324 2547 2335 —
2601 2310 2791 2368 yrece
2845 2298 3029 2352 meta·

415 2399 647 2470 plasma
689 2443 701 2456 .
767 2398 1042 2475 sequitur
1071 2405 1358 2458 tractatus
1395 2396 1468 2458 de
1509 2397 1860 2459 soloecismo
1898 2399 1937 2460 l'.
1980 2395 2350 2480 108—111,
2395 2416 2592 2480 quem,
2638 2400 2774 2478 quia
2813 2397 3030 2460 detrita

423 2509 480 2561 et
523 2504 740 2582 partim
786 2503 979 2565 deleta
1027 2505 1323 2584 scriptura
1360 2504 1476 2584 legi
1514 2506 1611 2565 vix
1646 2512 1908 2587 poterat,
1955 2524 2150 2585 neque
2189 2505 2511 2585 quidquam
2549 2504 2707 2586 quod
2745 2507 3033 2586 gravioris

423 2611 701 2671 momenti
747 2618 910 2672 esset
956 2613 1152 2672 inesse
1201 2610 1537 2693 videbatur,
1582 2613 1643 2672 in
1692 2611 1951 2673 editione
1991 2613 2192 2673 omisi:
2239 2613 2313 2673 cf.
2354 2611 2593 2691 catalog.
2638 2611 2765 2672 cod.
2805 2610 3030 2673 Monac.

422 2713 593 2780 v.13
622 2737 679 2800 p.
714 2716 857 2780 111.
933 2717 1038 2780 sed
1085 2720 1147 2780 in
1194 2736 1265 2779 eo
1303 2717 1507 2780 codice
1555 2736 1674 2779 non
1722 2716 1916 2779 solum
1963 2718 2249 2798 quaedam
2297 2737 2450 2800 quae
2496 2718 2571 2780 de
2617 2726 2810 2781 metro
2847 2738 2904 2800 p.
2948 2716 3030 2780 12

424 2832 481 2886 et
538 2824 612 2886 de
672 2824 855 2887 verbo
915 2845 971 2906 p.
1031 2821 1142 2887 25·
1172 2828 1234 2887 in
1289 2824 1580 2887 Beruensi
1635 2824 1786 2885 libro
1835 2825 2118 2906 leguntur
2174 2828 2419 2909 omissa,
2479 2844 2687 2887 verum
2735 2828 2912 2887 etiam
2959 2826 3032 2887 de

425 2941 701 3012 quattuor
758 2932 1028 3014 partibus
1085 2935 1397 3014 orationiS,
1451 2933 1525 2994 de
1581 2933 1886 3015 adverbio,
1941 2933 2013 2994 de
2065 2935 2406 3015 participio,
2471 2932 2545 2994 de
2593 2935 3035 3014 coniunctione,

424 3040 495 3100 de
540 3041 977 3121 praepositione
1031 3059 1220 3120 pauca
1275 3042 1517 3101 omnino
1572 3040 1779 3101 relicta
1838 3058 2026 3120 eaque
2088 3040 2471 3120 neglegenter
2528 3059 2600 3101 ex
2648 3040 3033 3121 amplioribus

424 3149 860 3209 commentariis
907 3146 1128 3209 codicis
1174 3144 1495 3208 Beruensis
1542 3154 1822 3227 excerpta
1868 3154 2025 3208 sunt.

555 3254 802 3316 Praeter
846 3253 955 3315 hos
1004 3253 1268 3336 codiceS,
1317 3255 1420 3333 qui
1466 3261 1658 3314 totum
1705 3253 1960 3315 Audacis
2006 3252 2225 3315 librum
2272 3256 2605 3337 continent,
2649 3263 2850 3336 partes
2897 3254 3033 3316 libri

424 3361 693 3423 inventae
742 3369 883 3423 sunt
928 3364 988 3422 in
1035 3359 1325 3441 pluribus,
1401 3378 1538 3421 cum
1582 3360 1788 3421 eadem
1844 3362 2234 3440 inscriptione
2282 3379 2458 3440 quam
2507 3379 2686 3441 supra
2745 3365 2920 3442 posui
2967 3381 3033 3423 ea

423 3485 559 3548 pars
606 3487 757 3549 quae
804 3477 895 3530 est
942 3468 1014 3529 de
1064 3469 1301 3529 nomine
1348 3468 1665 3529 coniuncta
1715 3487 1852 3530 cum
1889 3468 2142 3529 aliorum
2177 3471 2697 3547 grammaticorum
2736 3487 3033 3530 commen·

426 3576 590 3636 tariis
637 3569 873 3655 legitur'
911 3579 973 3637 in
1023 3574 1227 3636 codice
1278 3573 1834 3637 Caroliruhensi
1886 3572 2009 3636 112
2059 3593 2216 3636 nono
2263 3573 2500 3636 saeculo
2551 3577 2806 3657 scripto,
2862 3577 3035 3637 cuius

424 3682 830 3762 apographum
895 3681 1120 3743 Alfredi
1176 3680 1419 3743 Holderi
1477 3681 1924 3744 benevolentiae
1984 3682 2173 3744 debeo
2183 3733 2202 3766 ,
2262 3684 2301 3745 f.
2358 3679 2444 3745 63
2505 3686 2809 3761 incipiunt
2867 3692 3036 3744 artes

424 3784 490 3871 (l.
519 3783 768 3871 partes)
813 3790 1061 3851 Audaci
1103 3792 1179 3851 de
1217 3790 1449 3851 Scauri
1483 3796 1542 3851 et
1578 3790 1853 3851 Palladii
1893 3792 2068 3851 libris
2105 3798 2418 3868 excerpta.
2502 3792 2664 3864 Quid
2691 3798 2789 3870 ‚est
2822 3808 3036 3852 nomen

426 3899 818 3973 —sluctibus
846 3898 1163 3972 curribus,
1211 3895 1312 3957 ubi
1358 3905 1493 3957 ante
1543 3900 1848 3975 incipiunt
1881 3899 1942 3958 in
1983 3900 2246 3978 margine
2284 3898 2649 3978 adscriptum
2689 3906 2781 3959 cst
2820 3916 3035 3958 nomen

428 3998 877 4084 uuolfuinus*).
953 4009 1287 4080 sequuntur
1326 4000 1641 4081 ampliores
1680 4006 2094 4065 commentarii
2129 4003 2203 4065 de
2241 4008 2508 4086 nomine,
2553 4005 2626 4066 de
2666 4006 3037 4085 pronomine,

320 4122 333 4133 ·
427 4111 499 4171 de
546 4109 756 4192 verbo,
822 4107 1262 4189 de,adverbio,
1321 4108 1394 4169 de
1442 4110 1753 4189 participio
1769 4157 1787 4191 ,
1845 4110 1918 4171 de
1966 4112 2413 4193 coniunctione,
2459 4111 2532 4172 de
2577 4112 3037 4192 praepositione,

429 4216 500 4277 de
547 4218 993 4297 interiectione,
1046 4215 1119 4277 de
1168 4215 1568 4276 schematibus
1626 4224 1686 4276 et
1742 4218 1956 4297 tropiS,
2012 4215 2085 4277 de
2133 4215 2499 4278 barbarismo
2555 4225 2616 4277 et
2670 4216 3037 4298 soloecismo,

428 4325 489 4384 in
545 4324 763 4404 quibus
819 4323 964 4384 nihil
1021 4321 1179 4403 quod
1240 4320 1310 4382 ad
1375 4322 1672 4383 Audacem
1731 4322 1952 4383 referri
2009 4324 2202 4402 possit
2264 4324 2477 4385 inveni.
2570 4342 2643 4384 ex
2698 4321 3037 4383 Vaticano

431 4430 631 4491 codice
677 4430 796 4492 duo
844 4438 1123 4510 excerpta
1170 4428 1471 4508 adscripto
1517 4430 1887 4508 grammatici
1931 4430 2169 4490 nomine
2217 4429 2403 4490 edidit
2448 4428 2635 4490 Maius
2673 4428 2841 4489 class.
2881 4436 3034 4489 auct.

432 4555 480 4597 v.
525 4535 599 4597 Vl
647 4556 702 4617 p.
750 4533 909 4618 589,
963 4536 1216 4599 alterum
1273 4533 1451 4595 breve
1508 4535 1580 4596 de
1640 4534 1963 4617 elemento,
2019 4536 2311 4597 Audacis.
2387 4537 2762 4598 Elementum
2806 4569 2893 4577 —
2939 4554 3041 4599 res

574 4700 627 4767 *)
664 4699 749 4754 De
776 4698 1017 4766 vulfino,
1054 4697 1422 4768 grammatico
1449 4697 1866 4767 Aurelianensi‚
1895 4696 2011 4752 dixi
2048 4696 2118 4752 de
2154 4713 2390 4767 gramm.
2429 4696 2582 4766 quib.
2611 4696 2711 4752 lat.
2738 4695 2837 4752 inf.
2867 4715 2920 4767 p.
2952 4703 3042 4753 22.

436 4795 635 4834 nomen
672 4782 865 4834 autem
901 4778 1258 4849 grammatici
1291 4778 1349 4833 in
1388 4777 1579 4834 codice
1616 4775 1988 4847 adscriptum,
2037 4775 2239 4831 deinde
2285 4777 2415 4846 post
2459 4775 2920 4831 commentarium
2970 4774 3041 4828 de

439 4857 605 4913 verbo
641 4859 968 4928 repetitum,
1017 4857 1053 4912 f.
1093 4864 1161 4913 92
1207 4859 1335 4927 finit
1379 4859 1476 4913 deo
1520 4860 1736 4927 qratia-3
1781 4858 2154 4924 uuoluuinus,
2200 4857 2308 4911 hoc
2345 4850 2569 4911 videtui·
2603 4853 2867 4923 indicari,
2915 4871 3042 4910 eum

437 4938 644 4993 anfini
680 4938 1097 4994 commentariis
1134 4939 1399 5009 excerpta
1435 4938 1678 4994 Audacia
1714 4938 1773 4994 in
1814 4936 2227 4993 Caroliruhensi
2265 4935 2456 4991 codice
2494 4934 2792 4990 coniuncta
2829 4951 2970 4992 esse.

2508 5025 2619 5080 21*
