3613 5528
555 352 687 418 382
1674 348 2023 406 DOSITHEI

554 461 599 499 p.
630 455 692 494 12.
724 454 772 494 ιε
802 454 862 493 Η.

558 546 697 600 sunt
743 557 890 618 quae
950 556 1058 620 ρει·
1105 555 1168 598 se
1225 534 1465 615 quidem
1521 536 1934 618 proferuntur,
1991 537 2095 598 sed
2150 556 2260 618 per
2316 556 2378 598 se
2434 539 2728 617 syllabam
2785 538 2977 599 facere
3033 555 3153 597 non

556 655 822 727 possunt.
915 654 1056 706 sunt
1101 651 1297 705 autem
1343 661 1594 706 numero
1633 642 1762 725 vn,
1811 644 1839 705 s
1877 643 1897 704 l
1943 663 2002 706 m
2049 664 2087 707 n
2136 663 2165 706 ι·
2212 663 2241 705 s
2285 664 2341 707 x.
2433 664 2504 706 ex
2550 645 2644 707 his
2690 644 2905 726 duplex
2952 654 3044 706 est
3089 663 3154 706 x:

557 761 787 814 constat
831 754 989 814 euim
1037 759 1139 812 aut
1184 770 1257 812 ex
1302 767 1341 830 g
1386 759 1446 811 et
1491 768 1547 833 S,
1604 759 1673 811 ut
1726 770 1832 813 rex
1889 754 2075 833 regiS‚
2132 760 2234 813 aut
2289 771 2359 813 ex
2407 772 2441 813 ε
2487 762 2546 814 et
2602 772 2659 834 S,
2717 761 2782 814 ut
2836 754 2936 833 pix
2987 754 3155 833 picis),

556 861 807 941 ideoque
863 858 1058 922 littera
1112 866 1378 938 negatur.
1472 867 1667 921 mutae
1724 867 1866 920 sunt
1919 878 2068 939 quae
2126 878 2236 921 nec
2294 877 2402 939 ρει·
2458 878 2523 921 se
2586 860 2843 941 proferri
2904 867 3158 940 possunt

558 986 669 1027 nee
721 967 1017 1044 syllabam
1072 964 1283 1025 facere.
1377 973 1518 1025 sunt
1571 973 1768 1026 autem
1825 983 2072 1027 numero
2130 964 2312 1047 vnn,
2377 965 2414 1027 b
2470 985 2503 1027 e
2558 965 2593 1026 d
2650 986 2687 1046 g
2740 966 2778 1027 h
2833 965 2871 1026 k
2927 985 2965 1046 p
3022 984 3059 1045 q
3115 974 3157 1027 t.
3211 985 3238 1025 5

559 1093 629 1134 ex
696 1073 789 1135 his
854 1090 1251 1153 supervacuae
1309 1071 1658 1152 quibusdam
1716 1074 1993 1135 videntur
2047 1072 2082 1133 k
2142 1082 2204 1134 et
2258 1092 2324 1155 q,
2388 1073 2545 1152 quod
2600 1091 2633 1134 c
2689 1071 2884 1134 littera
2949 1072 3158 1132 harum

559 1183 753 1243 locum
799 1182 987 1261 possit
1033 1177 1295 1260 implere.
1336 1175 1348 1260 Ι
1387 1179 1425 1240 h
1464 1198 1701 1260 quoque
1739 1181 2114 1261 aspirationis
2161 1189 2328 1262 nota,
2376 1198 2495 1241 non
2540 1179 2735 1243 littera
2772 1181 3157 1242 existimatur.

561 1310 594 1370 y
640 1297 700 1351 et
746 1309 777 1350 z
823 1296 1070 1368 propter
1115 1305 1325 1367 graeca
1372 1289 1611 1348 nomina
1656 1286 2036 1348 admittimus·

737 1397 783 1456 Α
847 1395 1043 1457 littera
1106 1394 1347 1476 vocaliS,
1413 1412 1564 1475 quae
1629 1393 1868 1474 quidem
1934 1413 2042 1475 ρει·
2107 1413 2170 1455 se
2236 1396 2375 1456 facit
2437 1398 2732 1474 syllabam
2796 1393 3035 1455 brevem
3100 1403 3163 1455 et

558 1505 793 1585 longam
848 1505 1108 1583 itemque
1166 1520 1387 1563 conexa
1446 1521 1582 1564 cum
1629 1502 1758 1564 aliis
1804 1511 1922 1565 tam
1968 1503 2301 1584 praeposita
2349 1521 2524 1584 quam
2572 1502 2762 1566 media
2814 1503 3161 1584 finiensque,
3192 1525 3245 1564 ιο

563 1622 629 1674 ut
684 1609 890 1672 Ahala:
946 1618 1084 1670 nota
1140 1611 1316 1670 etiam
1372 1612 1771 1691 praenominis
1784 1658 1803 1692 ‚
1860 1628 1994 1671 cum
2041 1609 2255 1672 Aulum
2313 1610 2435 1672 sola
2491 1610 2797 1689 significat.
2887 1628 2919 1670 e
2965 1608 3164 1671 littera

564 1718 779 1779 vocalis
827 1736 934 1797 ρει·
981 1735 1045 1778 se
1092 1718 1391 1777 nominata
1440 1718 1701 1797 itemque
1750 1735 1886 1778 cum
1934 1716 2061 1778 aliis
2107 1720 2305 1780 iuncta
2352 1727 2413 1779 et
2457 1716 2669 1779 breves
2715 1717 2855 1780 facit
2897 1700 3164 1796 syllabas

565 1835 624 1888 et
668 1825 889 1905 longas,
982 1825 1001 1884 i
1047 1822 1243 1884 littera
1289 1822 1504 1884 vocalis
1550 1823 1852 1886 interdum
1889 1826 2183 1886 transiens
2219 1828 2280 1886 in
2319 1826 2771 1887 consonantium
2809 1834 3163 1906 potestatem

562 1951 671 2013 per
736 1951 799 1993 se
864 1950 975 1993 nec
1031 1933 1228 1992 minus
1293 1928 1421 1991 aliis
1487 1932 1705 1992 sociata
1770 1939 1889 1992 tam
1949 1930 2159 1993 breves
2216 1933 2356 1994 facit
2398 1934 2666 2011 syllabas
2711 1939 2887 2014 quam
2933 1931 3165 2012 longas:

564 2050 702 2102 nota
748 2041 1009 2121 numeri,
1055 2055 1192 2098 eum
1237 2055 1422 2098 unum
1471 2038 1774 2117 significat.
1867 2057 1902 2098 ο
1948 2037 2144 2099 littera
2189 2038 2406 2100 vocalis
2453 2047 2571 2100 tam
2618 2042 2939 2120 corripitur
2986 2057 3162 2120 quam
3193 2058 3245 2098 15

565 2146 917 2228 producitur
982 2155 1043 2207 et
1106 2143 1420 2226 singularis
1486 2154 1545 2206 et
1608 2163 1747 2206 cum
1813 2144 1941 2206 aliis
2007 2146 2293 2227 copulata.
2403 2165 2442 2207 ιι
2506 2145 2702 2208 littera
2767 2145 2982 2207 vocalis
3046 2164 3166 2207 non

749 2354 928 2409 Godeoe
964 2353 1355 2423 Sanyallensis.
1435 2360 1460 2407 1
1502 2352 1779 2423 syllabam
1817 2367 1919 2409 om.
2063 2358 2095 2406 2
2125 2369 2353 2408 numero
2381 2370 2480 2408 om.
2626 2360 2658 2408 3
2698 2356 2762 2409 ut
2789 2358 2916 2408 ante
2942 2352 3037 2423 pix
3063 2369 3164 2410 om.

642 2443 674 2490 5
713 2434 988 2505 syllabam
1026 2449 1126 2487 om.
1272 2438 1304 2486 9
1343 2430 1617 2502 syllabam
1644 2447 1744 2486 om.
1896 2437 1961 2486 10
1988 2432 2132 2505 tam]
2163 2433 2335 2488 etiam
2480 2439 2543 2488 11
2576 2432 2757 2489 solum
2903 2439 2967 2488 12
2997 2433 3168 2489 breue

713 2514 957 2585 syllabas
995 2530 1094 2568 om.
1244 2519 1309 2567 14
1346 2512 1487 2584 tam]
1527 2511 1699 2568 etiam
1843 2514 2028 2570 bveuis
2062 2513 2202 2569 facit
2237 2530 2408 2583 quam
2556 2519 2620 2569 15
2657 2513 2800 2586 tam]
2839 2515 3010 2569 etiam

573 2710 739 2782 ἀλλὰ
775 2708 936 2780 καθ’
981 2708 1182 2780 ἑαυτὰ
1221 2706 1563 2800 συλλαβὴν
1595 2713 1870 2798 ποιῆσαι
1909 2709 1991 2780 οὐ
2031 2708 2330 2781 δύναται.
2385 2715 2565 2780 ἔστιν
2605 2709 2678 2781 δὲ
2714 2708 2834 2782 τὸν
2872 2709 3170 2800 ἀριθμὸν

576 2822 734 2890 ἑπτά
868 2873 882 2888 .
929 2821 999 2887 ἐκ
1051 2817 1309 2887 τούτων
1368 2822 1652 2887 διπλοῦν
1708 2820 1888 2889 ἐστιν
1945 2816 2019 2888 τὸ
2077 2845 2130 2887 x.
2223 2819 2625 2907 συνέστηκεν
2671 2817 2799 2908 γὰρ
2844 2815 2886 2907 ἢ
2935 2821 3005 2888 ἐκ
3049 2824 3172 2889 τοῦ

576 2955 613 3015 g
648 2928 758 2996 καὶ
795 2953 850 3015 S,
897 2922 987 3006 ὡς
1030 2924 1105 2994 τὸ
1154 2951 1257 2993 rex
1296 2935 1485 3013 reyis,
1533 2920 1575 3011 ἢ
1614 2927 1684 2994 ἐκ
1721 2928 1843 2994 τοῦ
1883 2951 1914 2993 ε
1950 2926 2062 2994 καὶ
2099 2952 2157 3015 S,
2203 2923 2292 3007 ως
2326 2924 2400 2995 τὸ
2440 2936 2539 3014 pix
2574 2936 2742 3015 picis».
2816 2925 2928 2996 διὰ
2971 2930 3170 2996 τοῦτο

575 3034 843 3123 γράμμα
909 3030 1223 3120 ἀρνεῖται.
1330 3030 1571 3118 ἄφωνοί
1646 3032 1827 3100 ἐστιν
1890 3026 1932 3099 ἃ
1999 3030 2151 3101 οὔτε
2209 3031 2368 3100 καθ’
2449 3032 2647 3102 ἑαυτὰ
2720 3035 3173 3120 έκφωνεῖσθαι

578 3142 859 3211 δύναται
906 3138 1057 3209 οὔτε
1103 3137 1445 3226 συλλαβὴν
1490 3142 1785 3225 ποιῆσαι,
1878 3143 2058 3208 ἔστιν
2108 3138 2182 3207 δὲ
2222 3147 2232 3222 Ι
2271 3138 2391 3208 τὸν
2437 3138 2738 3229 ἀριθμὸν
2798 3142 3011 3209 ἐννέα.
3102 3141 3174 3208 ἐκ
3229 3175 3256 3215 5

575 3249 832 3319 τούτων
887 3245 1166 3334 περισσά
1219 3266 1396 3314 τισιν
1456 3245 1871 3334 δοκιμάζεται
1928 3244 2000 3314 τὸ
2059 3252 2097 3313 k
2150 3247 2261 3315 καὶ
2314 3245 2389 3316 τὸ
2439 3273 2504 3337 q,
2560 3246 2662 3316 ὅτι
2706 3245 2780 3316 τὸ
2828 3274 2862 3315 ε
2906 3247 3176 3336 γράμμα

577 3354 697 3425 τὸν
760 3354 1018 3424 τούτων
1082 3351 1289 3422 τόπον
1357 3353 1639 3422 δύναται
1713 3350 2204 3442 ἀναπληρῶσαι.
2311 3354 2424 3422 καὶ
2485 3352 2560 3423 τὸ
2627 3361 2667 3421 h
2729 3358 2846 3442 τῆς
2909 3358 3176 3433 δασείας

580 3476 878 3551 σημεῖον,
937 3457 1086 3548 οὐχὶ
1140 3459 1410 3548 γράμμα
1465 3459 2022 3549 ὑπολαμβάνεται.
2122 3460 2198 3530 τὸ
2262 3489 2308 3529 υ
2373 3461 2447 3530 δὲ
2511 3467 2631 3529 καί
2683 3458 2759 3530 τὸ
2827 3468 2859 3543 ζ
2922 3458 3034 3529 διὰ
3095 3459 3177 3530 τὰ

583 3565 893 3656 ἕλληνικᾶ
941 3564 1235 3654 ὀνόματα
1280 3566 1806 3657 προσβάλλομεν.

759 3684 806 3742 Α
851 3673 1120 3762 γράμμα
1174 3678 1467 3762 φωνῆεν,
1532 3672 1692 3763 ὅπερ
1756 3673 1881 3764 μὲν
1945 3666 2070 3744 οὖν
2133 3673 2294 3743 καθ’
2358 3672 2551 3744 ἑαυτὸ
2605 3690 2789 3745 ποιεῖ
2836 3674 3177 3764 συλλαβὴν
3210 3713 3262 3751 10

583 3788 900 3870 βραχεῖαν
943 3781 1053 3848 καὶ
1100 3807 1381 3869 μακραν,
1429 3778 1673 3870 ὁμοίως
1718 3781 1794 3849 δὲ
1841 3783 2364 3869 συνεζευγμένον
2407 3809 2569 3870 μετα
2613 3781 2836 3852 ἄλλων
2873 3783 2982 3851 καὶ
3020 3808 3180 3871 προ-

584 3887 1001 3976 τασσόμενον
1047 3888 1159 3956 καὶ
1204 3890 1409 3976 μέσον
1454 3889 1566 3957 καὶ
1612 3890 1718 3958 ἐπὶ
1761 3889 2019 3997 τέλους,
2065 3885 2155 3969 ως
2198 3888 2273 3958 τὸ
2312 3896 2519 3979 Ahala,
2560 3884 2673 3957 καὶ
2712 3903 2990 3978 σημεῖον
3025 3916 3180 3977 χρη-

585 3998 937 4085 ματισμοῦ,
1003 3990 1197 4063 ὁπότε
1255 3986 1482 4064 Αὖλον
1548 3994 1762 4082 μόνον
1829 3999 2224 4083 σημαίνει.
2252 4021 2284 4063 ε
2348 4023 2617 4086 γραμμα
2681 3999 2954 4085 φωνῆεν
3016 3993 3174 4064 καθ’

585 4100 780 4173 ἑαυτὸ
829 4098 1292 4189 ὀνομασθὲν
1264 4107 1509 4189 ομοίως
1553 4127 1623 4169 τε
1668 4100 1828 4190 μετὰ
1876 4100 2099 4170 αλλων
2147 4102 2423 4190 ζευχθὲν
2479 4104 2590 4172 καὶ
2644 4108 2956 4191 βραχείας
3007 4116 3189 4171 ποιεῖ

586 4207 921 4297 συλλαβὰς
964 4210 1074 4276 καὶ
1120 4208 1389 4297 μακράς.
1482 4219 1499 4277 i
1547 4208 1817 4297 γράμμα
1862 4213 2137 4296 φωνῆεν
2186 4207 2334 4278 ἔσθ’
2387 4207 2494 4279 ὅτε
2550 4209 3031 4299 μετερχόμενον
3088 4213 3185 4290 εἰς
3212 4248 3267 4288 15

585 4320 709 4406 τὴν
763 4321 898 4386 τῶν
954 4314 1339 4404 συμφώνων
1396 4315 1689 4403 δύναμιν
1742 4314 1902 4384 καθ’
1965 4314 2191 4403 ἑαυτό,
2257 4316 2456 4386 οὐδὲν
2523 4322 2796 4386 ἔλαττον
2858 4317 2968 4385 καὶ
3023 4313 3184 4403 μετὰ

587 4425 810 4494 ἄλλων
856 4426 1266 4512 ἐζευγμένον,
1308 4424 1418 4491 καὶ
1463 4428 1774 4511 βραχείας
1816 4437 1996 4492 ποιεῖ
2038 4421 2371 4512 συλλαβὰς
2416 4425 2525 4492 καὶ
2571 4424 2849 4513 μακράς·
2905 4438 3182 4512 σημεῖον

590 4532 917 4620 ἀριθμοῦ,
965 4528 1161 4600 ὁπότε
1209 4533 1325 4599 ἕνα
1373 4536 1696 4618 σημαίνει.
1787 4557 1822 4598 ο
1859 4529 2128 4619 γράμμα
2164 4535 2438 4619 φωνῆεν
2472 4530 2583 4599 καὶ
2621 4533 3038 4600 συστέλλεται
3073 4533 3185 4600 καὶ

592 4642 941 4708 ἐκτείνεται
978 4639 1090 4707 καὶ
1126 4635 1339 4726 μόνον
1375 4637 1487 4705 καὶ
1522 4634 1683 4726 μετὰ
1719 4635 1943 4705 ἄλλων
1980 4636 2440 4726 ζευγνύμενον.
2531 4664 2570 4705 ιι
2607 4635 2877 4727 γράμμα
2913 4642 3187 4725 φωνῆεν

770 4842 802 4891 3
838 4836 986 4907 regis
1023 4852 1124 4892 om.
1269 4841 1300 4891 7
1338 4854 1437 4890 και
1471 4853 1629 4890 τοντε
1668 4836 1901 4898 &aaziae
2045 4839 2111 4890 12
2150 4854 2224 4899 ως
2260 4852 2322 4889 το
2360 4838 2467 4890 ala
