3613 5528
1382 405 1479 460 DE
1520 401 2105 461 ORTHOGRAPHIA
2916 401 3039 468 177

432 514 478 554 p.
508 504 613 546 2³0⁰
638 502 688 545 Ρ.

610 589 723 650 Bes
778 588 1010 670 longam
1068 588 1342 651 similiter
1394 608 1609 652 nomen
1656 589 2125 669 monosyllabum
2182 590 2449 669 repperi3
2505 587 2796 667 significat
2850 595 3049 648 autem

380 696 385 697 ⁷
434 699 638 759 uncias
674 704 828 779 octo,
866 695 1024 777 quod
1064 695 1102 780 b
1142 704 1365 759 mutam
1402 704 1608 758 tenere
1648 696 2018 767 consuetudo
2057 695 2297 757 tradidit
2333 697 2395 756 in
2434 697 2745 774 scriptura.
2809 693 3050 755 brevem

432 806 694 865 invenire
742 822 861 864 non
908 804 1095 883 potui.
1172 822 1307 865 nam
1353 822 1566 883 vesper
1601 805 1783 864 vestis
1831 822 1897 863 ac
1946 803 2185 885 similia,
2231 801 2370 863 licet
2415 820 2523 881 per
2560 819 2594 860 v
2631 798 2892 861 vocalem
2938 818 3048 879 pro

431 917 791 972 consonante
852 909 1220 992 scribantur,
1275 918 1473 971 tamen
1528 912 1692 971 iuxta
1745 910 2038 970 rationem
2094 926 2273 987 supra
2329 907 2574 989 dictam,
2638 906 2741 968 ubi
2796 906 3049 968 fecimus

375 1035 402 1074 s
430 1020 785 1077 mentionem
839 1034 910 1075 ve
967 1025 1304 1096 correptam
1359 1016 1578 1079 debere
1635 1035 1744 1096 per
1790 1035 1826 1075 v
1871 1014 2080 1097 scribi,
2141 1018 2421 1094 quoniam
2466 1033 2496 1074 s
2533 1014 2729 1076 littera
2775 1014 3050 1092 sequenti

431 1122 683 1202 syllabae
720 1124 852 1184 sine
890 1122 1070 1184 dubio
1109 1125 1394 1203 iungitur.
1459 1141 1590 1205 vos,
1628 1124 1680 1183 si
1717 1139 2045 1202 pronomen
2087 1121 2294 1202 fuerit,
2331 1123 2392 1181 in
2432 1116 2832 1200 monosyllabo
2869 1136 2978 1198 per
3015 1137 3052 1175 v

431 1228 683 1289 litteram
724 1228 1051 1310 scribetur;
1098 1248 1237 1290 cum
1273 1246 1415 1289 vero
1453 1227 1801 1308 disyllabum
1850 1229 2062 1308 fuerit,
2107 1227 2168 1288 id
2219 1235 2313 1288 cst
2359 1225 2552 1309 vobis,
2596 1227 2787 1306 prima
2832 1223 3050 1305 syllaba

429 1354 538 1415 per
584 1355 644 1418 v,
691 1334 950 1397 secunda
997 1355 1106 1415 per
1152 1335 1191 1395 b
1238 1334 1554 1396 scribetur.
1630 1333 1867 1414 quando
1913 1342 2110 1394 autem
2157 1334 2408 1393 iumenti
2467 1350 2684 1393 nomen
2731 1332 3051 1407 invenitur,

433 1451 498 1503 ut
542 1452 633 1503 est
670 1427 1126 1522 ‘procumbit
1173 1442 1365 1503 humi
1408 1436 1589 1524 bos',
1642 1440 1680 1501 b
1728 1448 1952 1502 mutam
2013 1438 2253 1501 habebit
2307 1442 2370 1500 in
2416 1436 2816 1518 monosyllabo
2864 1437 3048 1497 nomi—

349 1569 404 1606 10
434 1549 611 1608 nativi
675 1558 736 1609 et
800 1550 1049 1610 vocativi
1115 1568 1320 1631 casus3
1394 1566 1531 1610 cum
1586 1566 1727 1609 vero
1791 1565 1903 1627 per
1969 1546 2113 1607 alios
2179 1565 2353 1607 casus
2419 1547 2683 1625 coeperit
2745 1544 3051 1626 geminari,

611 1736 638 1783 1
678 1730 778 1785 bes
814 1727 1075 1784 similiter
1110 1728 1335 1799 longam
1374 1746 1578 1786 nomen
1613 1727 1670 1781 B
1814 1733 1847 1781 2
1898 1727 1935 1780 b
1973 1726 2213 1798 mutam]
2252 1726 2394 1781 bene
2432 1729 2649 1781 mutam
2683 1724 2740 1778 Β
2882 1728 2917 1776 4
2954 1722 3051 1777 ubi

433 1810 666 1864 fecimus
701 1809 800 1864 bes
838 1810 1152 1877 correptam
1191 1809 1394 1864 debere
1431 1827 1534 1879 per
1560 1829 1597 1865 u
1636 1808 1809 1865 scribi
1843 1806 2025 1862 ABG
2057 1806 2153 1861 ubi
2189 1805 2426 1861 fecimus
2467 1805 2562 1861 bes
2600 1803 2914 1872 correptam
2951 1816 3053 1869 per

434 1890 472 1944 b
508 1891 723 1943 mutam
763 1887 969 1943 debere
1004 1886 1202 1956 scribi,
1240 1889 1451 1944 debent
1483 1905 1586 1959 per
1621 1908 1656 1943 v
1693 1888 1863 1945 scribi
1902 1888 2102 1942 Carrio
2281 1892 2312 1941 5
2360 1885 2617 1955 sequenti
2661 1883 2913 1952 syllabae
2951 1880 3049 1938 ςΑ

437 1967 718 2037 sequentis
745 1967 998 2037 syllabae
1025 1966 1079 2021 B
1095 1966 1142 2021 0
1272 1974 1304 2022 8
1335 1969 1580 2024 secunda
1607 1986 1708 2039 per
1734 1970 1771 2025 b
1799 1968 2073 2025 scribetur
2101 1983 2134 2025 ς
2166 1966 2321 2035 Par„
2351 1967 2596 2021 secunda
2621 1963 2946 2034 (secundum
2974 1963 3050 2029 A)

432 2065 531 2119 per
564 2048 602 2102 b
638 2047 904 2104 scribitur
937 2046 1122 2101 ABG
1260 2054 1292 2101 9
1332 2046 1390 2102 id
1416 2051 1515 2103 'est
1549 2050 1870 2118 procumbit:
1904 2045 2062 2103 humi
2118 2047 2220 2102 bos
2256 2046 2377 2101 AB
2413 2048 2480 2102 ut
2516 2049 2602 2101 est
2637 2046 2738 2101 bos
2778 2043 2844 2099 0:
2894 2043 3050 2114 Vera.

432 2130 569 2184 Aen.
618 2128 671 2184 V
701 2133 809 2184 481
955 2126 1335 2183 nominat-inus
1373 2130 1432 2183 et
1467 2129 1759 2184 uocatiuus
1796 2132 1851 2184 A
1867 2128 1915 2183 0

1332 2393 1705 2450 MARTYRII
1741 2396 1840 2451 DE
1877 2396 1924 2450 B
1961 2396 2057 2451 ET
2094 2397 2147 2452 V

608 2561 722 2623 Bes
776 2562 1011 2643 longam
1065 2559 1338 2622 similiter
1392 2580 1608 2623 nomen
1672 2562 2137 2643 monosyllabum
2185 2564 2449 2644 repperi3
2506 2563 2797 2643 significat
2852 2570 3050 2622 autem

436 2670 638 2729 uncias
684 2678 847 2750 octo,
894 2667 1052 2747 quod
1103 2666 1267 2747 [per]
1317 2668 1354 2728 b
1401 2677 1625 2729 mutam
1672 2678 1880 2730 tenere
1927 2669 2296 2731 consuetudo
2347 2670 2586 2731 tradidit
2631 2672 2691 2730 in
2730 2670 3049 2747 scriptura.

434 2774 674 2836 brevem
711 2794 831 2837 non
876 2778 1141 2837 invenire
1188 2778 1374 2855 potui.
1439 2795 1574 2837 nam
1612 2795 1828 2856 vesper
1864 2779 2046 2837 vestis
2084 2795 2151 2837 ac
2190 2777 2420 2861 similia,
2465 2777 2607 2838 licet
2654 2793 2761 2855 per
2800 2793 2834 2834 v
2881 2792 3047 2834 voca·

436 2881 548 2942 lem
604 2901 713 2962 pro
760 2889 1123 2943 consonante
1171 2882 1536 2965 scribantur,
1591 2878 1790 2944 t'amen
1846 2885 2008 2945 iuxta
2064 2886 2354 2945 rationem
2413 2902 2590 2964 supra
2644 2883 2889 2963 dictam,
2946 2879 3049 2940 ubi

433 2987 684 3049 fecimus
729 2991 1090 3050 mentionem
1137 3007 1207 3050 ve
1256 2998 1591 3069 correptam
1638 2989 1858 3051 debere
1903 3009 2012 3069 per
2049 3010 2084 3048 v
2130 2990 2464 3069 digammon
2514 2989 2722 3063 scribi,
2768 2988 3047 3066 quoniam

377 3110 404 3150 5
434 3113 463 3154 s
508 3094 703 3156 littera
762 3097 1035 3175 sequenti
1093 3094 1344 3173 syllabae
1402 3097 1530 3155 sine
1586 3095 1765 3156 dubio
1825 3097 2138 3175 iungitur.·
2185 3098 2270 3157 vis
2317 3081 2532 3157 nomen
2581 3090 3047 3172 monosyllabum

433 3218 682 3261 numero
736 3219 854 3262 non
911 3200 1253 3281 subiacenS,
1310 3199 1415 3261 sed
1471 3201 1629 3280 quod
1690 3202 2120 3281 interpretatur
2173 3201 2448 3263 violentia
2507 3201 2596 3262 vel
2668 3209 2958 3280 potestaS,
3011 3215 3048 3258 v

430 3306 763 3385 digammon
818 3307 1047 3369 tenebit
1109 3309 1170 3367 in
1243 3308 1555 3386 scriptura.
1648 3325 1785 3367 nam
1841 3305 2001 3386 quod
2065 3308 2357 3385 significat
2418 3325 2733 3370 numerum
2801 3311 3048 3386 propter

430 3411 850 3475 discretionem
916 3432 1026 3493 per
1080 3412 1119 3472 b
1187 3421 1410 3473 mutam
1464 3412 1775 3500 scribitur,
1844 3431 1952 3474 ceu
2019 3411 2304 3493 superius
2343 3413 2611 3475 ‘fecimus
2667 3414 3044 3474 mentionem.

428 3518 658 3579 bissum
704 3523 907 3602 etiam,
955 3519 1110 3599 quod
1158 3520 1457 3597 integrum
1504 3497 1796 3597 significat
1841 3510 2180 3600 ἀκέραιον,
2229 3539 2338 3600 per
2375 3519 2413 3580 b
2453 3528 2675 3582 mutam
2721 3522 2783 3581 in
2824 3517 3045 3598 glosse-

351 3644 401 3682 ιο
426 3611 689 3685 ⁴matibus
736 3628 990 3706 repperi.
1078 3643 1181 3684 vos
1226 3624 1427 3704 longa,
1473 3626 1524 3685 si
1567 3642 1900 3704 pronomen
1947 3627 2154 3707 fucrit,
2207 3645 2315 3707 per
2360 3646 2395 3686 v
2441 3624 2702 3688 vocalem
2748 3644 2858 3706 pro
2906 3643 3045 3686 con·

356 3717 365 3726 ’
428 3739 676 3793 sonante
723 3735 1002 3814 positam,
1057 3733 1109 3793 si
1155 3748 1401 3812 nomen,
1456 3749 1565 3810 per
1612 3730 1649 3790 b
1697 3740 1920 3792 mutam
1967 3732 2293 3815 scribetur,
2348 3732 2476 3793 aliis
2523 3733 2752 3795 scilicet
2810 3731 3044 3794 casibus

340 3829 347 3834 ’
426 3839 488 3897 in
527 3847 785 3918 utroque
822 3855 1073 3900 numero
1109 3838 1261 3898 hanc
1308 3854 1458 3915 quae
1509 3843 1599 3897 est
1648 3838 1708 3896 in
1746 3839 1946 3916 priore
1986 3838 2204 3917 syllaba
2241 3842 2596 3920 scripturam
2636 3839 3042 3919 sequentibus

429 3943 532 4004 sed
582 3947 861 4023 quoniam
906 3947 970 4006 in
1016 3945 1292 4024 genetivo
1340 3950 1400 4003 et
1444 3944 1504 4002 in
1553 3942 1682 4003 aliis
1729 3944 1965 4005 casibus
2010 3954 2248 4025 praeter
2296 3948 2624 4007 vocativum
2669 3946 2782 4006 hoc
2830 3964 3045 4006 nomen

427 4069 705 4112 crescere
753 4054 1137 4132 cognovimus
1184 4057 1245 4111 et
1288 4068 1397 4130 per
1426 4067 1460 4108 v
1504 4049 1762 4111 litteram
1806 4054 2199 4130 posteriorem
2248 4070 2486 4132 quoque
2535 4050 2812 4132 syllabam
2859 4069 3044 4112 enun-

348 4175 400 4213 ιε)
429 4157 566 4217 tiari
627 4150 766 4239 (bos
824 4160 980 4219 enim
1027 4158 1224 4238 bovis,
1278 4155 1418 4216 licet
1463 4154 1713 4216 similem
1762 4160 2035 4235 genetivo
2083 4161 2509 4220 nominativum
2555 4157 2794 4236 quidam
2840 4157 3043 4217 decer·

428 4272 598 4344 nant,
655 4272 714 4324 et
768 4263 905 4326 bovi
959 4263 1154 4326 dativo
1202 4269 1262 4323 et
1307 4263 1642 4323 accusativo
1703 4261 1913 4323 bovem
1962 4259 2154 4349 facit),
2209 4267 2405 4326 evenit
2459 4266 2636 4325 etiam
2694 4261 3044 4343 quibusdam

428 4359 770 4431 nominibus
816 4372 879 4431 in
918 4389 1059 4432 casu
1098 4371 1456 4431 nominativo
1496 4387 1530 4428 v
1575 4367 1835 4430 litteram
1877 4373 2120 4449 penitus
2161 4390 2279 4432 non
2328 4369 2574 4452 habere,
2620 4371 2680 4430 in
2728 4368 2857 4429 aliis
2903 4385 3044 4429 vero

608 4548 641 4597 2
681 4542 833 4611 quod
867 4544 908 4598 b
943 4545 1157 4598 mutam
1198 4539 1541 4597 consuetudo
1577 4540 1819 4596 tradidit
1852 4540 1911 4596 in
1949 4543 2227 4612 scriptura
2264 4540 2320 4594 P
2468 4545 2503 4593 4
2537 4537 2771 4595 fecimus
2807 4539 3044 4594 mentio·

429 4620 582 4693 nem]
620 4623 978 4678 meminimus
1015 4623 1072 4676 P
1191 4620 1381 4678 deberi
1416 4619 1545 4674 NP
1662 4625 1694 4674 5
1734 4622 2017 4690 sequentis
2055 4621 2111 4673 P
2246 4627 2278 4675 9
2316 4619 2527 4676 bissum
2564 4618 2734 4674 etism
2773 4636 3044 4686 ακεραιον

428 4717 529 4769 per
564 4702 602 4756 b
640 4704 857 4757 mutam
891 4700 951 4756 in
989 4700 1419 4772 glossematibus
1454 4700 1636 4770 reperi
1677 4700 1733 4754 P
1837 4695 2134 4770 ἀκέραιον]
2176 4715 2453 4769 ασαερεον
2488 4699 2557 4752 Ν
2665 4697 3045 4768 glosemmsti-

428 4780 533 4834 bus
569 4780 636 4835 N
776 4787 840 4835 11
888 4780 1134 4850 positam
1170 4796 1270 4835 om.
1309 4778 1387 4847 N,
1424 4780 1551 4835 aad.
1593 4779 1649 4832 P
1787 4786 1855 4834 14
1899 4797 2002 4850 per
2036 4779 2073 4833 b
2110 4779 2360 4834 litteram
2396 4784 2447 4834 et
2482 4779 2676 4834 deinde
2710 4777 2872 4833 bobis
2912 4778 3044 4835 hobi

429 4860 633 4916 bobem
674 4860 731 4913 P
873 4866 939 4915 15
978 4860 1242 4916 decernat.
1277 4860 1343 4914 N
1373 4858 1723 4944 decreverint
1757 4859 1817 4913 P

540 4968 851 5000 eumn-101
879 4967 1053 5000 urna
1081 4969 1168 5001 vn.
2551 4952 2616 5001 12
