3613 5528
660 429 789 494 428
1779 428 2122 485 DOSITHEI

656 540 704 577 ι).
733 532 796 572 56.
825 531 877 572 57
904 531 964 574 H.

659 624 829 696 porta
876 665 888 676 .
936 615 1323 696 voluptuosus
1377 613 1560 676 rebus
1607 662 1620 675 .
1681 614 1877 675 favore
1936 615 2172 675 virtutis
2229 661 2242 675 .
2300 612 2571 676 columen
2629 618 2827 677 curiae
2885 663 2898 676 .
2956 618 3257 696 specimen

661 723 893 785 scholae
941 771 954 783 .
1001 732 1235 783 tumore
1282 723 1400 802 agit
1448 769 1460 781 .
1508 720 1872 782 elaboratum
1932 739 2082 801 opus
2129 768 2143 782 .
2189 722 2346 784 ridet
2400 721 2815 784 abstinentiam
2872 740 3061 783 meam
3108 771 3121 783 .
3169 725 3256 783 in-

661 829 1033 892 accessibiles
1089 830 1318 891 litterae
1367 876 1380 889 .
1426 830 1765 890 inaccessus
1823 828 1988 889 locus
2035 877 2048 889 .
2095 829 2517 891 inextricabilis
2574 847 2743 890 error
2788 877 2802 889 .
2860 830 3258 891 inremeabilis

661 941 750 1001 via
798 987 811 1000 .
859 938 1077 1000 sterilis
1132 938 1385 998 amicitia
1444 983 1456 996 .
1514 935 1714 997 larvali
1767 935 1973 997 habitu
2021 984 2034 996 .
2080 938 2421 1016 imaginaria
2478 937 2662 997 forma
2710 984 2723 997 .
2780 937 2939 998 finali
2994 936 3198 998 habitu
3246 984 3259 998 .

661 1046 940 1108 inlibatus
986 1062 1288 1106 numerus.
1338 1035 1348 1125 Ι
3313 1058 3338 1097 5

839 1305 1152 1366 Poematos
1208 1320 1424 1383 genera
1484 1309 1622 1361 sunt
1677 1303 1790 1362 tria
1839 1349 1852 1363 .
1900 1310 2001 1364 aut
2055 1305 2308 1365 activum
2366 1311 2457 1364 est
2510 1301 2603 1363 vel
2658 1304 3036 1382 imitativum,
3102 1301 3261 1381 quod

664 1411 873 1472 Graeci
939 1410 1301 1471 dramaticon
1367 1407 1456 1468 vel
1520 1409 1859 1469 mimeticon
1917 1408 2234 1490 appellant,
2299 1412 2361 1470 in
2426 1427 2543 1488 quo
2608 1426 2895 1489 personae
2952 1409 3265 1488 loquentes

664 1518 1154 1600 introducuntur,
1200 1529 1268 1578 ut
1315 1535 1377 1578 se
1424 1514 1646 1576 habent
1691 1514 2025 1595 tragoediae
2074 1526 2133 1577 et
2178 1519 2438 1577 comicae
2486 1514 2715 1576 fabulae
2753 1525 2814 1576 et
2857 1517 3044 1596 prima
3083 1515 3263 1577 buco-

669 1625 851 1686 licon:
889 1634 990 1686 aut
1019 1625 1444 1704 enarrativum,
1482 1621 1638 1702 quod
1670 1621 1880 1683 Graeci
1908 1625 2347 1703 exegematicon
2386 1622 2473 1683 vel
2515 1623 2916 1703 apaggelticon
2954 1622 3266 1704 appellant,

667 1733 728 1792 in
766 1749 884 1811 quo
923 1738 1096 1811 poeta
1133 1733 1260 1811 ipse
1300 1730 1564 1809 loquitur
1602 1732 1730 1791 sine
1769 1730 1949 1791 ullius
1985 1749 2273 1811 personae
2312 1730 2795 1814 interlocutione,
2841 1740 2909 1794 ut
2944 1750 3009 1792 se
3046 1731 3348 1793 habent1⁰

670 1848 792 1899 tres
859 1838 995 1898 libri
1058 1839 1320 1918 georgici
1384 1846 1444 1896 et
1508 1854 1644 1916 pars
1716 1838 1906 1917 prima
1972 1840 2195 1918 quarti,
2273 1840 2414 1898 item
2480 1836 2742 1899 Lucretii
2809 1840 3092 1900 carmina:
3166 1847 3268 1899 aut

669 1963 980 2006 commune
1028 1943 1116 2004 vel
1164 1946 1413 2005 mixtum
1464 1941 1842 2024 [appellant],
1889 1944 2047 2023 quod
2093 1962 2304 2024 graece
2348 1935 2584 2005 κοινόν
2631 1943 2720 2005 vel
2757 1937 2993 2025 μικτόν
3030 1944 3269 2027 dicitur,

674 2055 734 2113 in
794 2071 911 2133 quo
968 2062 1140 2132 poeta
1197 2054 1325 2132 ipse
1377 2051 1642 2131 loquitur
1698 2059 1757 2111 et
1810 2069 2101 2131 personae
2156 2050 2468 2130 loquentes
2523 2052 3012 2135 introducuntur,
3060 2060 3126 2112 ut
3182 2059 3272 2112 est

668 2162 889 2240 scripta
936 2159 1071 2220 Ilias
1118 2168 1177 2219 et
1224 2157 1456 2220 Odissia
1502 2156 1743 2218 Homeri
1791 2166 1851 2218 et
1896 2157 2110 2218 Aeneis
2156 2156 2401 2238 Virgilii.

847 2516 1158 2578 Distinctio
1206 2524 1298 2576 est
1343 2514 1561 2576 silentii
1608 2523 1745 2576 nota
1792 2533 1928 2575 cum
1976 2532 2154 2575 sensu
2193 2517 2509 2576 terminato
2539 2564 2553 2577 .
2581 2516 2760 2577 buius
2797 2526 2994 2578 autem
3033 2520 3269 2597 signum
3303 2529 3354 2568 1⁵

670 2613 762 2685 est
805 2630 1093 2704 punctum
1141 2641 1319 2703 supra
1367 2638 1604 2682 versum
1651 2622 1911 2700 positum
1950 2669 1963 2681 .
2003 2620 2420 2683 subdistinctio
2459 2630 2551 2683 est
2587 2623 2946 2685 diuturnitas
2983 2624 3271 2704 quaedam

672 2732 957 2812 temporis
995 2729 1275 2792 differens
1312 2731 1640 2791 orationem
1678 2727 1749 2789 ad
1788 2731 2116 2790 sententiae
2155 2728 2493 2809 qualitatem
2533 2779 2545 2791 .
2582 2729 2761 2793 huius
2798 2739 2995 2793 autem
3032 2736 3273 2809 siquam

674 2848 765 2901 est
809 2845 1095 2919 punctum
1144 2837 1256 2899 sub
1301 2855 1478 2898 versu
1525 2838 1812 2918 positum,
1859 2844 1928 2898 ut
1972 2846 2065 2898 est
2110 2836 2281 2918 illud,

939 2954 1009 3006 et
1054 2946 1113 3005 si
1161 2945 1304 3005 sata
1352 2943 1584 3025 deum,
1630 2944 1690 3004 si
1737 2961 1933 3004 mens
1979 2962 2117 3004 non
2163 2943 2358 3005 laeva
2406 2946 2696 3027 fuisset,

939 3051 1325 3131 impulerat
1372 3051 1568 3110 ferro
1615 3048 1985 3129 Argolicas
2033 3050 2323 3112 foedare
2370 3050 2714 3135 latebras3
3300 3064 3358 3104 2⁰

939 3157 1300 3236 Troiaque
1348 3175 1533 3218 nunc
1580 3164 1837 3239 staret,
1884 3156 2294 3236 Priamique
2342 3176 2463 3219 arx
2509 3158 2649 3219 alta
2697 3170 3032 3223 maneret.

677 3283 795 3326 non
833 3266 994 3324 enim
1031 3262 1302 3324 similiter
1339 3270 1406 3323 ut
1445 3264 1504 3323 in
1542 3260 1922 3323 distinctione
1962 3261 2261 3323 silentium
2299 3264 2715 3345 interpositum
2755 3277 2951 3328 tacere
2989 3270 3275 3348 permisit.

677 3372 867 3432 media
933 3370 1020 3430 vel
1086 3387 1252 3430 mora
1315 3378 1407 3430 est
1470 3368 1772 3430 silentium
1837 3369 2130 3449 legitimae
2191 3369 2586 3461 distinctionis
2640 3375 3275 3455 subdistinctionisque

678 3477 935 3538 medium
1000 3475 1274 3536 obtinens
1337 3474 1564 3556 locum,
1637 3493 1786 3555 quae
1852 3474 1965 3535 hoc
2030 3474 2219 3536 solum
2285 3486 2480 3539 servat
2543 3479 2831 3563 officium,
2895 3489 2964 3542 ut
3025 3482 3277 3562 legentis

676 3586 949 3665 spiritum
997 3583 1290 3643 levissima
1338 3584 1726 3662 respiratione
1772 3582 2035 3642 refoveat
2094 3590 2154 3643 et
2202 3585 2438 3645 nutriat.
2502 3587 2587 3645 sic
2634 3588 2791 3646 enim
2839 3589 3276 3667 pronuntiando
3306 3598 3360 3637 ²⁵

676 3692 930 3752 reticere
989 3692 1122 3768 quis
1179 3688 1384 3770 debet,
1442 3689 1633 3769 quoad
1690 3690 1903 3769 spirat,
1959 3691 2107 3764 quia
2151 3692 2404 3766 spiritus
2465 3693 2594 3771 ipse
2658 3710 2691 3753 a
2757 3693 3086 3757 desectione
3152 3698 3275 3758 vin-

856 3861 1038 3918 Codex
1074 3861 1467 3931 Sangallensss.
1546 3868 1570 3915 1
1611 3859 1825 3931 favore]
1862 3860 2065 3915 sabone
2208 3861 2364 3915 curia.
2506 3868 2537 3916 2
2577 3862 2761 3919 scolae
2913 3866 3085 3938 ridet]
3124 3867 3280 3924 rudit

747 3949 782 3997 4
818 3941 1021 3997 larbali
1164 3947 1197 3997 6
1225 3942 1318 3996 vel
1342 3939 1708 4011 imita-tivum]
1739 3942 1840 3994 aut
1862 3940 2158 3995 imatiuum
2304 3947 2333 3995 7
2374 3942 2776 3999 drammaticon
2812 3947 2904 4002 uel
2942 3948 3209 4004 micticon

677 4024 971 4094 loquentes
1006 4021 1065 4077 in
1102 4021 1530 4077 introducuntur
1565 4019 1650 4075 uti
1685 4018 1899 4075 habent
2041 4026 2074 4075 8
2104 4020 2328 4078 fabulae
2356 4024 2455 4078 uto
2484 4023 2553 4079 de
2589 4026 2773 4094 prima.
2914 4034 2947 4082 9
2969 4029 3093 4100 aut]
3115 4031 3205 4083 uel

684 4110 747 4159 12
769 4115 963 4174 μιστον
1075 4109 1140 4156 13
1162 4103 1245 4158 est
1263 4118 1363 4157 om.
1469 4106 1536 4155 14
1555 4099 1808 4171 Homeri]
1829 4100 1997 4155 homo
2088 4106 2153 4155 16
2166 4100 2388 4156 silentio
2478 4104 2781 4161 terminate.
2869 4113 2933 4163 16
2951 4107 3279 4178 impositum

755 4191 818 4239 17
873 4184 1005 4239 huic
1060 4185 1247 4237 antem
1303 4183 1387 4238 est
1439 4181 1709 4250 punctum
1755 4179 2080 4234 subuersum
2116 4180 2441 4249 impositum
2596 4189 2661 4239 19
2698 4185 2820 4240 fata.
2855 4186 2951 4242 din
2989 4187 3036 4242 si
3074 4190 3132 4243 Ξ
3166 4206 3281 4245 non

678 4265 807 4320 lena
986 4268 1053 4318 23
1104 4263 1292 4319 media
1353 4264 1544 4316 autem
1608 4276 1761 4314 more
1825 4260 2108 4316 silentium
2161 4262 2416 4334 legitime
2479 4263 2969 4337 distinctionisque
3030 4269 3279 4325 medium

682 4344 940 4415 optinens
1085 4349 1153 4399 26
1190 4342 1376 4412 quoad
1414 4341 1659 4412 spiratur
1692 4339 1813 4410 ipse
1851 4357 1887 4395 a
1923 4340 2234 4397 defectione
2270 4342 2531 4400 uincetur
2566 4345 2714 4402 uires
2751 4351 2998 4403 resumat

856 4511 889 4559 5
926 4505 985 4560 in
993 4505 1196 4560 libatus
1248 4520 1509 4559 numerus
1564 4502 1793 4572 antique
1846 4502 2147 4557 uetustatis
2200 4502 2378 4558 instar
2416 4505 2493 4559 M
2633 4514 2665 4562 6
2702 4508 2996 4563 Poematos
3046 4510 3280 4582 genera]

680 4585 863 4641 Diom.
908 4602 964 4654 p.
1015 4587 1222 4653 482,14
1401 4586 1502 4638 aut
1546 4582 1795 4639 actiuum
1842 4583 1928 4636 est
1971 4582 2121 4651 quod
2166 4584 2320 4655 greci
2365 4586 2751 4656 pragmaticon
2798 4588 2897 4642 aut
2940 4586 3282 4644 imitatiuum

684 4665 836 4734 quod
873 4665 1137 4721 micticon
1172 4662 1463 4735 appellant
1499 4664 1575 4719 M
1714 4669 1747 4718 8
1785 4662 2030 4717 comicae
2066 4663 2320 4734 fabulae,
2358 4681 2468 4734 quo
2505 4683 2707 4736 genere
2736 4666 2944 4737 scripta
2980 4670 3067 4723 est
3099 4670 3285 4739 prima

684 4743 1290 4801 bucolicon'Diomedee
1434 4750 1500 4799 15
1536 4742 1856 4814 Distinctio]
1878 4743 2061 4801 Diom.
2073 4763 2131 4815 p.
2152 4749 2358 4813 437‚20
2504 4752 2569 4801 19
2590 4748 2650 4801 et
2666 4744 2740 4817 si]
2773 4745 2926 4816 Vera.
2946 4747 3085 4802 Aen„
3108 4748 3193 4802 ΙΙ
3210 4753 3283 4805 54

824 4830 894 4878 25
932 4824 1012 4882 sic
1050 4824 1199 4880 enim
1235 4825 1647 4894 pronuntiando
1682 4824 1915 4880 reticere
1959 4826 2083 4895 quis
2137 4826 2330 4893 debet,
2387 4824 2521 4893 quia
2577 4826 2803 4896 spiritus
2858 4826 2981 4896 ipse
3035 4828 3283 4895 quadam

683 4902 992 4960 defectione
1028 4904 1310 4973 vincatur,
1349 4904 1548 4961 deinde
1585 4906 1901 4960 resumatur
1934 4904 2222 4961 Diomdee
