3613 5528
564 421 597 484 1
611 421 692 486 16
1535 420 1544 428 ’
1695 421 2042 479 AGROECII

559 531 604 569 p.
632 522 751 561 2267.
778 522 831 562 es
858 521 908 561 P.

738 595 1054 671 Fuerimus
1101 606 1478 667 coniunctivo
1525 606 1699 666 modo
1746 613 2015 686 tempore
2052 608 2376 686 praeterito
2421 606 2707 687 perfecto,
2751 608 2772 666 i
2810 605 3007 668 brevis
3045 617 3164 687 est3

561 721 622 773 et
665 713 956 773 fuerimus
1003 711 1210 773 eodem
1267 710 1442 772 modo
1488 719 1756 792 tempore
1804 710 2036 795 futuro,
2091 715 2113 774 i
2158 711 2329 792 longa
2378 720 2471 774 est
2513 732 2550 770 *
2596 716 2654 774 in
2703 712 2884 774 verbo
2930 714 3163 793 passIvo

557 818 856 881 indicativi
901 818 1061 880 modi
1106 820 1391 899 temporis
1437 819 1625 880 futuri
1671 819 1834 880 dicar
1880 818 2115 880 diceris,

730 906 1015 988 Miramur
1061 944 1268 1008 opera,
1315 926 1676 987 admiramur
1720 928 1991 987 virtutes,

730 1032 977 1095 Labium
1034 1035 1312 1114 superius
1367 1032 1611 1116 dicitur,
1664 1032 1897 1093 labrum
1956 1033 2223 1093 inferius.
2317 1040 2579 1094 rostrum
2634 1051 2755 1095 uon
2823 1036 2940 1095 nisi
2999 1034 3158 1115 quod
3186 1048 3214 1089 ὁ

552 1141 866 1203 incurvum
913 1151 1020 1203 est.

729 1247 1045 1310 Exercitus
1091 1246 1420 1329 laboribus,
1465 1250 1826 1310 exercitatus
1873 1247 2101 1311 studiis

729 1355 989 1416 Minores
1035 1374 1166 1417 esse
1205 1356 1311 1417 ies
1358 1354 1582 1436 aliquas
1628 1363 1731 1417 aut
1774 1355 2046 1417 homines
2094 1354 2363 1416 dicimus.
2438 1373 2575 1416 nam
2612 1356 2859 1416 minoris
2897 1364 3161 1436 emptum

557 1470 661 1524 aut
705 1464 1078 1523 aestimatum
1136 1464 1437 1543 quippiam
1493 1469 1659 1524 recte
1714 1461 2060 1544 scribimuS,
2116 1465 2272 1523 sicut
2327 1470 2387 1524 et
2443 1462 2665 1543 pluris,
2723 1462 2883 1542 quod
2940 1465 3160 1524 maiore

556 1588 784 1631 summa
824 1577 1074 1631 taxatur.
1147 1569 1352 1649 plures
1389 1588 1529 1630 vero
1567 1570 1640 1631 de
1682 1569 2057 1632 multitudine
2096 1568 2431 1633 scribimus.
2485 1569 2690 1650 plures
2728 1572 3161 1649 comparativus
3191 1586 3244 1626 ιο

548 1676 768 1756 gradus
815 1686 932 1739 cst:
988 1676 1197 1738 Cicero
1254 1672 1473 1738 ‘unus
1526 1675 1774 1757 plures
1829 1675 2268 1757 praedonum
2326 1676 2551 1738 duces
2607 1679 2802 1757 cepit
2855 1675 3160 1738 Publius

551 1783 908 1845 Servilius
965 1802 1166 1864 quam
1223 1778 1502 1845 ceteri'.
1577 1785 1895 1863 positivum
1953 1783 2134 1845 habet
2189 1779 2451 1866 ‘multi',
2506 1783 2933 1864 superlativum
2998 1779 3159 1864 ‘plu-

550 1884 734 1951 rimi'.
811 1893 970 1971 cepit
1015 1892 1087 1952 de
1135 1890 1450 1973 capiendo,
1496 1893 1694 1971 coepit
1739 1890 1812 1951 de
1859 1890 2196 1970 incipiendo
2245 1890 2579 1952 scribimus

726 1997 986 2078 Vterque
1034 1998 1107 2059 de
1154 1996 1390 2059 duobus
1435 1996 1707 2077 dicimus,
1753 1998 1994 2076 utrique
2041 1996 2114 2058 de
2150 1996 2308 2058 binis
2346 2005 2449 2059 aut
2483 1996 2756 2077 pluribus
2794 2017 2865 2059 ex
2903 2007 3154 2078 utraque

546 2114 715 2186 parte
778 2106 1020 2186 positis,
1092 2112 1346 2185 uterque
1410 2105 1603 2185 veuit,
1685 2105 1926 2183 utrique
1999 2105 2272 2164 veniunt:
2342 2103 2550 2165 Cicero
2616 2098 2859 2165 ‘iubeo
2932 2106 3159 2185 promi
3189 2120 3240 2160 ιε,

545 2219 931 2294 utrosque,
991 2210 1201 2272 binos
1260 2204 1664 2290 habebam',
1734 2212 1872 2289 quia
1932 2208 2212 2290 Delphica
2275 2230 2410 2271 vasa
2469 2213 2632 2292 paria
2697 2229 2935 2292 semper
3001 2219 3158 2293 sunt,

548 2319 707 2380 unde
755 2322 882 2399 ipse
930 2319 1137 2380 Cicero
1185 2313 1505 2378 ‘dicebat
1551 2315 1978 2396 scyphorum
2024 2318 2228 2395 paria
2275 2312 2671 2397 conplura'.

725 2426 1050 2497 Quaeritur
1095 2424 1168 2486 de
1215 2423 1590 2504 inquirendo,
1637 2424 1914 2502 queritur
1960 2422 2033 2483 de
2078 2422 2447 2503 implorando
2494 2423 2829 2486 scribimus,
2904 2426 2991 2485 sic
3036 2432 3097 2484 et
3145 2416 3154 2506 Ι

544 2542 828 2613 quaestus
873 2534 1053 2615 lucri,
1100 2540 1347 2612 questus
1393 2531 1788 2591 lacrimarum.

718 2638 1005 2701 Poculum
1065 2658 1167 2700 vas
1227 2646 1344 2719 est,
1404 2639 1566 2717 potio
1626 2635 1786 2716 quod
1847 2634 2157 2697 hauritur:
2226 2635 2436 2698 Cicero
2497 2632 2826 2719 ‘accepto
2895 2638 3238 2718 poculoso

545 2745 793 2809 subito
832 2749 902 2808 in
940 2746 1170 2808 media
1206 2747 1504 2827 potione
1545 2736 2025 2806 exclamavit'.
2105 2737 2505 2807 ‘dimidiatum
2544 2745 2787 2808 calicem
2824 2740 2999 2828 bibi'‚
3037 2764 3154 2807 nou

545 2855 852 2916 dimidium
883 2855 1081 2916 dicere
1112 2853 1415 2915 debemus
1490 2865 1610 2912 non
1642 2852 1798 2911 enim
1831 2850 2027 2928 ipsum
2056 2867 2156 2910 vas
2184 2849 2367 2934 bibis,
2407 2853 2510 2915 sed
2542 2853 2700 2933 quod
2735 2856 2889 2915 intra
2917 2872 3017 2914 vas
3046 2860 3153 2914 est.

721 2961 874 3023 Olim
922 2970 984 3025 et
1030 2961 1325 3042 quondam
1370 2966 1433 3020 et
1477 2956 1792 3038 aliquando
1855 2959 1968 3017 tria
2016 2965 2284 3037 tempora
2331 2968 2556 3023 tenent.
2640 2963 2948 3042 praeteriti
3005 2968 3152 3021 tem-

541 3076 799 3084 --——-—

719 3123 746 3170 1
795 3118 817 3171 i
861 3115 1047 3173 brevis
1092 3117 1203 3187 est]
1252 3132 1283 3170 e
1327 3112 1513 3170 breuis
1558 3113 1645 3167 esi:
1681 3112 1758 3165 M
1800 3127 1832 3165 e
1876 3111 2049 3165 breue
2096 3115 2184 3167 esf,
2221 3112 2270 3167 0
2314 3117 2373 3170 et
2418 3115 2606 3172 breuis
2643 3118 2732 3172 est:
2764 3117 2868 3185 Bp
3013 3120 3046 3168 2
3097 3116 3155 3169 et

542 3202 670 3252 ante
705 3196 975 3253 fuerimus
1002 3213 1103 3252 om.
1131 3196 1186 3250 Β
1189 3213 1233 3265 p
1377 3197 1630 3265 tempore
1666 3193 1854 3249 futuro
1885 3193 1943 3247 et
1976 3191 2152 3263 longa
2183 3195 2272 3249 esi:
2306 3194 2367 3250 in
2392 3196 2565 3252 uerbo
2599 3197 2823 3268 passiuo
2859 3194 3155 3252 indicatiui

538 3276 695 3332 modi
732 3278 921 3348 (modo
958 3294 1096 3333 corr.
1134 3276 1223 3331 -di
1261 3274 1328 3343 C)
1365 3273 1634 3345 temporis
1669 3274 1846 3330 futuri
1881 3273 2037 3328 dicar
2074 3270 2276 3328 diceris
2318 3275 2471 3347 MC,
2515 3279 2609 3334 sed
2645 3281 2705 3336 et
2739 3311 2807 3319 —
2845 3277 3046 3333 diceris
3090 3276 3155 3330 in

539 3374 741 3413 rasura
767 3363 1014 3427 sequente
1032 3362 1148 3412 octo
1175 3358 1287 3423 fere
1313 3356 1622 3412 litterarum
1647 3355 1828 3425 spatio
1850 3353 1943 3420 M,
1964 3353 2219 3421 tempore
2242 3353 2432 3412 futuro
2460 3360 2521 3413 ei:
2546 3358 2719 3431 longa
2746 3362 2832 3415 est
2858 3375 2986 3414 cum
3004 3355 3150 3411 dice-

544 3438 622 3491 ris
661 3436 896 3506 (diceres
924 3439 991 3507 p)
1034 3437 1208 3492 uerbo
1246 3436 1430 3492 actiuo
1478 3434 1837 3492 coniunctiuo
1890 3432 2056 3487 modo
2103 3431 2306 3489 diceris
2353 3438 2525 3495 uerbo
2571 3440 2796 3509 passiuo
2846 3435 3153 3493 indicatiuo

536 3517 703 3572 modo
749 3518 805 3571 Β
812 3534 867 3588 p.
926 3517 1187 3571 lacunam
1230 3515 1502 3582 indicavi,
1546 3516 1612 3569 in
1655 3531 1767 3585 qua
1812 3513 2080 3584 quaedam
2130 3515 2392 3570 excidisse
2439 3517 2698 3575 videntur
2742 3521 2808 3576 de
2842 3518 3154 3588 differentia

535 3598 792 3667 temporis
828 3596 1137 3666 praesenti-3
1182 3599 1232 3649 et
1274 3595 1461 3662 futwri
1504 3597 1569 3651 in
1617 3596 1795 3651 activo
1840 3593 2030 3660 verbe,
2075 3592 2202 3648 dico
2253 3593 2395 3652 dicis
2441 3605 2492 3655 et
2536 3600 2722 3656 dicam
2766 3601 2940 3669 dices,
2995 3604 3047 3653 ct
3090 3598 3154 3652 in

529 3679 754 3747 passivo
790 3677 975 3747 verbo,
1014 3674 1170 3730 dicor
1204 3674 1407 3731 diceris
1443 3682 1495 3732 ct
1529 3676 1687 3732 dicar
1723 3672 1922 3729 diceris
2086 3680 2121 3728 4
2156 3673 2522 3752 admiramur]
2559 3681 2922 3736 ammiramur
2953 3678 3011 3733 Β

537 3782 569 3830 5
605 3775 859 3831 imferius
898 3776 975 3830 M
1097 3782 1130 3830 6
1166 3753 1455 3831 inc¹<¹>ruum
1493 3775 1551 3829 Β
1704 3779 1735 3828 7
1783 3771 2060 3827 exercitus
2106 3770 2315 3828 laboris
2362 3776 2521 3844 (corr.
2564 3776 2736 3848 -ibus)
2773 3778 2834 3833 et
2875 3777 3151 3832 exercitus

538 3856 737 3911 studiis
768 3856 814 3910 G
916 3861 950 3910 8
987 3871 1075 3911 res
1108 3854 1251 3911 alias
1289 3857 1390 3911 aut
1425 3857 1512 3926 (ui.
1532 3855 1603 3925 G)
1640 3852 1896 3909 homines
1932 3849 2050 3905 ΒΟ
2152 3858 2185 3906 9
2215 3853 2597 3929 aestimatum]
2627 3858 3008 3914 aestimatum
3025 3858 3083 3912 Β

540 3943 608 3992 10
645 3940 870 3992 texatur
908 3935 978 4004 G,
1013 3952 1151 3992 corr.
1190 3937 1263 3991 al.
1301 3954 1370 3991 m.
1407 3936 1635 4004 taxatur
1669 3934 1726 3989 Β
1870 3932 2290 4003 comparatiuus
2327 3936 2533 4006 gradus
2568 3941 2786 4006 (grecus
2811 3954 2950 3993 corr.
2979 3939 3051 3993 al.
3079 3955 3150 3993 m.

537 4018 744 4088 gradus
778 4018 857 4089 Β)
895 4019 983 4074 est
1017 4016 1197 4073 cicero
1233 4016 1289 4070 Β
1302 4015 1351 4070 Ο
1381 4012 1751 4087 comparatiui
1787 4012 1992 4083 gradus
2030 4015 2116 4068 est
2153 4013 2234 4068 sic
2271 4013 2453 4072 cicero
2483 4017 2560 4072 Μ
2564 4038 2583 4071 .-
2621 4017 2732 4075 Cic.
2759 4020 2824 4074 in
2862 4018 3015 4074 Verr-
3045 4024 3150 4075 act.

534 4115 636 4155 sec.
684 4099 737 4153 V
766 4105 866 4166 26,
902 4104 977 4155 66
1177 4104 1240 4153 11
1282 4098 1470 4168 coepit
1513 4095 1741 4168 publius
1779 4091 2038 4148 seruilius
2076 4093 2153 4146 M
2186 4093 2339 4164 cepit
2372 4096 2628 4152 seruilius
2663 4099 2719 4153 Β
2757 4096 2945 4169 coepit
2979 4099 3150 4154 serui-

535 4180 645 4235 lius
685 4178 734 4234 0
856 4186 922 4234 12
961 4179 1173 4236 habent
1206 4179 1262 4232 Β
1391 4185 1457 4234 13
1495 4175 1815 4247 scribimus]
1853 4173 2093 4230 dicimus
2132 4174 2180 4228 0
2302 4181 2369 4231 14
2405 4176 2666 4249 dicimus]
2706 4177 2998 4234 scribimus
3038 4177 3088 4233 0

540 4265 603 4314 15
641 4259 901 4332 veniunt]
948 4261 1222 4316 uenerunt
1266 4258 1360 4314 uel
1404 4258 1638 4314 ueniunt
1672 4256 1789 4311 BC
1976 4255 2165 4327 iubeo]
2216 4255 2326 4311 Cic.
2372 4258 2438 4311 in
2483 4257 2635 4315 Verr.
2682 4262 2787 4312 act.
2834 4274 2933 4313 sec.
2986 4259 3156 4313 IIII

536 4345 624 4409 14,
661 4345 737 4397 32
913 4345 979 4394 16
1016 4337 1179 4394 binos
1214 4337 1494 4394 habebam
1532 4336 1665 4406 quia
1699 4337 1772 4392 ad
1810 4336 2064 4393 delficam
2102 4352 2244 4390 uasa
2275 4336 2435 4407 paria
2468 4337 2586 4392 ΒΟ
2618 4337 2777 4394 binos
2811 4341 2877 4393 ut
2911 4339 3151 4395 habeam

536 4437 645 4493 que
682 4420 756 4475 ad
792 4419 991 4474 delfica
1025 4437 1167 4475 uasa
1203 4417 1489 4488 comparia
1526 4417 1603 4472 M
1743 4422 1811 4472 17
1849 4415 2097 4488 dicebat]
2139 4416 2249 4471 G'ic.
2287 4418 2352 4472 in
2390 4417 2542 4475 Verr.
2572 4423 2677 4474 act.
2703 4434 2804 4474 sec.
2842 4419 2930 4472 II
2960 4423 3052 4490 19,
3078 4422 3152 4473 47

678 4500 948 4571 conplura
984 4500 1061 4553 M
1095 4499 1327 4568 coplura
1361 4497 1456 4553 uel
1491 4495 1746 4568 copluria
1782 4495 1831 4550 Ο
1862 4496 2133 4567 conplura
2166 4497 2263 4552 uel
2299 4497 2648 4567 conpluralia
2682 4497 2739 4552 Β
2869 4504 2936 4553 18
2973 4497 3054 4552 sic
3089 4499 3148 4553 et

538 4581 802 4650 quaestus
839 4581 1091 4649 (questus
1118 4579 1195 4648 Β)
1233 4578 1376 4632 lueri
1411 4579 1471 4632 et
1506 4580 1735 4648 questus
1770 4577 2128 4632 lacrimarum
2165 4577 2280 4631 BC
2385 4584 2453 4633 20
2482 4579 2633 4649 quod
2659 4577 2778 4634 BG
2798 4595 2943 4649 quae
2973 4577 3050 4632 M

537 4659 794 4731 accepto]
836 4659 944 4715 OEc.
966 4677 1028 4730 p.
1060 4659 1270 4715 Cluent.
1299 4666 1391 4727 10,
1418 4664 1492 4714 30
1600 4663 1668 4713 22
1708 4657 1805 4712 sed
1843 4674 1944 4713 om.
1977 4657 2024 4711 G
2127 4663 2196 4713 23
2236 4660 2295 4712 et
2329 4664 2457 4714 ante
2491 4658 2776 4730 quondam
2803 4675 2903 4715 om.
2932 4658 3049 4712 ΒΟ

536 4739 829 4808 praeteriti
871 4741 1179 4810 praesentis
1224 4739 1494 4810 temporis
1538 4741 1597 4795 et
1638 4738 1816 4794 futuri
1860 4738 2096 4795 adfatim
2141 4737 2505 4794 inueniuntur
2542 4739 2800 4810 exempla
2835 4738 3147 4811 praesentis

537 4817 733 4872 demus
767 4818 823 4871 Β
860 4819 1152 4888 praeteriti
1186 4818 1498 4889 praesentis
1535 4820 1596 4873 ei:
1628 4818 1804 4875 futuri
1831 4818 2070 4874 adfatim
2097 4818 2461 4875 inueniuntur
2487 4821 2558 4876 de
2587 4819 2677 4875 his
2704 4819 2963 4891 exempla
2989 4836 3149 4892 prae-

537 4896 710 4953 sentis
745 4898 1015 4967 temporis
1050 4899 1369 4969 exemplum
1406 4898 1600 4953 demus
1639 4899 1688 4953 G
