3613 5528
596 410 728 475 306
1771 413 2025 470 ALBINI

592 524 638 560 p.
666 513 785 555 2840.
814 514 865 552 ιι
894 513 945 554 P.
1044 507 1051 514 “

594 596 882 658 obversus
928 595 1153 658 obvius
1243 597 1385 659 Olea
1429 599 1556 677 ipsa
1603 597 1781 658 arbor
1828 607 1944 680 est,
1998 599 2229 662 fructus
2276 598 2451 681 oliva,
2498 618 2679 663 sucus
2724 601 2939 662 oleum.
3020 601 3205 681 Onus,

594 695 645 754 si
690 694 763 755 de
803 713 985 756 onere
1023 695 1210 777 venit,
1255 713 1364 775 per
1401 714 1436 754 o
1475 695 1686 777 solam3
1732 697 1782 756 si
1830 696 1903 758 de
1941 697 2166 759 honore
2208 699 2395 779 venit,
2440 717 2548 778 per
2585 698 2642 758 h.
2717 698 2984 761 oblatrat
3020 717 3130 779 per
3164 699 3204 760 b

593 792 975 854 scribendum
1023 803 1132 855 est.
1225 793 1489 856 Occasus
1540 812 1649 873 per
1695 793 1813 855 duo
1862 813 1894 855 c
1942 803 2003 856 et
2046 814 2156 876 per
2205 814 2389 857 unum
2436 815 2465 856 s
2513 795 2693 858 scribi
2740 795 2933 858 debet.
3028 796 3204 877 Optat

590 909 699 970 per
744 911 782 972 p
830 891 1212 953 scribendum
1257 902 1378 975 est,
1432 892 1630 955 obstat
1673 913 1782 974 ρει·
1830 893 1885 955 b.
1978 892 2255 974 Obstipui
2307 892 2598 974 obstupeo
2645 894 2855 956 obsum
2902 894 3204 977 obstrepo,

589 987 628 1048 b
675 988 745 1050 ad
794 992 1056 1070 priorem
1103 989 1407 1070 syllabam,
1454 1010 1483 1052 s
1530 992 1600 1053 ad
1650 991 1970 1053 secundam
2018 995 2295 1073 pertinet.
2372 990 2586 1054 Obitus
2633 1010 2848 1054 nomen
2897 1003 2957 1055 et
3003 992 3201 1054 subito
3256 1005 3281 1044 5

589 1095 766 1167 atque
814 1088 1008 1149 obiter
1061 1087 1334 1150 adverbia
1393 1088 1465 1149 ab
1522 1089 1598 1152 ob
1646 1099 1706 1151 et
1751 1089 1865 1151 sub
1921 1080 2462 1171 praepositionibus
2517 1091 2824 1171 incipiunt.
2902 1089 3206 1152 Obsolevit

589 1203 617 1245 s
665 1185 904 1264 quidem
960 1185 1163 1268 habet,
1220 1185 1323 1247 sed
1381 1206 1499 1249 nou
1555 1190 1746 1268 ipsius
1790 1188 1984 1270 verbi,
2040 1188 2142 1250 sed
2199 1189 2686 1270 praepositionis,
2741 1207 2890 1268 quae
2940 1197 3032 1251 est
3077 1187 3203 1269 obs,

588 1286 746 1346 sicut
801 1283 874 1344 ah
930 1293 990 1345 et
1055 1283 1198 1346 abs:
1262 1284 1577 1368 obsolevit,
1639 1286 1701 1347 id
1765 1296 1860 1348 est
1912 1288 2279 1348 inveteravit.
2379 1286 2719 1349 Obaudlens
2776 1286 2849 1348 ab
2904 1304 3076 1368 aure,
3132 1304 3202 1346 eo

588 1382 747 1460 quod
806 1380 1005 1443 audiat
1059 1383 1477 1465 imperantem,
1517 1377 1527 1466 Ι
1575 1385 1709 1446 ideo
1764 1403 1875 1465 per
1918 1402 1992 1446 au
2041 1384 2423 1447 scribendum
2468 1396 2578 1448 est.
2671 1384 2939 1447 Obnixus
2993 1385 3052 1445 id
3109 1394 3204 1472 est

589 1478 977 1541 conabundus
1024 1498 1133 1559 per
1178 1483 1226 1560 i,
1273 1480 1540 1542 obnexus
1587 1480 1644 1542 id
1694 1491 1785 1543 est
1831 1481 2124 1562 obligatus
2170 1501 2279 1563 per
2324 1503 2375 1545 e.
3232 1495 3283 1534 1⁰

764 1576 972 1638 Potius
1018 1596 1127 1657 per
1163 1596 1199 1638 o
1244 1578 1626 1641 scribendum
1664 1589 1785 1661 est,
1831 1598 1950 1640 non
1999 1599 2109 1660 per
2145 1600 2213 1663 u,
2259 1585 2397 1662 quia
2435 1601 2467 1643 a
2503 1583 2664 1663 potis
2702 1583 2877 1643 venit.
2953 1579 3201 1640 Praesto

585 1692 694 1753 per
741 1693 777 1735 o
824 1675 1233 1758 scribendum,
1287 1695 1405 1738 non
1460 1696 1569 1757 per
1615 1697 1683 1759 u,
1728 1676 1886 1739 unde
1943 1679 2290 1758 praestolari
2336 1681 2608 1762 dicimus,
2654 1699 2770 1741 non
2830 1677 3200 1760 praestulari.

587 1770 899 1835 Prehendo
938 1782 999 1836 et
1048 1775 1306 1858 prendo,
1351 1784 1674 1854 utrumque
1723 1775 1842 1836 dici
1888 1784 2102 1855 potest.
2168 1777 2423 1840 Pavidus
2471 1788 2532 1840 et
2577 1778 2783 1841 avidus
2828 1796 2937 1858 per
2973 1796 3007 1837 v
3055 1777 3197 1837 scri-

588 1869 779 1931 benda
826 1882 983 1934 suut.
1056 1873 1386 1935 Parasceue
1433 1892 1542 1954 per
1588 1892 1625 1934 u
1674 1872 1856 1934 scribi
1903 1872 2095 1935 debet.
2183 1874 2406 1938 Pascha
2453 1877 2514 1938 et
2558 1876 2809 1956 paschae
2856 1892 3042 1936 unum
3091 1881 3198 1933 est.

585 1967 928 2030 Patriarcha
974 1970 1013 2030 h
1068 1970 1248 2032 dehet
1304 1970 1553 2051 habere,
1599 1970 1796 2031 id·est
1841 1972 2120 2052 princeps
2166 1981 2419 2052 patrum.
2511 1973 2773 2053 Papaver
2818 1990 2927 2053 per
2971 1990 3006 2030 v
3052 1972 3197 2031 scri·
3230 1984 3280 2023 15

586 2066 864 2129 bendum.
954 2068 1308 2151 plagiarius,
1354 2068 1411 2130 id
1461 2078 1553 2130 est
1599 2068 1898 2150 seductor,
1955 2069 2082 2149 lege
2142 2072 2203 2131 iu
2250 2070 2532 2151 apostolo.
2619 2072 2948 2134 Pandectes
3004 2070 3199 2129 omnia

589 2167 878 2228 serentes:
926 2166 1058 2227 ideo
1101 2176 1267 2228 vetus
1305 2177 1368 2229 et
1412 2185 1630 2229 novum
1678 2175 2098 2228 testamentum
2146 2170 2197 2229 si
2242 2169 2482 2231 insimul
2529 2169 2830 2250 scribitur,
2875 2167 3198 2249 pandectes

586 2265 824 2326 dicitur.
912 2265 1241 2350 Parumper
1286 2264 1344 2327 id
1394 2274 1486 2327 est
1531 2284 1852 2346 perparum
1897 2267 2340 2346 praeposterata
2385 2271 2822 2348 praepositione
2870 2284 2998 2348 per,
3044 2267 3199 2325 sicut

584 2362 921 2443 pubetenus
964 2362 1153 2425 ablata
1192 2382 1222 2426 s
1258 2383 1366 2445 per
1403 2382 1741 2444 apocopam.
1814 2362 2092 2425 Phoebus
2129 2363 2245 2446 sol,
2282 2364 2520 2428 Phoebe
2559 2366 2697 2427 luua
2734 2382 2843 2446 per
2879 2364 2935 2424 h.
3008 2362 3201 2424 Pudet

586 2479 679 2520 me
719 2462 955 2536 amoris,
990 2465 1252 2542 paenitet
1290 2479 1382 2522 me
1421 2464 1716 2537 muneris,
1753 2463 1917 2541 piget
1953 2479 2046 2521 me
2086 2462 2488 2544 perfectionis,
2524 2465 2754 2543 patiens
2794 2480 2926 2522 sum
2963 2459 3199 2534 laboris,
3227 2473 3280 2513 20

585 2556 797 2637 plenus
845 2578 977 2620 sum
1026 2557 1319 2621 bonorum
1369 2565 1429 2619 et
1472 2557 1673 2639 boniS,
1720 2575 1936 2637 praeeo
1984 2557 2084 2619 illi.
2166 2559 2370 2621 Potior
2416 2561 2650 2621 fructus
2695 2569 2758 2621 et
2804 2561 3004 2620 fructu
3052 2556 3197 2618 dici-

586 2662 711 2736 tur,
777 2656 932 2735 apud
989 2660 1264 2736 antiquos
1319 2657 1516 2736 potior
1570 2654 1721 2716 hanc
1778 2673 1925 2715 rem.
2014 2658 2212 2736 potior
2265 2659 2611 2738 potissimus
2671 2659 2827 2720 facit.
2918 2656 3198 2717 Potamus

589 2771 726 2814 eum
764 2756 863 2817 cui
909 2762 1116 2835 potum
1154 2756 1532 2836 porrigimus,
1606 2751 1802 2814 Probo
1841 2752 2087 2815 verbum
2127 2754 2424 2836 duplicem
2464 2756 2950 2836 significationem
2988 2752 3197 2816 habet:

584 2852 905 2934 probamus
943 2856 1102 2915 enim
1149 2873 1300 2934 quae
1347 2852 1646 2931 eligimuS,
1692 2850 1751 2911 id
1799 2860 1892 2912 est
1937 2852 2360 2935 adprobamu83
2414 2854 2736 2935 probamus
2791 2873 2941 2934 quae
3005 2852 3197 2933 qualia

584 2961 726 3015 sunt
762 2961 1147 3033 temptamuS,
1184 2960 1252 3014 ut
1288 2946 1543 3032 ‘proba
1582 2967 1714 3030 me,
1752 2945 1982 3011 deus'.
2048 2952 2230 3015 Pecto
2260 2961 2463 3034 caput,
2500 2971 2619 3014 non
2657 2955 2923 3034 pectin03
2959 2969 3196 3034 pexum,
3224 2964 3279 3004 2⁵

586 3068 703 3110 non
751 3054 1134 3131 pectinatum.
1164 3050 1467 3141 ‘Patrium
1514 3047 1663 3110 dicis
1701 3066 1734 3109 a
1780 3051 1999 3130 patria,
2042 3060 2355 3130 paternum
2394 3070 2427 3112 a
2473 3060 2657 3131 patre.
2732 3050 2951 3111 Pinnas
2998 3067 3195 3111 muro·

583 3165 745 3227 rum,
789 3164 1015 3228 pennas
1051 3150 1262 3208 avium.
1337 3146 1673 3207 Praemium
1711 3165 1850 3207 cum
1887 3147 2279 3230 diphthongo,
2326 3151 2584 3229 pretium
2622 3166 2731 3229 per
2769 3167 2802 3209 e
2849 3147 3194 3228 simplicem.

582 3245 824 3307 Precari
879 3256 973 3308 est
1026 3262 1265 3326 rogare,
1320 3244 1629 3325 deprecari
1676 3265 1961 3308 excusare
2008 3246 2100 3307 vel
2154 3264 2438 3327 purgare:
2499 3246 2789 3327 Vergilius
2836 3239 3014 3329 (Aen.
3061 3245 3204 3306 XII

584 3338 737 3424 931)
786 3338 1153 3422 ‘equidem
1207 3343 1438 3403 merui
1493 3360 1622 3404 nec
1677 3342 2035 3423 deprecor
2091 3340 2376 3423 inquit'.
2476 3344 2673 3406 Pluris
2727 3344 2980 3409 dicimus
3036 3341 3195 3422 quod

582 3443 805 3501 maiore
854 3458 1084 3502 summa
1143 3448 1390 3519 taxatur,
1444 3438 1649 3521 plures
1694 3459 1835 3501 vero
1882 3442 1956 3502 de
2015 3442 2412 3504 multitudine.
2503 3442 2708 3523 plures
2763 3443 3197 3521 comparativus
3224 3452 3280 3494 ao

583 3538 802 3619 gradus
859 3549 979 3620 est,
1036 3540 1210 3601 cuius
1265 3538 1555 3617 positivus
1610 3538 1795 3599 multi.
1897 3539 2150 3619 Pignera
2215 3560 2446 3623 rerum,
2509 3544 2757 3622 pignora
2823 3522 3080 3601 filiorum
3137 3545 3200 3598 et

581 3639 978 3699 affectionum.
1054 3636 1387 3698 Pertinacia
1434 3633 1618 3695 malae
1669 3638 1757 3697 rei
1803 3636 2022 3700 dicitur
2068 3646 2131 3699 et
2176 3640 2508 3700 constantia
2553 3638 2760 3701 bonae.
2833 3636 3198 3699 Percussum

582 3754 868 3816 corpore,
922 3734 1265 3816 perculsum
1313 3734 1507 3793 animo
1554 3732 1826 3799 dicimus.
1908 3733 2249 3798 Postulatur
2310 3736 2527 3815 aliquid
2590 3736 2866 3816 honeste,
2927 3735 3198 3814 poscitur

580 3832 867 3914 improbe.
932 3833 1312 3895 Pulmentum
1350 3837 1411 3891 et
1446 3830 1908 3910 pulmentarium
1946 3832 2183 3896 dicitur.
2255 3833 2446 3895 Pavus
2482 3836 2613 3914 pavi
2652 3841 2713 3895 et
2750 3851 2897 3915 pavo
2932 3832 3196 3911 pavonis.

580 3931 838 3994 Pometa·
878 3931 1132 3993 dicimus
1197 3929 1298 3993 ubi
1364 3946 1537 4007 poma
1601 3936 1954 4012 nascuntur,
2011 3934 2274 4012 pomaria
2330 3931 2433 3993 ubi
2488 3940 2858 3993 servantur.·
2909 3929 3074 3990 Pone
3133 3935 3196 3989 et
3224 3940 3279 3981 ³⁵

582 4048 767 4110 penes
804 4029 1149 4092 adverbium
1184 4037 1246 4091 et
1281 4027 1641 4109 praepositio
1686 4046 1797 4106 per
1837 4045 1896 4113 e,
1941 4046 2161 4111 poena,
2191 4028 2364 4108 'quod
2403 4037 2497 4091 est
2532 4028 2916 4109 supplicium,
2957 4044 3072 4106 per
3110 4045 3203 4089 oe.

759 4174 795 4221 4
832 4158 1077 4237 obstipui
1116 4166 1190 4220 M
1232 4161 1497 4234 obstupui
1541 4176 1679 4217 corr.
1717 4164 1963 4234 obstipui
2000 4164 2044 4219 S
2089 4165 2355 4235 obstupui
2382 4182 2426 4234 Ρ
2596 4165 2863 4236 obstrepo
2891 4178 2934 4232 Ρ
2984 4162 3206 4219 obstre-

579 4262 688 4317 peo
725 4245 770 4300 S
782 4246 858 4300 M
979 4252 1011 4300 6
1048 4244 1316 4300 aduerbia.
1344 4261 1388 4313 Ρ
1425 4241 1767 4297 aduerbium·
1790 4243 1836 4298 S
1849 4245 1923 4298 M
2045 4249 2075 4299 ’1
2114 4244 2569 4317 praepositionis]
2603 4242 3123 4315 praepositionibus
3162 4244 3208 4299 S

653 4330 686 4379 8
724 4325 893 4397 sieut]
932 4323 1010 4380 sic
1047 4324 1093 4380 S
1220 4330 1282 4379 11
1323 4339 1359 4378 a.
1393 4321 1542 4393 potis
1571 4339 1616 4391 Ρ
1653 4340 1689 4379 a
1726 4325 1887 4393 potes
1922 4322 2055 4383 SM
2180 4330 2245 4380 13
2281 4341 2384 4396 per
2415 4343 2452 4378 u
2489 4323 2789 4383 scribenda
2821 4322 2948 4380 sunt
2989 4322 3072 4376 M
3105 4340 3210 4393 per

582 4405 692 4461 duo
729 4424 766 4459 u
815 4404 1170 4461 scribendum
1206 4403 1252 4459 S
1294 4420 1397 4474 per
1433 4421 1469 4457 u
1515 4403 1835 4460 scribuntur
1869 4419 1915 4473 Ρ
2097 4409 2165 4458 14
2200 4420 2302 4475 ρει·
2338 4422 2375 4459 ιι
2410 4403 2579 4459 scribi
2615 4403 2791 4461 debet
2824 4403 2868 4459 S
2908 4417 3013 4471 per
3059 4422 3101 4458 u
3147 4404 3210 4459 in

582 4486 889 4542 nouissima
935 4485 1158 4555 syllaba.
1204 4484 1474 4553 scriptum
1521 4488 1607 4540 est
1656 4485 1732 4539 M
1772 4500 1876 4553 ρει·
1920 4501 1958 4538 u
2002 4483 2354 4540 scribendum
2395 4503 2439 4555 Ρ
2590 4483 2812 4541 Pascha
2848 4512 2912 4524 -
2969 4485 3210 4552 patrum

580 4583 679 4622 om.
710 4585 783 4638 Ρ,
821 4567 947 4622 add.
987 4565 1119 4621 SM
1274 4565 1541 4637 paschae]
1589 4567 1764 4639 phase
1802 4565 1936 4620 SM
2075 4564 2152 4622 '17
2199 4565 2503 4637 pandectes
2541 4563 2749 4619 dicitur
2783 4582 2827 4634 Ρ
2877 4562 3204 4634 pandecten

581 4646 786 4702 dicitur
822 4646 959 4703 SM
1152 4651 1218 4701 21
1269 4661 1474 4714 praeeo
1522 4647 1608 4701 illi
1651 4647 1814 4702 Beda
1850 4664 1911 4716 Ρ.
1951 4652 2088 4715 283,
2129 4652 2230 4718 13,
2277 4664 2473 4718 precor
2516 4645 2604 4701 illi
2639 4645 2685 4700 S
2728 4643 3123 4715 precox-'illum
3151 4660 3201 4712 Ρ

580 4743 783 4796 praeeo
819 4726 909 4781 illi
945 4729 1005 4782 et
1040 4727 1181 4784 alios
1220 4727 1296 4781 M
1434 4725 1672 4797 fructus]
1710 4725 1956 4781 fructum
1987 4744 2031 4796 Ρ
2175 4733 2244 4781 23
2282 4726 2435 4798 ειιιιι]
2474 4743 2602 4781 cum
2628 4741 2675 4795 Ρ
2820 4730 2890 4778 24
2934 4722 3197 4791 eligimus

574 4809 706 4875 ΡΜ
740 4807 1013 4877 elegimus
1051 4806 1097 4861 S
1203 4812 1272 4861 25
1311 4806 1470 4878 deus]
1511 4807 1577 4861 ds
1606 4806 1651 4862 S
1686 4805 1893 4861 dicitur
1922 4807 1998 4861 M
2031 4805 2266 4862 dicimus
2295 4823 2340 4875 Ρ
2455 4811 2521 4861 27
2559 4821 2688 4860 cnm
2723 4804 3038 4874 diptongon
3067 4801 3200 4857 SM

689 4892 757 4941 31·
794 4886 1001 4958 gradus
1028 4903 1128 4942 om.
1152 4887 1276 4958 ΡΒ,
1304 4888 1432 4943 add.
1465 4887 1541 4941 M
1644 4891 1712 4942 32
1747 4888 1803 4941 et
1832 4885 2148 4943 constantia
2174 4887 2324 4941 bona.
2350 4885 2396 4941 S
2421 4887 2481 4940 et
2505 4884 2883 4941 inconstantia.
2907 4885 3090 4940 bonae
3121 4883 3199 4938 M
