3613 5528
344 1594 396 1632 10

1368 429 1466 484 DE
1506 427 2082 486 ORTHOGRAPHIA
2907 431 3033 496 169

431 540 476 577 p.
506 529 623 570 asse.
651 528 700 569 9¹1
726 527 778 568 r.

428 611 733 674 benivolus
778 610 1096 687 benificus,
1156 613 1459 676 dumtaxat
1502 633 1533 675 a
1582 614 2033 677 benefaciendo:
2091 635 2224 677 nam
2273 636 2304 678 a
2351 635 2578 678 veneno
2625 634 2735 697 per
2782 636 2814 675 v
2862 616 3039 678 scribi

431 718 627 779 nullus
669 720 917 798 ignorat.
997 723 1444 783 meminerimus
1491 730 1688 783 tamen
1734 723 1973 785 beatum
2004 726 2053 783 'a
2091 726 2400 804 superiore
2446 724 2768 786 abhorrere
2816 710 3038 806 regula,

429 824 586 903 qnod
630 828 881 905 primam
919 826 1200 907 syllabam
1247 828 1405 890 nulla
1449 833 1721 909 sequitur
1759 848 2109 891 consonans,
2186 839 2246 892 et
2293 833 2568 910 quoniam
2615 831 2756 892 huic
2794 833 3040 910 opponi-

426 941 527 992 tur
579 932 816 1011 regulae
877 935 1198 995 vehemens
1253 943 1315 995 et
1368 935 1730 1011 vehiculum,
1785 954 2192 997 ammonemus
2239 937 2278 997 b
2333 937 2529 998 facere
2585 936 3042 1017 adspirationem

429 1032 525 1121 (ut
578 1040 640 1100 in
688 1040 917 1121 multiS,
972 1040 1069 1102 bic
1126 1060 1364 1122 quoque
1411 1063 1447 1104 v
1502 1043 1822 1123 praelatam
1880 1038 2205 1126 videmus),
2264 1062 2438 1123 quam
2487 1046 2628 1123 poni
2673 1062 2782 1123 pro
2831 1061 3044 1104 conso-

430 1153 603 1206 nante
656 1147 938 1226 possihile
1000 1156 1108 1208 est.
1191 1166 1261 1208 ve
1317 1141 1607 1229 producta
1668 1149 1941 1210 similiter
2001 1152 2061 1209 in
2109 1151 2299 1229 capite
2348 1151 2696 1230 constituta,
2752 1150 3042 1228 siquidem

335 1318 343 1324 ,
428 1252 734 1315 masculini
790 1253 879 1315 vel
936 1256 1134 1316 neutri
1191 1258 1428 1336 generis
1484 1265 1661 1318 erunt
1716 1258 1981 1337 nomina,
2037 1258 2099 1315 in
2155 1254 2372 1334 quibus
2431 1256 2575 1317 baec
2625 1256 2823 1333 suerit
2876 1275 3042 1336 prae·

426 1361 613 1438 posita
661 1360 912 1442 syllaba,
956 1380 1065 1463 per
1112 1380 1149 1422 v
1194 1361 1453 1423 vocalem
1499 1380 1609 1442 pro
1649 1370 2013 1423 consonante
2053 1359 2408 1443 signabitur,
2456 1371 2524 1424 ut
2568 1372 2811 1425 venator
2850 1363 3042 1424 velum

425 1472 726 1527 veratrum
773 1468 1144 1530 venabulum.
1237 1470 1289 1530 si
1334 1487 1474 1528 vero
1527 1478 1706 1529 erunt
1761 1468 2040 1529 feminina
2091 1468 2524 1550 tantummodo,
2571 1487 2826 1548 quorum
2873 1473 3041 1550 origo

426 1592 457 1632 a
496 1574 820 1636 masculino
857 1578 1059 1637 venire
1101 1595 1217 1637 non
1258 1577 1554 1657 cernitur,
1599 1592 1708 1654 per
1746 1563 1793 1634 b'
1832 1583 2055 1635 mutam
2100 1572 2466 1656 scribentur,
2512 1582 2580 1635 ut
2625 1574 2822 1636 besica
2869 1575 3045 1638 belua

428 1679 644 1763 bestia,
690 1683 769 1743 ita
816 1691 1013 1744 tamen
1053 1684 1105 1743 si
1143 1700 1262 1743 non
1299 1681 1550 1743 duarum
1599 1682 1823 1742 fuerint
1861 1679 2243 1760 syllabarum:
2283 1678 2293 1762 Ι
2336 1699 2469 1741 nam
2509 1681 2821 1744 mutabunt
2858 1685 3043 1764 scrip-

428 1795 648 1869 turam,
706 1795 774 1849 ut
827 1807 974 1849 vena
1029 1807 1207 1868 vespa
1262 1798 1322 1851 et
1375 1787 1470 1849 his
1526 1787 1753 1849 similia.
1827 1786 1921 1848 his
1978 1807 2216 1868 quoque
2273 1790 2592 1868 opponitur
2648 1788 2812 1872 beta,
2867 1808 3044 1869 quam

434 1912 805 1919 .--..----.-.----.
826 1913 858 1921 ..-

457 1977 463 1982 ·
574 1967 599 2014 1
641 1959 908 2015 benificus
939 1958 996 2027 0,
1026 1975 1161 2014 corr.
1192 1959 1472 2015 beneficus
1498 1960 1570 2028 B,
1599 1960 1881 2015 beneficus
1908 1959 1965 2013 A
2073 1966 2105 2014 3
2145 1961 2321 2032 quod]
2351 1978 2496 2030 quae
2521 1962 2577 2015 B
2685 1967 2718 2014 4
2757 1977 3041 2016 ammone-

427 2058 550 2094 mus
587 2040 692 2094 hoc
728 2038 912 2096 iacere
940 2040 1405 2110 adspirationem,
1441 2042 1506 2094 ut
1541 2040 1600 2095 in
1630 2040 1824 2095 multis
1860 2038 1944 2095 ita
1978 2039 2072 2094 hic
2101 2056 2321 2110 quoque
2351 2058 2385 2095 v
2415 2040 2727 2110 praelatam
2755 2039 3045 2096 videamus

431 2118 627 2173 Carrio
753 2118 817 2191 h]
854 2120 963 2175 hoc
998 2120 1181 2175 ABG
1303 2127 1336 2175 6
1372 2121 1636 2190 possibile
1664 2123 1765 2176 est.
1810 2136 1917 2176 vae
1954 2121 2334 2190 diphthongus
2373 2121 2490 2174 sive
2527 2119 2648 2175 sola
2683 2122 2799 2187 est,
2837 2122 2904 2174 ιιι
2938 2137 3045 2175 vae

426 2198 631 2255 misero
668 2199 832 2270 mihi,
874 2199 991 2255 sive
1030 2217 1155 2254 cum
1191 2198 1416 2254 nomine
1455 2200 1742 2270 componit
1776 2217 1936 2268 usus,
1973 2203 2038 2255 ut
2063 2216 2337 2254 vaesanus
2377 2198 2446 2269 (si
2484 2215 2615 2254 uero
2645 2199 2874 2254 minime
2913 2217 3043 2255 con-

427 2277 631 2369 ponit·
624 2297 756 2334 usus
793 2281 859 2333 ut
892 2296 1132 2335 uesanus
1173 2280 1221 2336 G
1253 2280 1302 2335 si
1337 2297 1408 2334 ue
1443 2280 1673 2335 minime
1706 2282 1773 2334 ut
1806 2296 2046 2335 uesanus
2084 2278 2158 2345 A)
2197 2295 2299 2348 per
2334 2297 2371 2333 u
2407 2278 2734 2349 digammon
2761 2277 3042 2349 scribitur,

427 2374 496 2414 ve
531 2336 805 2428 producta
831 2359 947 2414 Ao
969 2365 1019 2414 et
1048 2359 1250 2416 Carrio
1296 2370 1303 2375 ⁴
1362 2367 1393 2415 ’1
1431 2359 1601 2415 fuerit
1628 2376 1728 2414 om.
1757 2359 1939 2414 ABG
2043 2366 2075 2414 9
2115 2359 2424 2429 veratrum]
2464 2375 2656 2413 uerum
2686 2356 2805 2413 Bo
2824 2372 2964 2414 ueru·
2990 2359 3046 2413 Α

428 2441 709 2494 ueratrum
746 2434 948 2508 μόριον
987 2454 1020 2498 ς
1166 2446 1232 2495 12
1270 2457 1440 2509 quam
1477 2439 1667 2510 graeci
1704 2438 1826 2495 AG
1859 2456 2003 2508 quae
2041 2454 2207 2510 grece
2243 2438 2300 2492 B

1332 2741 1701 2798 MARTYRII
1736 2741 1833 2797 DE
1872 2742 1917 2796 B
1954 2741 2051 2797 ET
2090 2742 2142 2798 V

428 2912 732 2972 benificus.
805 2911 1252 2971 meminerimus
1298 2919 1493 2971 tamen
1546 2909 1783 2971 beatum
1832 2929 1864 2970 a
1911 2912 2185 2990 superius
2232 2909 2386 2970 dicta
2446 2908 2767 2969 abhorrere
2815 2910 3035 2990 regula,

432 3017 591 3098 quod
645 3020 894 3098 pu'mam
952 3015 1230 3097 syllabam
1285 3016 1443 3077 nulla
1499 3019 1770 3096 sequitur
1817 3035 2167 3078 consonans.
2252 3024 2312 3076 et
2358 3018 2636 3095 quoniam
2682 3015 2821 3075 huic
2869 3018 3043 3076 etiam

431 3127 751 3206 opponitur
804 3123 1043 3203 regulae
1102 3122 1418 3186 vehemens
1473 3132 1534 3183 et
1587 3121 1954 3203 vehiculum,
2013 3121 2399 3183 admonemus
2445 3121 2931 3202 adspirationem,
2982 3130 3044 3182 ut

432 3234 492 3291 in
549 3230 774 3313 multis,
831 3230 926 3291 bic
981 3248 1218 3310 quoque
1273 3231 1458 3290 inseri
1509 3247 1619 3308 pro
1676 3237 2039 3289 consonante
2109 3225 2406 3307 possibile.
2492 3245 2559 3286 ve
2623 3226 2913 3306 producta
2987 3229 3047 3287 in

432 3337 641 3429 eadem
677 3336 815 3398 sede
855 3337 1183 3418 conlocata,
1230 3335 1521 3414 siquidem
1560 3334 1870 3395 masculini
1907 3334 1998 3394 vel
2045 3336 2246 3395 neutri
2291 3334 2528 3413 generis
2565 3341 2744 3394 erunt
2790 3335 3046 3413 nomina,

431 3443 651 3523 quibus
696 3442 840 3504 baec
887 3443 1069 3504 suerit
1112 3443 1448 3523 praeposita
1487 3441 1729 3524 syllaba,
1776 3459 1884 3521 per
1922 3460 1956 3499 v
1994 3440 2253 3502 vocalem
2300 3458 2409 3520 pro
2449 3450 2811 3501 consonante
2851 3443 3044 3520 signa·

380 3574 387 3578 ·
429 3550 621 3632 bitur,
676 3559 743 3611 ut
796 3558 1041 3610 venator
1097 3548 1287 3609 velum
1347 3548 1678 3626 [veretrum
1732 3541 1809 3609 τὸ
1858 3541 2126 3629 μόριον]
2186 3555 2484 3608 veratrum
2549 3546 2921 3609 venabulum.
2996 3551 3044 3609 si

368 3730 435 3768 ’Β

431 3664 611 3718 erunt
663 3674 802 3717 vero
863 3656 1144 3717 feminina
1200 3653 1632 3737 tantummodo,
1692 3673 1955 3734 quorum
2006 3656 2171 3734 origo
2221 3673 2253 3714 a
2302 3653 2626 3715 mssculino
2674 3657 2877 3716 venire
2927 3674 3043 3716 non

430 3765 726 3844 cernitur,
770 3781 879 3843 per
916 3762 954 3822 b
995 3769 1217 3823 mutam
1255 3761 1621 3842 scribentur,
1665 3761 1863 3821 besica
1903 3750 1943 3840 ἡ
1983 3757 2199 3841 φῦσα,
2237 3759 2438 3841 belua,
2474 3759 2690 3842 bestia,
2728 3764 2810 3822 ita
2847 3771 3042 3824 tamen

350 3882 401 3922 1⁰
432 3871 484 3930 si
540 3888 661 3930 non
715 3870 965 3930 duarum
1023 3871 1246 3931 fuerint
1301 3867 1689 3949 syllabarum:
1746 3885 1882 3927 nam
1938 3865 2252 3927 mutabunt
2307 3868 2694 3948 scripturam,
2759 3876 2825 3929 ut
2881 3887 3045 3951 vena,

432 3993 607 4055 vespa
648 3965 975 4056 ἄνθηὸών
1013 3984 1073 4037 et
1111 3974 1338 4037 similia.
1404 3975 1496 4035 bis
1534 3992 1771 4054 quoque
1800 3975 2124 4054 opponitur
2152 3973 2305 4056 beta,
2335 3992 2486 4052 quae
2524 3992 2734 4053 graece
2764 3972 3046 4037 σεῦτλον

430 4071 474 4162 ἢ
512 4071 679 4141 κατὰ
709 4070 1046 4159 Ἀττικοὺς
1081 4078 1360 4142 τεῦτλον
1398 4088 1667 4160 vocatur,
1714 4082 1994 4159 quoniam
2038 4083 2102 4142 in
2148 4099 2361 4160 graeco
2406 4080 2563 4142 idem
2610 4099 2797 4160 genus
2844 4082 3044 4144 obser·

431 4206 571 4249 vare
631 4206 751 4248 non
810 4190 1019 4267 potuit.
1106 4196 1414 4267 praeterea
1476 4188 1846 4267 quaerimus,
1906 4204 2016 4247 cur
2076 4189 2293 4248 veritas
2353 4194 2416 4248 et
2476 4187 2743 4250 seminini
2809 4190 3047 4267 generis

1650 4297 1685 4326 Ο

606 4366 633 4413 1
667 4359 944 4414 beneficus
984 4358 1041 4411 P
1162 4376 1198 4413 a
1224 4375 1323 4413 om.
1352 4357 1437 4412 N:
1475 4374 1511 4412 a
1543 4357 1795 4427 superius
1825 4355 1979 4412 dicta
2007 4359 2205 4427 regula
2233 4357 2549 4428 discrepare
2590 4359 2647 4413 P
2731 4365 2786 4425 Δ2
2824 4359 2885 4412 ει
2919 4364 3046 4414 ante

434 4437 700 4509 quoniam
735 4444 785 4494 et
819 4439 1011 4494 deinde
1047 4437 1217 4492 etiam
1255 4455 1357 4492 om.
1394 4436 1451 4490 P
1586 4443 1619 4491 3
1657 4453 2041 4492 ammonemus
2077 4437 2114 4490 h
2165 4437 2563 4506 aspirationem
2605 4437 2662 4490 P
2800 4443 2836 4491 4
2870 4439 3046 4507 possi-

435 4518 549 4574 vile
586 4519 647 4574 et
689 4533 792 4574 vae
830 4518 1171 4589 dipthongus
1209 4516 1326 4572 sive
1365 4517 1487 4570 sola
1523 4519 1611 4571 est
1657 4518 1721 4571 ut
1768 4535 1839 4572 ve
1874 4518 2079 4573 misero
2116 4518 2255 4573 mihi
2293 4517 2410 4572 sive
2446 4516 2659 4571 nomini
2696 4517 3049 4587 componitur

436 4600 502 4653 ut
536 4615 810 4654 vaesanus
844 4615 945 4668 per
981 4616 1015 4652 v
1053 4595 1375 4667 digammon
1414 4595 1688 4652 scribitur.
1745 4613 1813 4651 ve
1840 4598 2114 4666 producta
2143 4596 2201 4651 P
2321 4604 2352 4652 6
2390 4595 2593 4664 quibus
2633 4596 2690 4649 P
2723 4613 2959 4665 quorum
2986 4598 3056 4652 N

546 4738 577 4786 ’1
616 4731 799 4786 velum
838 4731 1121 4786 veratrum
1156 4729 1495 4784 venabulum
1538 4728 1594 4782 P
1625 4729 1813 4784 velum
1850 4689 2131 4784 veratrum
2177 4725 2239 4783 τὸ
2292 4725 2491 4798 μόριον
2527 4728 2865 4784 venabulum
2901 4735 2952 4784 et
2988 4731 3052 4786 in

438 4827 609 4880 mara.
656 4811 940 4865 veratrum
984 4808 1052 4863 N
1188 4814 1252 4862 11
1303 4824 1447 4877 quae
1492 4824 1692 4878 graece
1740 4808 1796 4861 P
1838 4789 1991 4878 quod
2038 4824 2236 4879 graece
2278 4808 2348 4862 N
2487 4813 2552 4861 12
2600 4804 2746 4863 κατὰ
2780 4803 3052 4875 Ἀττικούς

443 4908 541 4947 om.
581 4890 637 4945 P
774 4889 1068 4944 obseruare
1102 4904 1216 4943 non
1250 4886 1440 4957 potuit
1477 4887 1534 4942 P
1566 4893 1637 4943 nb
1674 4887 2036 4958 obser-nature
2071 4905 2185 4943 non
2218 4886 2406 4957 potuit
2440 4887 2508 4942 N

3145 4685 3190 4713 ⁶.»
