3613 5528
1243 416 1383 473 ARS
1421 417 1518 473 DE
1559 414 2143 473 ORTHOGRAPHIA
2867 413 2996 478 123

388 534 432 572 p.
460 522 578 562 2272.
607 521 659 561 vs
684 519 735 560 P.

564 605 878 666 Laetamur
924 603 996 665 de
1046 605 1266 666 nostris
1311 602 1514 684 boniS,
1559 602 1924 682 gratulamur
1972 601 2043 663 de
2091 601 2296 663 alienis
2346 600 2697 679 [amicorum
2742 600 2856 662 hoc
2903 610 2997 662 est

388 712 724 792 gratificans
760 709 1037 789 laetitia]:
1102 709 1309 771 Cicero
1352 708 1549 787 [dicit]
1600 705 1866 790 ‘neque
1915 716 2052 769 tam
2098 710 2317 770 istius
2363 708 2677 769 hominis
2720 708 2996 789 perditi

388 818 627 881 subita
673 819 953 880 laetitia
1001 834 1204 897 quam
1249 815 1560 877 hominis
1605 815 2033 896 amplissimi
2081 833 2256 876 nova
2301 815 2698 895 gratulatio
2749 814 2995 893 [divitiis

391 925 553 1005 eum]
601 919 1140 986 commovebat'.

337 1047 364 1088 s
565 1030 892 1094 Herbidum
955 1029 1153 1092 locum
1217 1031 1470 1092 dicimus
1528 1030 1538 1108 1
1596 1033 1656 1092 in
1715 1049 1834 1110 quo
1891 1031 2074 1093 herba
2134 1038 2251 1112 est,
2311 1031 2542 1091 etlamsi
2601 1029 2801 1091 aridus
2862 1048 2994 1091 esse

391 1141 781 1220 consueverit,
826 1136 1152 1228 herbosum
1198 1141 1300 1220 qui
1338 1137 1584 1199 herbam
1621 1138 1792 1200 facile
1832 1147 2097 1221 generat,
2141 1139 2373 1200 etiamsi
2411 1136 2482 1199 ad
2521 1145 2756 1217 tempus
2795 1136 2996 1198 aridus

391 1250 484 1308 sit.
559 1248 645 1307 sic
693 1254 752 1307 et
798 1248 1129 1325 aquaticam
1175 1247 1477 1325 potionem
1524 1253 1686 1306 recte
1726 1244 1999 1327 dicimus,
2046 1263 2195 1325 quae
2235 1261 2448 1324 aquam
2484 1244 2718 1305 aliunde
2757 1246 2995 1325 recipit3

388 1372 676 1434 aquosum
723 1359 921 1414 autem
966 1352 1182 1433 locum,
1229 1354 1330 1432 qui
1378 1372 1448 1414 ex
1486 1371 1551 1414 se
1589 1371 1801 1433 aquam
1841 1352 2052 1414 fundit.
2127 1354 2207 1414 ita
2247 1362 2308 1414 et
2345 1370 2637 1414 meracam
2674 1355 2997 1434 potionem,

386 1478 687 1521 merosum
734 1466 931 1520 autem
979 1462 1179 1521 vinum
1225 1457 1664 1539 appellabimus,

308 1585 360 1623 ιο
563 1565 792 1627 Attollit
837 1573 1077 1646 aggerat
1122 1566 1503 1627 scribendum
1550 1574 1658 1628 est.
1731 1570 1794 1628 in
1852 1570 2280 1648 compositione
2327 1570 2487 1629 enim
2534 1584 2878 1629 sermonum
2925 1566 2997 1628 ad

386 1674 746 1754 praepositio
810 1675 1129 1735 accusativi
1203 1693 1378 1737 casus
1443 1679 1876 1758 corrumpitur,
1949 1694 2084 1737 cum
2160 1677 2384 1737 servire
2457 1674 2709 1755 loquelis
2770 1675 2997 1756 incipit,

388 1780 621 1861 quando
669 1797 799 1841 eam
844 1789 1006 1841 muta
1054 1783 1349 1863 sequitur3
1406 1785 1636 1862 integra
1692 1792 1891 1844 autem
1937 1791 2271 1863 permanet,
2331 1782 2565 1862 quando
2613 1780 2997 1862 semivocaliS,

388 1898 456 1950 ut
501 1895 595 1949 est
639 1863 836 1948 adiicit
883 1886 1116 1968 adripit.
1198 1888 1378 1950 buius
1424 1891 1512 1949 rei
1559 1892 1709 1950 ratio
1756 1889 2060 1950 reddenda
2105 1897 2211 1950 est.
2298 1888 2527 1949 vocales
2581 1906 2788 1949 omnes
2833 1890 2995 1968 prin·

388 1998 552 2076 cipes
614 1996 776 2056 vocis
840 2003 981 2056 sunt
1046 2002 1107 2055 et
1169 1992 1440 2055 dominae
1505 1995 1873 2076 litterarum,
1937 2014 2117 2076 quae,
2191 1996 2346 2057 sicut
2410 1997 2685 2057 universa
2749 1996 2997 2056 fortiora

308 2119 359 2158 15
391 2102 737 2164 naturaliter
782 2103 1035 2184 faciunt,
1080 2100 1348 2162 subiecta
1395 2109 1455 2162 et
1501 2101 1775 2163 adiuncta
1824 2100 1938 2163 sibi
1982 2108 2332 2184 protegunt,
2379 2102 2645 2182 aequalia
2689 2098 2888 2164 autem
2934 2111 2997 2163 et

386 2211 724 2271 resistentia
784 2207 1027 2270 elidunt.
1116 2227 1250 2269 nam
1313 2226 1430 2288 quo
1494 2207 1668 2269 modo
1734 2226 1849 2269 non
1917 2226 2238 2288 numquam
2299 2210 2456 2269 inter
2517 2227 2581 2269 se
2648 2210 2995 2271 commissae

387 2318 747 2396 franguntur
794 2324 854 2377 et
899 2313 1263 2395 synalipham
1309 2305 1553 2394 faciunt,
1600 2315 1679 2375 ita
1719 2324 2114 2376 consonantes
2161 2312 2274 2374 sibi
2321 2314 2577 2375 creditas
2625 2323 2996 2376 conservant.

386 2442 639 2504 quarum
694 2425 976 2484 virtutem
1033 2439 1279 2483 necesse
1334 2428 1429 2481 est
1481 2428 1549 2481 ut
1603 2420 1983 2482 semivocales
2038 2423 2298 2483 imitatae
2353 2423 2576 2483 vicinas
2635 2420 2749 2482 sibi
2805 2431 2997 2484 mutas

386 2539 674 2593 tutentur.
1598 2539 1605 2545 ·

303 2653 357 2693 πο
563 2637 884 2709 Quaeritur
937 2636 1009 2697 ab
1065 2636 1406 2718 aliquantis,
1461 2636 1603 2715 quid
1659 2635 1842 2697 distet
1897 2637 2056 2696 inter
2113 2655 2295 2717 super
2350 2644 2410 2698 et
2458 2655 2638 2717 supra
2686 2645 2746 2699 et
2792 2636 2999 2699 subter

386 2753 450 2808 et
495 2744 723 2807 subtus.
807 2762 989 2824 super
1036 2750 1128 2804 est
1175 2743 1333 2825 quod
1382 2746 1628 2819 eminet,
1684 2761 1865 2824 supra
1912 2743 2070 2824 quod
2118 2742 2485 2806 substratum
2533 2743 2753 2824 aliquid
2800 2742 2995 2806 babet.

386 2856 530 2914 item
576 2852 782 2914 subter
829 2859 921 2913 est
966 2850 1124 2931 quod
1172 2869 1238 2912 re
1286 2851 1479 2932 aliqua
1525 2853 1835 2931 superiore
1881 2854 2176 2931 premitur
2222 2860 2283 2912 et
2328 2850 2734 2933 conculcatur,
2783 2851 2996 2913 subtus

387 2961 549 3039 quod
595 2959 919 3021 demissum
964 2958 1139 3019 altius
1187 2977 1305 3018 non
1352 2959 1733 3037 contingitur.

567 3066 774 3128 Sinum
811 3066 1065 3127 dicimus
1102 3067 1366 3126 exterius
1405 3067 1669 3126 sinuatae
1698 3066 1882 3124 vestis
1919 3064 2382 3148 receptaculum,
2417 3068 2709 3145 gremium
2743 3068 2997 3128 interius

302 3189 356 3228 2⁵
385 3176 683 3235 accinctae
730 3175 913 3234 vestis
960 3180 1286 3234 secretum:
1332 3170 1612 3251 Virgilius
2433 3166 2442 3175 ’
2764 3161 2772 3167 ’

703 3278 1278 3361 pandentemque
1327 3281 1533 3340 sinus
1580 3287 1650 3341 et
1698 3287 1845 3341 tota
1892 3287 2090 3341 veste
2138 3286 2509 3340 vocantem

706 3387 1119 3449 caeruleum
1166 3389 1234 3448 in
1281 3390 1648 3467 gremium.

385 3497 676 3574 gremium
724 3502 923 3556 autem
970 3493 1087 3554 dici
1125 3512 1158 3553 e
1198 3496 1517 3576 contrario,
1563 3493 1635 3554 ab
1675 3497 1949 3574 ingressu
1988 3494 2229 3570 difficili,
2278 3494 2489 3555 similia
2524 3494 2805 3574 produnt,
2845 3495 3002 3555 sicut

387 3602 612 3663 aditum
657 3610 716 3662 et
761 3619 982 3681 penum
1026 3610 1089 3661 et
1133 3601 1454 3682 penetrale,
1502 3619 1573 3661 eo
1622 3601 1778 3680 quod
1827 3601 1976 3662 adiri
2024 3610 2083 3663 et
2127 3604 2431 3682 penetrari
2476 3620 2611 3662 raro
2659 3600 2864 3661 soleat.

308 3724 364 3763 3⁰
571 3707 835 3787 Largitas
882 3706 1264 3768 humanitatis
1312 3715 1419 3789 est,
1465 3707 1698 3787 largitio
1746 3707 2101 3769 ambitionis,

566 3941 594 3988 1
632 3935 702 3992 de
740 3931 939 3990 alienis
969 3972 982 3985 .
1005 3973 1052 3986 ..
1092 3933 1401 3988 amicorum
1437 3934 1614 3988 decem
1647 3934 1761 4001 fere
1798 3934 1995 3988 litteris
2023 3938 2153 4003 post
2189 3933 2388 3990 alienis
2425 3935 2614 3990 deletis
2646 3935 2734 4000 M,
2762 3934 2834 3988 de
2864 3932 3003 3989 ami-

383 4032 577 4071 corum
611 4015 669 4069 Β
760 4050 769 4058 ·
812 4021 845 4070 2
883 4012 1026 4068 dicit
1058 4029 1160 4068 om.
1197 4015 1280 4079 Β,
1317 4015 1446 4069 add.
1488 4013 1562 4068 M
1569 4029 1603 4072 ς
1748 4016 1953 4087 ueque]
1996 4017 2106 4071 Cic.
2146 4019 2210 4071 in
2256 4017 2410 4072 Verr.
2450 4022 2556 4073 act.
2589 4033 2680 4086 pr.
2722 4022 2777 4082 8,
2815 4019 2890 4070 21

381 4098 503 4149 tam
542 4111 640 4150 om.
682 4110 716 4153 ς
894 4092 1125 4163 perditi]
1175 4093 1324 4163 §diti
1362 4095 1437 4148 M
1612 4103 1645 4151 3
1696 4112 1866 4165 quam
1902 4096 2089 4164 (huius
2127 4098 2256 4152 aad.
2295 4100 2351 4164 ς)
2388 4096 2629 4151 hominis
2668 4091 3002 4164 amplissimi

380 4190 533 4229 noua
576 4174 885 4244 gratulatio
931 4171 1147 4227 diuitiis
1185 4189 1312 4227 eum
1350 4176 1745 4231 commonebat
1784 4175 1858 4229 M
1867 4190 1901 4233 ς
1939 4176 2196 4244 quamuis
2232 4175 2474 4232 hominis
2509 4192 2659 4230 noua
2694 4171 3000 4245 gratulatio

382 4254 772 4310 commonebat
807 4271 936 4309 eum
972 4253 1028 4307 Β
1172 4259 1204 4307 5
1240 4253 1525 4309 herbitum
1562 4255 1749 4311 locum
1783 4255 1840 4309 Β
1977 4261 2009 4309 6
2048 4256 2401 4311 consueuerit
2437 4255 2492 4309 Β
2529 4254 2820 4310 consueuit
2858 4252 2934 4305 Μ

380 4336 615 4405 generet
658 4333 880 4389 etiamsi
927 4334 1185 4404 atempus
1231 4333 1449 4390 aridum
1488 4335 1563 4390 sit
1614 4335 1694 4390 sic
1730 4334 2068 4405 aquatitiam
2104 4337 2160 4391 Β
2342 4345 2373 4394 7
2411 4339 2679 4406 aquatam
2713 4329 3002 4403 potionem

382 4418 535 4471 recte
563 4415 799 4470 dicimus
836 4429 982 4483 quae
1011 4431 1215 4484 aquam
1245 4416 1470 4471 aliunde
1498 4416 1737 4487 recipiat
1764 4416 1925 4470 Beda
1942 4431 2002 4483 p.
2033 4421 2205 4472 2778.
2252 4419 2485 4484 fortasse
2513 4415 2778 4485 aquatam
2816 4409 2999 4481 potio-

382 4512 514 4551 nem
544 4526 607 4534 —
638 4494 854 4565 recepit
978 4494 1219 4564 recipiat
1251 4496 1307 4550 Β
1434 4501 1467 4549 8
1505 4497 1777 4550 metatam
1818 4495 1895 4548 M
2020 4504 2087 4551 10
2124 4497 2196 4551 ad
2234 4513 2335 4552 om.
2364 4496 2419 4550 Β
2551 4500 2613 4548 12
2654 4493 2802 4562 eam]
2844 4508 2912 4547 ea
2943 4492 2997 4545 Β

489 4575 805 4644 permanet]
845 4575 1040 4629 manet
1071 4574 1127 4627 Β
1248 4581 1312 4629 13
1351 4573 1529 4630 afficit
1565 4574 1762 4644 arripit
1796 4574 1853 4627 Β
1978 4575 2287 4647 reddenda]
2326 4573 2570 4630 tenenda
2602 4573 2658 4626 Β
2777 4570 3002 4625 uocales

383 4654 567 4711 omnis
602 4655 756 4710 nocis
792 4653 1076 4725 principes
1114 4655 1246 4709 sunt
1282 4669 1316 4712 ς
1426 4660 1491 4708 18
1529 4652 1810 4724 imitatae]
1852 4653 2085 4709 emitate
2121 4655 2177 4708 Β
2308 4660 2374 4709 19
2410 4655 2662 4708 tutentur
2700 4652 2776 4705 M
2807 4652 3005 4706 tuean-

382 4740 477 4791 tur
514 4736 608 4791 uel
642 4738 872 4790 tuentur
907 4734 964 4787 Β
1063 4739 1132 4788 20
1170 4737 1230 4789 et
1260 4740 1385 4803 post
1421 4751 1590 4805 supra
1626 4751 1726 4790 om.
1763 4734 1820 4788 Β
1922 4740 1992 4788 21
2031 4737 2120 4790 est
2147 4740 2276 4803 post
2312 4735 2505 4789 subter
2539 4751 2640 4789 om.
2669 4732 2724 4785 Β
2817 4737 2885 4785 22
2916 4734 3000 4804 re]

386 4831 447 4870 se
482 4815 539 4869 B
699 4821 767 4870 23
805 4814 1099 4870 dimissum
1134 4815 1190 4869 Β
1351 4829 1463 4868 non
1510 4814 1763 4885 tangitur
1796 4816 1957 4871 Beda
1985 4832 2045 4884 p.
2085 4820 2235 4869 2801
2401 4821 2469 4868 26
2522 4812 3000 4885 pandentemque]

396 4893 554 4965 Ver9.
593 4895 726 4949 Aen.
777 4894 955 4949 VIII
992 4901 1101 4952 712
1255 4897 1552 4951 necantem
1589 4894 1643 4948 B
1797 4901 1866 4950 28
1904 4895 2040 4966 dici]
2081 4895 2347 4948 damnum
2381 4895 2436 4949 B
2596 4898 2663 4947 29
2704 4909 2769 4947 eo
2806 4908 2907 4950 om.
2943 4894 3000 4950 B
