3613 5528
606 422 737 487 522
1481 419 1851 492 [cessem
1905 422 2351 494 rRoN‘roms]

604 535 651 572 p.
679 524 800 564 2193.
830 524 938 564 2194
962 523 1010 565 P.

780 609 947 669 Parsi
995 617 1056 669 et
1099 610 1358 689 peperci.
1447 612 1610 690 parsi
1657 608 1870 690 semel,
1915 611 2158 691 peperci
2205 611 2454 689 saepius.

783 716 992 778 Dicere
1031 726 1092 778 et
1127 716 1290 797 loqui
1329 724 1388 778 et
1425 735 1684 778 narrare.
1769 716 2024 778 dicimus
2063 717 2221 796 quod
2260 716 2556 797 volumus,
2602 714 2903 796 loquimur
2939 719 3210 799 invicem,

606 841 918 885 narramus
965 822 1124 904 quod
1170 826 1494 904 ignoratur.

779 929 990 993 Vultus
1036 941 1096 993 et
1140 950 1224 992 os.
1317 930 1516 992 vultus
1560 933 1801 1012 proprie
1850 930 2134 1011 hominm,
2180 949 2247 991 os
2295 932 2577 992 omnium.
2617 928 2627 1012 Ι

780 1039 1133 1101 Memoriose
1161 1048 1222 1100 et
1249 1041 1609 1100 memoriter.
1684 1040 2079 1099 memoriosus
2116 1037 2296 1099 habet
2332 1038 2404 1099 ad
2442 1047 2795 1100 vetustatem
2834 1037 3208 1099 referendam
3268 1054 3295 1093 s

604 1148 974 1229 memoriam,
1021 1165 1247 1208 memor
1293 1146 1568 1208 beneficii
1616 1150 1960 1208 memoriam
2006 1145 2098 1206 vel
2144 1148 2394 1207 iniuriae
2442 1147 2648 1207 refert.
2736 1148 2817 1207 ita
2853 1147 3208 1206 memoriose

605 1257 707 1333 qui
773 1254 937 1335 facit,
1001 1254 1261 1315 ostendit
1324 1255 1386 1314 iu
1443 1255 1604 1314 omni
1661 1271 1728 1314 re
1785 1262 2030 1314 naturae
2098 1252 2348 1334 bonum3
2411 1254 2755 1314 memoriter
2819 1261 3055 1332 gratum
3117 1252 3210 1313 vel

603 1362 817 1423 fortem
874 1379 946 1422 ex
1001 1379 1073 1421 eo
1127 1360 1414 1443 ostendit,
1470 1360 1630 1440 quod
1686 1370 1789 1422 aut
1846 1360 2125 1423 retribuit
2169 1360 2523 1422 beneficium
2571 1369 2737 1440 grate
2783 1369 2885 1422 aut
2931 1362 3207 1422 iniuriam

604 1468 861 1529 vindicat
907 1468 1158 1529 fortiter.

780 1575 1072 1638 Ordinare
1120 1585 1180 1637 et
1225 1575 1559 1656 disponere.
1652 1575 1946 1637 ordinatio
1994 1576 2241 1656 simplex
2291 1584 2408 1657 est,
2455 1575 2763 1656 dispositio
2810 1594 2968 1655 vaga.
3237 1591 3292 1630 ιο

785 1683 1227 1745 Consideratius
1275 1691 1333 1743 et
1384 1681 1876 1744 considerantius.
1952 1683 2383 1744 consideratius
2429 1681 2845 1761 praeverbium
2880 1701 2952 1743 ex
2991 1699 3205 1761 cogno·

601 1793 794 1873 mine,
839 1791 1312 1852 considerantius
1360 1808 1432 1850 ex
1476 1791 1806 1870 participio.

779 1896 1123 1959 Dedicatum
1171 1903 1232 1956 et
1277 1905 1705 1959 consecratum.
1779 1895 2088 1958 dedicatur
2125 1896 2262 1978 deo,
2309 1905 2695 1958 consecratur
2731 1899 2901 1976 quasi
2938 1905 3207 1958 sanctum

603 2007 1010 2087 constituitur,
1056 2003 1169 2064 hoc
1217 2012 1309 2064 est
1353 2003 1661 2066 dedicatur
1705 2003 1848 2085 deo,
1876 2013 2277 2098 ⁸consecratur
2323 2003 2481 2084 quod
2528 2004 2842 2084 profanum
2890 2005 2982 2065 sit.

780 2113 1085 2184 Quatenus
1133 2118 1194 2171 et
1239 2113 1534 2191 quatinus,
1627 2119 1921 2191 quatenus
1969 2128 2085 2190 qua
2129 2111 2274 2192 fine,
2321 2114 2599 2189 quatinus
2646 2113 2939 2192 quoniam.
3236 2126 3293 2165 ιδ
3392 2129 3397 2133 ·

778 2217 1149 2280 Voluntatem
1190 2226 1249 2278 et
1285 2216 1659 2297 voluptatem.
1752 2216 2025 2279 voluntas
2072 2218 2225 2278 facto
2260 2217 2504 2300 gaudet,
2549 2219 2818 2300 voluptas
2856 2220 2985 2279 fieri
3023 2221 3208 2299 cupit.

779 2324 1177 2386 Novissimum
1223 2332 1284 2384 et
1331 2322 1619 2383 ultimum.
1710 2326 2098 2386 novissimum
2145 2324 2398 2406 ordinis,
2448 2325 2721 2387 ultimum
2769 2326 2949 2387 orbis.

778 2431 1011 2493 Furtim
1056 2442 1117 2492 et
1162 2432 1444 2492 furaciter
1505 2440 1565 2491 et
1619 2431 1855 2492 furtive.
1947 2432 2152 2493 furtim
2208 2449 2347 2493 cum
2399 2433 2634 2513 incipit,
2698 2433 2984 2495 furaciter
3038 2435 3208 2513 quasi

602 2541 917 2602 artificiose
974 2557 1008 2600 a
1062 2538 1491 2600 consuetudine
1546 2538 1870 2614 involandi,
1935 2539 2149 2601 furtive
2204 2536 2250 2618 †
2307 2542 2424 2600 iam
2479 2539 2636 2619 quod
2696 2539 2971 2601 ablatum.
3062 2559 3206 2619 ergo

604 2648 808 2708 furtim
856 2648 1139 2708 furaciter
1185 2647 1356 2707 furax
1404 2644 1620 2704 furtive
1666 2643 1834 2705 locus
1881 2646 2037 2707 facit.
3235 2661 3292 2701 ao

779 2754 968 2818 lmum
1032 2762 1094 2816 et
1157 2754 1439 2815 infimum.
1541 2754 1725 2815 imum
1791 2771 2022 2814 summo
2086 2754 2434 2837 respondet,
2497 2756 2764 2817 infimum
2829 2753 2989 2816 velut
3050 2753 3205 2816 infra

603 2863 865 2925 humum.

780 2967 1164 3030 Commodare
1199 2978 1272 3031 .et
1319 2968 1781 3029 accommodare.
1874 2967 2208 3028 commodat
2261 2975 2527 3029 mutuam
2581 2970 2920 3050 pecuniam,
2975 2987 3203 3029 accom-

602 3076 799 3137 modat
844 3095 874 3137 a
919 3085 1019 3137 tat.

780 3095 1171 3265 Splgndorem
1216 3191 1277 3243 et
1322 3181 1630 3261 fulgorem.
1722 3181 1910 3261 fulget
1955 3192 2191 3265 natura,
2248 3192 2316 3244 ut
2362 3184 2516 3261 ignis
2560 3182 2676 3263 sol,
2731 3181 3002 3262 splendet
3049 3191 3202 3258 arte,
3232 3197 3288 3237 25

600 3298 668 3350 ut
712 3308 924 3351 aurum
970 3297 1297 3369 argentum.

776 3397 993 3458 Mereri
1047 3406 1108 3458 et
1163 3413 1413 3457 merere.
1505 3405 1695 3457 meret
1757 3397 2045 3476 pretium,
2111 3406 2374 3458 meretur
2438 3398 2703 3476 gratiam.
2794 3398 2991 3475 itaque
3057 3395 3201 3457 illud

601 3503 912 3584 vectigale,
957 3503 1072 3565 hoc
1118 3502 1503 3564 honorarium
1551 3510 1659 3563 est.

777 3610 992 3671 Pedale
1039 3619 1098 3671 et
1143 3608 1375 3690 pedule.
1467 3607 1672 3688 pedale
1720 3626 1998 3669 mensura
2046 3616 2140 3670 est
2183 3609 2377 3691 pedis,
2430 3609 2646 3691 pedule
2694 3629 2834 3672 vero
2881 3609 2993 3670 suh
3038 3611 3201 3690 pedi-

601 3716 711 3777 hus
757 3726 1019 3797 praestat
1067 3717 1395 3778 utilitatem.
3230 3731 3287 3771 so

776 3826 1070 3885 Araneum
1120 3834 1180 3885 et
1225 3840 1513 3884 araneam.
1598 3839 1880 3881 araneum
1927 3822 2083 3901 quod
2134 3830 2359 3883 textum
2408 3832 2526 3905 est,
2581 3842 2791 3885 aranea
2839 3843 2988 3905 quae
3037 3828 3201 3887 texit.

776 3931 1127 4012 Opinionem
1176 3941 1236 3993 et
1281 3949 1585 3993 rumorem
1633 3941 1693 3991 et
1740 3932 1968 3991 famam.
2060 3933 2259 4011 opinio
2306 3931 2605 3993 hominem
2653 3942 2997 4013 suspectum
3044 3935 3201 4015 facit,

661 4223 698 4276 d
755 4147 830 4276 λιι
846 4139 999 4195 Inter
1035 4139 1186 4210 parsi
1240 4143 1299 4195 et
1351 4100 1576 4211 peperci
1624 4182 1636 4195 .
1680 4137 1836 4209 parsi
1871 4138 2071 4207 semel,
2126 4140 2351 4209 peperci
2387 4143 2505 4197 tam
2552 4141 2725 4196 semel
2773 4157 2940 4212 quam
2978 4141 3199 4212 saepius

597 4237 659 4276 co
700 4266 712 4277 .
826 4226 938 4277 ont.

746 4435 769 4482 1
811 4426 969 4483 Parni
1006 4429 1064 4481 et
1098 4426 1320 4495 pepersi
1354 4425 1506 4495 parsi
1544 4425 1716 4480 semel
1751 4423 1977 4494 pepersi
2012 4424 2233 4493 saepius
2270 4427 2338 4480 N
2369 4449 2382 4480 ε
2418 4425 2646 4498 peperci
2680 4432 2908 4498 utroque
2943 4428 3057 4483 loco
3092 4442 3126 4484 5

598 4513 630 4561 ὅ
668 4508 740 4562 ad
775 4509 1117 4563 vetustatem
1154 4506 1524 4577 referendam]
1566 4506 1638 4560 ad
1675 4505 1830 4560 dieta
1863 4504 2124 4576 factaque
2161 4507 2450 4564 referenda
2485 4523 2520 4566 5
2660 4513 2694 4562 8
2733 4509 2883 4577 quod
2919 4508 3012 4564 uel
3038 4509 3199 4563 retri-

597 4588 723 4645 buit
760 4604 792 4647 5
830 4632 843 4645 .
881 4590 947 4643 in
981 4590 1159 4643 codice
1195 4592 1382 4642 utrum
1418 4594 1453 4641 ii.
1488 4604 1566 4643 an
1600 4591 1638 4641 ᾗ
1674 4587 1939 4654 scriptum
1973 4590 2105 4641 esset
2137 4604 2252 4642 non
2287 4594 2428 4644 certo
2464 4589 2768 4657 apparebat
2923 4595 2988 4643 10
3023 4589 3196 4659 vaga]

597 4669 755 4722 varia
790 4669 1019 4724 coniecit
1044 4667 1424 4735 Buttmanmcs
1568 4673 1635 4721 14
1670 4667 1903 4734 sortasse
1939 4667 2229 4723 dedicatur
2256 4668 2362 4722 deo
2390 4667 2643 4722 debitum
2785 4669 3131 4739 prophanum
3162 4684 3197 4726 5

597 4748 833 4816 profano
867 4748 935 4803 N
1090 4754 1155 4802 15
1192 4747 1328 4818 fine]
1364 4747 1489 4802 finis
1523 4748 1591 4801 N
1621 4747 1715 4802 fini
1754 4763 1788 4805 5
1953 4757 2018 4804 19
2055 4747 2209 4819 quod
2243 4748 2356 4803 iam
2394 4747 2645 4803 ablatum
2683 4747 2985 4805 Fabricius

597 4831 663 4878 21
705 4826 880 4895 velut]
919 4829 983 4882 ut
1018 4843 1052 4885 5
1208 4834 1278 4882 25
1314 4827 1572 4897 splendet
1606 4827 1845 4883 artificio
1881 4828 2200 4895 Fabricius,
2338 4830 2459 4884 arte
2495 4845 2594 4884 om.
2631 4827 2699 4882 N
2730 4844 2764 4886 5
2915 4833 2984 4883 28
3020 4828 3197 4884 hono-

595 4908 806 4962 rarium
844 4908 1174 4976 Fabricius,
1209 4909 1546 4964 honoratum
1582 4908 1649 4962 N
1786 4912 1855 4963 29
1892 4909 2096 4979 pedule
2134 4925 2267 4964 uero
2305 4909 2407 4963 sub
2445 4924 2479 4967 ς
2513 4908 2717 4979 padule
2754 4926 2791 4963 a.
2826 4908 2930 4963 sub
2964 4908 3033 4963 N
