3613 5528
623 389 713 455 50
1700 391 1903 448 VELII
1939 390 2170 448 LONGI

623 502 668 540 p.
695 491 800 532 2216
826 490 878 531 P.

626 594 763 638 mus
806 575 937 649 illis
968 576 1029 635 in
1077 576 1319 656 optimo,
1363 577 1425 637 in
1462 578 1734 659 maximo,
1779 578 1842 637 in
1879 576 2300 657 pulcherrimo,
2344 579 2409 639 in
2443 579 2787 660 iustissimo,
2832 577 2973 658 quid
3011 579 3231 640 facient

623 685 684 745 in
739 683 834 745 his
889 681 1256 767 nominibuS,
1317 684 1379 745 in
1436 683 1653 764 quibus
1706 702 1894 764 aeque
1962 691 2158 744 manet
2226 670 2432 745 eadem
2495 687 2762 764 quaestio
2829 684 3228 765 superlatione

623 789 878 872 sublata,
938 790 1248 852 manubiae
1313 809 1387 851 an
1450 789 1768 873 manibiae‚
1833 790 2014 851 libido
2079 809 2152 850 an
2217 786 2464 851 lubido?
2536 809 2645 852 nos
2683 809 2849 857 ,vero
2913 800 3227 872 postquam

512 972 525 985 ⁸
622 896 848 958 exilitas
903 900 1196 959 sermonis
1251 896 1546 958 delectare
1604 898 1824 978 coepit,
1883 914 2072 975 usque
2118 898 2139 956 i
2184 896 2380 957 littera
2437 899 2851 977 castigavimus
2897 897 3054 959 illam
3099 901 3226 978 pin-

618 1005 1020 1087 guitudinem,
1066 1023 1185 1066 non
1234 1013 1431 1066 tamen
1480 1010 1547 1064 ut
1592 1003 1764 1083 plene
1814 1005 1835 1062 i
1881 1002 2140 1064 litteram
2185 1005 2650 1066 enuntiaremus,
2727 1012 2788 1065 et
2834 1005 3229 1067 concedamus
3257 1021 3285 1061 5

617 1112 754 1173 talia
800 1115 1038 1173 nomina
1083 1131 1192 1192 per
1238 1131 1279 1172 u
1326 1109 1589 1172 scribere
1648 1104 1747 1171 iis'
1778 1112 1882 1190 qui
1927 1111 2307 1189 antiquorum
2354 1109 2687 1172 voluntates
2733 1119 3095 1193 sequuntur,
3135 1132 3226 1190 ,ne

617 1225 814 1279 tamen
861 1220 948 1279 sic
985 1220 1316 1300 enuntient,
1362 1237 1480 1297 quo
1526 1218 1700 1278 modo
1747 1215 2035 1278 scribunt.

793 1323 881 1385 Ex
929 1322 1377 1385 semivocalibus
1434 1322 1756 1385 excludunt
1813 1321 2051 1402 quidam
2107 1321 2364 1383 litteram
2411 1338 2491 1405 x,
2546 1342 2614 1384 ea
2661 1323 2932 1386 scililicet
2978 1329 3225 1410 ratione,

617 1450 732 1510 qua
793 1434 1020 1511 antiqui
1080 1433 1271 1493 nostri
1330 1430 1795 1512 repudiaverunt
1849 1429 1907 1489 id
1967 1414 2121 1508 quod
2180 1429 2334 1508 apud
2391 1428 2647 1491 Graecos
2705 1439 2797 1491 est
2841 1434 2907 1491 Υ.
3000 1450 3137 1493 nam
3183 1449 3222 1494 z

616 1537 813 1617 lingua
868 1537 1050 1599 latina
1103 1556 1221 1600 non
1277 1540 1570 1618 agnoscit,
1623 1536 1877 1616 ideoque
1926 1553 2038 1596 nec
2090 1538 2312 1596 mentio
2367 1535 2525 1596 illius
2582 1556 2863 1617 umquam
2911 1539 3048 1614 fuit,
3106 1542 3221 1601 nisi
3253 1554 3306 1593 ιο

615 1653 931 1725 postquam
990 1648 1303 1725 peregrina
1357 1646 1594 1706 nomina
1652 1642 1814 1705 hunc
1871 1660 2082 1703 sonum
2130 1661 2165 1698 *
2222 1641 2379 1720 quod
2434 1644 2486 1702 si
2541 1645 2639 1705 cui
2693 1647 2947 1706 latinum
3003 1650 3220 1706 nomen

613 1751 848 1813 videtur
897 1750 1249 1834 Mezent111S‚
1309 1755 1457 1827 scia
1517 1750 1756 1812 solitum
1816 1768 1947 1810 esse
2010 1747 2192 1809 scribi
2235 1767 2347 1829 per
2401 1748 2519 1811 duo
2567 1769 2596 1810 s
2652 1759 2713 1811 et
2759 1752 2844 1813 sic
2906 1755 3219 1813 enuntiari.

792 1891 973 1979 &odem
1010 1924 1302 1979 Parrhasii
1410 1930 1443 1978 5
1491 1925 1549 1978 et
1586 1921 1921 1977 contendam
1957 1922 2046 1977 est
2078 1919 2193 1975 alia
2226 1921 2455 1975 nomina
2490 1938 2591 1991 per
2627 1940 2662 1976 u
2700 1922 2942 1977 scribere
2979 1924 3075 1992 qui

613 2064 645 2111 6
683 2056 777 2127 ne]
828 2074 934 2113 nec
1113 2064 1142 2113 7
1191 2012 1508 2128 enuntiant:
1558 2057 1742 2111 littera
1778 2072 1810 2110 e
1846 2056 2038 2123 prima
2073 2072 2244 2110 manu
2279 2055 2652 2124 superscripta
2830 2055 3079 2111 scribant

614 2142 675 2190 11
717 2138 1039 2207 postquam]
1080 2137 1262 2207 primo
1300 2137 1397 2207 qui
1436 2137 1485 2205 C
1516 2152 1655 2191 corr.
1693 2138 1996 2206 postquam
2032 2152 2061 2189 c
2200 2135 2349 2189 hunc
2377 2153 2574 2190 sonum
2603 2134 2754 2204 quod
2791 2133 2871 2189 sic
2899 2134 2987 2189 cui
3015 2150 3218 2190 nomen

608 2216 833 2271 uidetur
868 2216 1109 2272 Mezenti
1254 2222 1319 2271 12
1357 2234 1458 2286 per
1493 2216 1632 2271 duos
1670 2219 1730 2271 et
1765 2214 1846 2271 sic
1884 2215 1934 2269 0
1965 2230 2102 2271 corr.
2139 2231 2239 2285 per
2273 2215 2413 2271 duos
2451 2233 2504 2271 ss
2546 2217 2605 2270 et
2643 2214 2721 2270 sic
2764 2232 2794 2270 c

786 2381 818 2429 5
868 2376 940 2431 Et
986 2378 1319 2434 contendam
1358 2377 1630 2446 quosdam
1667 2375 1782 2431 alia
1816 2375 2044 2430 nomina
2089 2391 2189 2445 per
2225 2395 2263 2430 u
2300 2374 2567 2445 scribere,
2606 2374 2716 2444 ’qui
2750 2373 3108 2443 antiquorum
3144 2374 3217 2443 R,

607 2457 706 2511 ubi
742 2458 1043 2513 concedam
1070 2459 1297 2513 coniecit
1324 2457 1609 2526 Semlerus,
1637 2457 1695 2511 et
1723 2455 2056 2511 contendam
2084 2454 2357 2523 quosdam
2386 2454 2578 2525 aliqua
2603 2454 2830 2510 nomina
2857 2453 3218 2508 Schneiderus

762 2544 793 2591 6
843 2537 962 2592 Nec
1006 2540 1193 2593 tamen
1233 2538 1319 2611 sic,
1349 2538 1666 2605 enuntient,
1704 2534 1984 2606 quomodo
2020 2533 2278 2589 scribant.
2345 2535 2492 2590 Nam
2540 2553 2608 2590 ex
2652 2534 3076 2591 semivocalibus
3124 2552 3215 2589 ex-

607 2617 842 2671 cludunt
878 2617 1107 2688 quidam
1144 2615 1395 2671 litteram
1431 2636 1467 2671 x
1504 2635 1572 2673 ea
1608 2617 1830 2672 scilicet
1862 2614 2105 2684 ratione,
2154 2632 2266 2682 qua
2302 2615 2521 2685 antiqui
2558 2616 2738 2675 nostri
2780 2614 3216 2686 repudiaverunt
3267 2656 3276 2665 .

605 2695 666 2750 id
703 2698 853 2766 quod
899 2698 1051 2769 apud
1089 2698 1331 2752 Graecos
1370 2699 1455 2752 est
1490 2718 1541 2752 v.
1599 2715 1730 2752 nam
1777 2716 1805 2750 z
1849 2696 2046 2766 lingua
2089 2695 2293 2751 Latina
2338 2713 2452 2751 non
2497 2696 2779 2768 agnoscit,
2825 2695 3064 2767 ideoque
3110 2712 3215 2750 nec

606 2778 821 2833 mentio
858 2778 1011 2834 illius
1046 2795 1293 2848 unquam
1331 2778 1464 2848 fuit,
1511 2777 1621 2833 nisi
1663 2777 1845 2847 primo
1892 2779 2195 2845 postquam
2230 2777 2527 2847 peregrina
2563 2777 2791 2832 nomina
2827 2776 2975 2830 hunc
3012 2793 3213 2831 sonum

602 2855 957 2914 induxerunt.
1014 2858 1165 2929 quod
1211 2858 1260 2913 si
1306 2857 1395 2912 cui
1439 2874 1640 2912 nomen
1687 2856 1909 2912 videtur
1951 2857 2218 2927 Mezenti,
2269 2858 2410 2913 sciat
2458 2857 2686 2912 solitum
2732 2872 2852 2911 esse
2899 2856 3068 2911 scribi
3111 2874 3215 2927 per

604 2934 741 2991 duos
769 2955 823 2991 ss
853 2941 911 2994 et
937 2938 1020 2993 sic
1047 2937 1342 2993 enuntiari.
1398 2939 1569 3007 amue
1603 2937 1707 2991 has
1742 2938 1857 2991 tres
1894 2935 2112 2990 litteras
2150 2937 2513 2992 semiuocales
2550 2935 2806 3006 plerique
2843 2936 3209 2992 tradiderunt.

604 3013 801 3071 Verrio
831 3017 1032 3073 Flacco
1070 3019 1259 3089 placet
1294 3019 1478 3072 mutas
1508 3032 1654 3086 esse,
1691 3016 1957 3085 quoniam
1985 3034 2021 3070 a
2047 3016 2216 3071 mutis
2251 3015 2551 3087 incipiant,
2588 3033 2702 3070 una
2728 3033 2763 3070 a
2790 3033 2849 3083 c,
2886 3015 3067 3071 altera
3092 3033 3127 3070 a
3153 3033 3207 3086 p.

603 3096 753 3163 quod
793 3096 841 3150 si
868 3097 1087 3167 aliquos
1119 3101 1336 3166 mouet,
1374 3097 1523 3167 quod
1559 3097 1619 3151 in
1647 3094 2044 3150 semiuocalem
2082 3095 2365 3166 desinant,
2404 3098 2609 3166 sciant,
2645 3096 2857 3165 inquit,
2896 3115 2924 3149 z
2960 3094 3209 3150 litteram

603 3174 683 3228 sic
719 3176 887 3232 scribi
925 3179 997 3233 ab
1034 3178 1121 3234 his
1159 3179 1259 3249 qui
1299 3180 1504 3249 putant
1538 3176 1697 3230 illam
1738 3193 1805 3230 ex
1843 3191 1873 3230 c
1910 3177 1969 3230 et
2004 3176 2041 3230 d
2079 3180 2358 3246 constare,
2396 3181 2462 3232 ut
2496 3178 2614 3232 sine
2653 3177 2821 3232 dubio
2858 3179 3019 3232 muta
3051 3178 3208 3232 finia-

598 3256 705 3311 tur.
779 3257 921 3311 Mihi
955 3258 1179 3314 videtur
1214 3275 1318 3314 nec
1355 3258 1541 3312 aliena
1577 3256 1819 3311 sermoni
1853 3255 2051 3324 fuisse,
2090 3273 2217 3312 cum
2251 3257 2569 3313 inueniatur
2619 3257 2677 3311 in
2715 3257 2962 3328 carmine
2990 3257 3207 3326 Saliari,

600 3337 660 3390 et
696 3352 816 3391 esse
852 3337 1007 3392 aliud
1043 3358 1073 3393 z
1109 3338 1263 3394 aliud
1301 3337 1485 3407 sigma
1520 3333 1620 3388 καὶ
1657 3336 1739 3388 σᾶ.
1811 3351 1914 3390 nec
1956 3335 2192 3391 eandem
2227 3338 2564 3406 potestatem
2593 3352 2697 3390 nec
2733 3336 2972 3391 eundem
3010 3354 3205 3392 sonum

600 3433 743 3486 esse,
781 3418 829 3472 si
865 3419 1168 3473 secundum
1205 3418 1454 3472 diuersas
1501 3414 1773 3469 dialectos
1814 3413 1867 3467 .i.
1903 3413 2125 3484 linguas
2163 3418 2535 3474 enuntientur.
2608 3417 2782 3473 Dores
2826 3415 2976 3471 enim
3022 3416 3206 3472 dicere

600 3498 907 3565 μελίσδειν,
947 3498 1090 3553 alios
1127 3499 1383 3568 μελίζειν.
1457 3494 1575 3548 Alii
1610 3488 1895 3564 κεφαλὴν,
1944 3495 2042 3549 alii
2087 3490 2337 3568 ὄμματα,
2385 3498 2488 3553 alii
2521 3493 2784 3553 θάλαττα
2818 3497 3040 3566 dicunt,
3079 3515 3203 3553 cum

597 3574 748 3629 idem
787 3575 993 3631 dicant.
1057 3594 1189 3631 nam
1226 3579 1284 3631 et
1319 3576 1499 3645 ipsum
1537 3575 1783 3643 παίζειν,
1824 3574 1974 3644 apud
2011 3575 2152 3630 alios
2188 3577 2395 3634 dicitur
2429 3579 2709 3632 παίσδειν.
2764 3594 2895 3633 nam
2930 3577 3081 3633 idem
3119 3581 3207 3634 est

600 3656 632 3718 ζ
667 3657 725 3709 et
762 3656 797 3708 δ
834 3655 916 3711 sic
950 3656 1228 3725 quomodo
1264 3671 1377 3709 non
1412 3654 1561 3709 idem
1590 3655 1678 3709 est
1714 3655 1884 3724 σίγμα
1911 3656 1969 3709 et
2004 3657 2047 3720 ζ.
2103 3653 2360 3727 Denique
2388 3659 2435 3712 si
2464 3658 2589 3728 quis
2616 3656 2918 3726 secundum
2942 3659 3203 3712 naturam

594 3733 722 3788 vult
757 3738 1017 3790 excutere
1054 3737 1197 3791 hanc
1233 3734 1508 3804 litteram,
1544 3734 1604 3789 id
1641 3737 1727 3789 est
1761 3754 1791 3788 z
1829 3734 2080 3792 inueniet
2114 3737 2396 3807 duplicem
2429 3755 2541 3794 non
2568 3755 2714 3807 esse,
2752 3736 2800 3791 si
2836 3737 3004 3792 modo
3041 3737 3199 3792 illam

594 3828 729 3867 aure
775 3813 1071 3871 sinceriore
1117 3816 1510 3887 explorauerit.
1589 3833 1722 3870 nam
1773 3819 1834 3871 et
1882 3816 2213 3887 simpliciter
2263 3817 2474 3887 scripta
2523 3818 2690 3872 aliter
2740 3833 2939 3871 sonare
2996 3819 3201 3886 potest,

595 3891 762 3946 aliter
796 3894 1096 3963 geminata.
1151 3896 1301 3966 quod
1337 3896 1565 3951 omnino
1601 3895 1816 3966 duplici
1851 3896 2074 3953 litterae
2101 3914 2215 3951 non
2242 3897 2473 3967 accidit,
2512 3915 2581 3952 ne
2619 3896 2950 3968 geminetur.
3009 3896 3202 3953 Scribe

594 3969 742 4026 enim
788 3990 890 4041 per
934 3995 1105 4031 unum
1152 3997 1181 4032 z
1227 3981 1286 4034 et
1330 3978 1555 4035 consule
1601 3994 1821 4046 aurem,
1869 3995 1982 4033 non
2029 3978 2138 4033 erit
2181 3971 2417 4048 ἅζηχας,
2468 3978 2748 4046 quomodo
2794 3972 3041 4048 ἄδηκας,
3099 3981 3197 4035 sed

592 4055 911 4124 geminatae
948 4058 1176 4112 eaedem
1213 4054 1452 4129 ἄζζηχης
1488 4058 1766 4128 quomodo
1805 4052 2075 4126 ἅδδηκης.
2131 4056 2207 4109 Et
2241 4056 2408 4125 plane
2437 4056 2485 4111 si
2522 4056 2660 4126 quid
2696 4059 3083 4127 superuenerit
3109 4077 3200 4115 me

591 4134 814 4190 dicente
848 4151 1044 4192 sonum
1079 4138 1245 4192 huius
1280 4138 1530 4208 litterae,
1576 4136 1830 4192 inueniet
1865 4138 2102 4192 eundem
2138 4139 2390 4192 tenorem
2428 4153 2538 4205 quo
2576 4138 2912 4206 coeperunt,
2968 4136 3028 4191 Si
3075 4137 3201 4206 quis

590 4234 633 4284 φ
673 4216 775 4269 aut
818 4216 846 4280 ξ
893 4216 1255 4271 nouissimum
1302 4218 1494 4272 audiet
1538 4236 1564 4272 s
1602 4235 1668 4272 ex
1713 4216 1993 4288 prioribus
2040 4216 2272 4285 litteris,
2310 4217 2456 4271 unde
2491 4218 2598 4272 hae
2635 4214 2887 4287 duplices
2921 4214 3201 4286 incipiunt

588 4311 785 4349 sonum
804 4295 1022 4350 nullum
1042 4314 1109 4352 ex
1126 4298 1297 4354 mutis
1317 4297 1633 4352 euelluntH
1650 4296 1845 4351 littera
1863 4297 1932 4351 R.
1963 4302 2277 4366 corruptam
2305 4297 2580 4351 lectionem
2599 4314 2666 4351 ex
2685 4297 2943 4366 principe
2963 4297 3199 4352 editione

577 4381 949 4445 propayatam
976 4380 1256 4433 emendare
1281 4380 1612 4433 studuerunt
1634 4375 1994 4430 Schneider-us
2029 4392 2253 4445 yramm.
2284 4377 2377 4430 lat.
2407 4392 2456 4430 v.
2488 4376 2531 4428 Ι
2551 4393 2614 4444 p.
2646 4381 2758 4430 378
2790 4381 2841 4428 et
2867 4374 3199 4430 Ribbeck-ius

585 4470 720 4510 mus.
757 4455 930 4511 Rhen.
967 4473 1018 4515 v.
1062 4457 1207 4510 XII
1242 4476 1291 4512 a.
1331 4461 1480 4512 1857
1510 4473 1570 4524 p.
1609 4460 1748 4525 421,
1786 4473 1854 4511 ex
1890 4472 2121 4524 quorum
2158 4457 2480 4511 coniecturis
2508 4472 2727 4526 paucas
2763 4456 3036 4524 adscripsi

588 4539 620 4586 9
659 4535 807 4604 quod
845 4535 994 4606 apud
1022 4535 1263 4593 Graecos
1290 4540 1376 4593 est
1405 4539 1467 4589 Ψ
1491 4537 1785 4590 Rctschius
1812 4553 1880 4591 ex
1908 4538 2219 4592 coniectura
2247 4537 2579 4593 Commelini.
2623 4536 2832 4590 retinui
2866 4538 2914 4588 Τ
2946 4553 2982 4589 α
3015 4553 3196 4605 yram-

583 4617 799 4671 maticis
834 4617 996 4687 vulqo
1032 4633 1154 4671 cum
1188 4635 1223 4671 x
1259 4622 1309 4671 et
1345 4636 1374 4670 z
1412 4618 1607 4671 litteris
1643 4618 2010 4686 compositum.
2074 4620 2134 4671 Ψ
2164 4619 2400 4692 litteram
2436 4621 2617 4671 autem
2653 4616 2722 4670 ab
2761 4617 3009 4684 antiquis
3036 4615 3197 4670 Lati-

583 4697 675 4748 nis
709 4697 1058 4765 repudiatam
1085 4712 1191 4751 esse
1227 4697 1342 4750 dici
1367 4713 1481 4751 non
1512 4701 1742 4765 poterat.
1891 4702 1953 4750 11
1994 4697 2266 4764 lacunam,
2295 4713 2406 4765 qua
2432 4697 2654 4751 verbum
2682 4697 2901 4762 aiteidit,
2929 4696 3194 4753 indicavi.

582 4773 813 4838 fortasse
846 4774 958 4829 nisi
991 4778 1291 4845 postquam
1328 4776 1626 4846 peregrina
1660 4775 1892 4830 nomina
1928 4776 2076 4830 hunc
2111 4794 2307 4831 sonum
2345 4776 2738 4846 praebuerunt.
2947 4776 3098 4845 quod
3147 4775 3195 4830 si

585 4852 674 4906 cui
712 4852 1187 4909 latinum'nomen
1225 4854 1445 4908 videtur
1482 4854 1723 4909 Mezenti
1761 4855 2095 4911 Ribbeckius
