3613 5528
1243 438 1591 494 EXEMPLA
1629 435 2161 493 ELOCVTIONVM
2877 434 3010 498 485

402 552 446 590 p.
475 543 557 581 240
583 540 636 582 L.

457 634 464 638 ’
582 626 900 688 includunt
954 625 1093 687 huic
1150 628 1265 707 rei,
1320 624 1489 703 Verg.
1538 625 1679 685 Aen.
1729 624 1778 684 ll
1838 624 1975 696 (19)
2032 621 2414 684 includunt
2468 640 2680 684 caeco
2737 621 2947 683 lateri
2997 670 3008 681 .

403 733 792 794 includuntur
839 735 898 793 in
945 733 1098 793 hanc
1136 751 1289 813 rem,
1337 731 1455 794 Cic.
1487 733 1559 793 de
1591 732 1781 813 suppl.
1813 736 1904 805 (in
1949 732 2118 792 Verr.
2163 730 2496 805 1'45,117)
2534 728 3011 790 includuntur

403 843 473 900 in
521 858 889 901 carcerem
936 840 1390 901 condemnati
1438 887 1451 900 .

583 946 646 1007 ln
693 949 1053 1028 praepositio
1102 949 1433 1008 communis
1479 947 1778 1009 interdum
1818 944 1973 1008 aliud
2014 946 2377 1027 significans,
2424 944 2723 1005 interdum
2762 943 3010 1005 licenter

350 1069 376 1109 5
406 1057 596 1135 posita
643 1057 945 1116 invenitur
993 1102 1005 1115 .
1054 1058 1113 1116 in
1161 1053 1258 1116 illa
1305 1074 1371 1116 re
1419 1054 1724 1135 conditur,
1769 1053 1940 1130 Verg.
1988 1071 2185 1131 georg.
2234 1051 2342 1111 1111
2391 1052 2586 1125 (473)

778 1180 984 1242 quam
1032 1161 1248 1223 multa
1296 1163 1364 1223 in
1415 1162 1612 1224 soliis
1659 1164 1887 1223 avium
1937 1180 2009 1221 se
2058 1160 2252 1221 milia
2298 1159 2641 1240 condunt,

405 1271 560 1330 idem
615 1269 756 1330 Aen.
805 1269 857 1330 ΙΙ
906 1270 1093 1343 (401)
1142 1276 1211 1330 et
1273 1278 1438 1331 nota
1504 1270 1916 1331 conduntur
1980 1271 2049 1330 in
2117 1266 2268 1326 alvo
2316 1315 2330 1327 .
2378 1270 2439 1328 in
2494 1266 2661 1327 illum
2711 1252 3013 1347 conditur,

403 1376 573 1456 Verg.
621 1377 763 1438 Aen.
812 1377 890 1438 XI
938 1367 1123 1451 (187)

793 1483 1142 1545 conditur
1186 1486 1255 1545 ln
1301 1483 1640 1546 tenebras
1685 1483 1909 1545 altum
1958 1483 2267 1561 caligine
2316 1482 2613 1564 caelum,

327 1606 378 1646 ιο
405 1592 559 1653 idem
616 1610 814 1670 georg.
865 1591 887 1651 l
934 1592 1122 1665 (438)
1178 1600 1247 1653 et
1301 1610 1455 1653 cum
1513 1610 1586 1653 se
1643 1591 1890 1652 condit
1942 1592 2012 1651 in
2068 1590 2293 1651 undas
2350 1598 2410 1650 et
2453 1591 2514 1650 in
2563 1588 2772 1649 eodem
2820 1588 3012 1661 (442)

406 1699 739 1760 conditus
783 1702 851 1759 in
901 1697 1154 1761 nubem
1202 1747 1216 1760 .
1262 1701 1324 1760 in
1369 1698 1468 1760 illa
1514 1718 1579 1760 re
1626 1698 1913 1779 concidit,
1958 1696 2127 1776 Verg.
2176 1698 2318 1757 Aen.
2365 1695 2412 1752 V
2459 1696 2645 1769 (333)

1735 1806 1860 1866 sed
1907 1823 2179 1885 pronus
2225 1806 2294 1866 in
2341 1805 2497 1883 ipso

687 1913 1006 1975 concidit
1051 1914 1554 1994 immundoque
1604 1912 1720 1992 [in]
1771 1914 1939 1974 simo
1987 1929 2340 1991 sacroque
2388 1929 2650 1972 cruore
2698 1958 2710 1971 .

283 2025 294 2038 '
407 2022 467 2081 in
514 2019 608 2081 his
655 2021 909 2101 effusus,
956 2019 1128 2098 Verg.
1175 2019 1318 2081 Aen.
1365 2019 1438 2079 Vl
1487 2020 1673 2094 (339)
2092 2095 2106 2108 ο

326 2141 377 2181 15
855 2127 1229 2189 exciderat
1272 2129 1496 2207 puppi
1543 2126 1796 2188 mediis
1844 2126 2131 2186 effusus
2178 2128 2248 2186 in
2296 2126 2507 2188 undis
2553 2147 2569 2187 ε

405 2234 811 2312 diligentiores
877 2235 1114 2315 quidam
1178 2237 1546 2314 grammatici
1610 2235 1723 2296 hoc
1787 2236 1870 2294 ita
1935 2233 2115 2294 dividi
2183 2232 2413 2316 volunt,
2487 2251 2622 2294 cum
2686 2234 2746 2293 in
2803 2232 3013 2293 mediis

408 2340 580 2402 undis
628 2351 814 2424 esset,
860 2345 1046 2422 puppi
1092 2344 1319 2404 effusus
1366 2342 1690 2423 exciderat,
1738 2341 1910 2421 quale
1958 2350 2050 2402 est
2096 2341 2239 2401 illud
2277 2340 2611 2403 Tullianum
2650 2358 2759 2420 pro
2798 2339 3013 2400 Roscio

406 2450 489 2525 (p.
546 2450 724 2511 Rosc.
782 2451 981 2510 Amer.
1038 2450 1270 2528 32,91),
1329 2451 1478 2530 qui,
1542 2458 1874 2528 tanquam
1932 2450 1991 2509 si
2046 2449 2280 2509 offusa
2340 2450 2511 2527 reip.
2570 2450 3013 2527 sempiterna

404 2574 539 2617 nox
594 2565 815 2638 esset,
869 2560 967 2618 ita
1024 2555 1333 2618 ruebant
1386 2559 1456 2617 in
1515 2554 1841 2632 tenebris
1896 2557 2279 2635 omniaque
2334 2553 2873 2636 miscebant„id
2924 2563 3015 2615 est

324 2678 378 2716 2⁰
405 2682 522 2724 non
570 2665 630 2724 in
690 2637 967 2725 tenebras
1023 2665 1095 2725 de
1153 2664 1371 2726 illustri
1425 2663 1621 2743 aliquo
1677 2662 1806 2724 loco
1863 2662 2143 2743 ruebant,
2209 2661 2312 2722 sed
2376 2661 2558 2722 veluti
2623 2662 2683 2721 in
2749 2659 3014 2722 tenebris

405 2781 901 2835 conversarentur
945 2771 1199 2834 ruebant
1252 2773 1466 2853 offusa,
1522 2773 1741 2851 quippe
1798 2771 2170 2852 circundata,
2226 2779 2399 2831 nocte
2457 2771 2602 2849 reip.
2696 2768 2799 2829 sed
2858 2769 3012 2829 banc

406 2897 639 2939 omnem
697 2887 905 2940 acutae
961 2882 1206 2941 rationis
1254 2880 1694 2941 distinctionem
1743 2878 2000 2955 elocutio
2048 2877 2378 2939 Salustiana
2425 2874 2735 2937 confundit
2780 2878 2841 2935 in
2892 2874 3011 2953 lug.

405 2984 559 3046 bello
591 2986 788 3061 (61,1)
827 2986 908 3048 ab
938 2986 1138 3047 Zama
1177 2985 1489 3047 discedit
1525 2988 1595 3046 in
1633 2986 1744 3046 his
1782 2984 2085 3047 urbibus
2123 3000 2299 3065 quae
2338 2984 2417 3045 ad
2457 3002 2528 3043 se
2568 2980 3011 3044 defecerant.

401 3095 466 3153 in
513 3092 610 3154 illa
656 3112 721 3154 re
769 3096 1013 3155 veniens
1058 3112 1167 3174 pro
1213 3093 1298 3155 illi
1345 3095 1432 3154 rei
1479 3094 1836 3172 proveniens
1882 3091 1972 3152 vel
2018 3095 2078 3154 in
2127 3092 2221 3152 illa
2270 3109 2334 3152 re
2382 3090 2558 3169 digne
2607 3109 2711 3151 seu
2760 3089 3013 3151 feliciter

324 3213 378 3254 25
406 3219 684 3282 nascenS,
730 3200 899 3279 Verg.
947 3202 1090 3262 Aen.
1137 3201 1183 3259 V
1231 3203 1421 3275 (344)

760 3310 1035 3387 gratior
1081 3317 1151 3369 et
1194 3307 1498 3388 pulchro
1544 3309 1846 3367 veniens
1891 3308 1960 3367 in
2010 3323 2314 3386 corpore
2360 3308 2622 3368 virtus:

408 3416 494 3474 sic
539 3432 649 3494 per
695 3414 1037 3476 adverbium
1086 3414 1199 3477 loci
1246 3434 1447 3493 georg.
1495 3413 1518 3473 1
1568 3415 1714 3487 (54)

887 3523 1002 3583 hic
1051 3532 1361 3604 segeteS,
1408 3522 1564 3583 illic
1613 3523 1911 3582 veniunt
1958 3520 2252 3582 felicius
2299 3539 2499 3583 uvae:

407 3630 493 3688 sic
542 3628 653 3689 Sal.
695 3628 846 3699 bello
885 3629 1050 3690 Catil.
1091 3631 1249 3704 (8,3)
1297 3628 1417 3690 sed
1467 3630 1629 3708 quia
1675 3645 2078 3708 provenere
2128 3625 2227 3687 ibi
2276 3631 2716 3708 scriptorum
2766 3645 3014 3703 magna

327 3736 695 3814 wingenia
741 3783 755 3796 .

583 3842 870 3904 Immunis
933 3842 1092 3905 illius
1148 3845 1262 3924 rei,
1341 3843 1516 3918 Very.
1573 3843 1714 3903 Aen.
1770 3840 1879 3901 XII
1935 3842 2121 3915 (559)
2187 3844 2493 3903 immune
2560 3839 2732 3901 belli
2801 3850 3015 3921 atque

407 3950 693 4030 impune
741 3952 1059 4030 quietum
1109 3998 1121 4011 .
1164 3953 1173 4026 Ι

1627 4095 1714 4125 con

586 4140 767 4196 Codex
808 4139 1107 4195 Parrhasii
1176 4146 1209 4194 3
1249 4137 1626 4207 condemnati]
1682 4136 1937 4191 damnati
2081 4143 2110 4190 7
2150 4136 2299 4192 idem
2337 4154 2439 4191 om.
2588 4144 2654 4193 10
2691 4136 2751 4191 in
2787 4138 3011 4208 eodem]

409 4217 556 4274 idem
738 4227 804 4275 18
851 4220 1051 4292 offusa]
1109 4219 1288 4275 effusa
1454 4223 1519 4273 21
1562 4217 1742 4272 offusa
1776 4216 1986 4287 quippe
2022 4217 2230 4287 quippe
2268 4217 2557 4272 circundat
2592 4217 2649 4271 in
2688 4221 2878 4287 nocte,
2923 4219 3017 4273 scd

409 4299 575 4354 deleto
601 4298 810 4369 quippe
829 4303 1131 4370 posta-iore
1157 4300 1271 4354 loco
1405 4303 1474 4352 23
1503 4297 1731 4352 orbibus
1760 4313 1899 4352 corr.
1928 4297 2156 4352 urbibus
2301 4304 2370 4354 26
2398 4297 2478 4367 et]
2511 4314 2568 4352 es
2712 4303 2780 4351 29
2810 4314 3017 4367 magna

410 4378 492 4432 bis
525 4381 813 4449 scriptum,
849 4380 943 4436 sed
972 4381 1269 4450 posteriore
1305 4379 1420 4434 loco
1455 4379 1683 4433 deletum
1718 4382 1797 4432 est
1938 4382 2003 4432 31
2044 4377 2211 4448 Verg.
2249 4393 2349 4433 om.

587 4527 653 4577 10
690 4522 905 4594 condit]
953 4523 1158 4578 condet
1218 4521 1494 4592 Verqaius
1672 4527 1738 4576 13
1774 4520 2064 4576 immundo
2108 4519 2169 4574 in
2214 4520 2344 4574 fimo
2391 4535 2460 4575 ex
2507 4518 2559 4573 G
2596 4520 2769 4575 edidit
2806 4519 3015 4575 Linde-

405 4618 645 4657 mannue
816 4607 880 4656 18
918 4603 967 4658 si
1004 4603 1203 4658 adfusa
1247 4619 1314 4658 ατ
1350 4603 1530 4657 codiee
1565 4602 1844 4657 Ammiani
1882 4601 2119 4671 protulit
2158 4599 2503 4655 Garatonii&
2537 4601 2692 4670 apud
2728 4600 3017 4656 Halmium

406 4681 472 4735 in
509 4680 620 4739 Cic.
657 4682 695 4741 l.
732 4698 774 4737 c.
938 4688 1007 4737 23
1046 4682 1119 4738 ab
1164 4684 1336 4738 Zama
1379 4681 1619 4738 discedit.
1663 4684 1721 4736 et
1763 4681 1821 4736 in
1870 4680 1951 4736 eis
1996 4678 2253 4750 urbibuS,
2308 4697 2453 4751 quae
2491 4679 2564 4735 ad
2602 4698 2661 4736 se
2698 4680 3019 4736 defecerant

407 4759 655 4831 natisque
691 4761 941 4816 munitae
977 4763 1102 4819 loco
1139 4764 1240 4818 aut
1265 4762 1556 4819 moenibus
1584 4765 1768 4827 erant,
1806 4760 2087 4831 praesidia.
2112 4759 2354 4830 imponit,
2380 4760 2708 4815 Sallustius.-
2745 4763 2814 4830 cf.
2843 4779 3017 4833 supra

400 4857 461 4911 p.
488 4846 702 4913 46⁶‚20
827 4849 897 4898 26
925 4844 1141 4913 gratior
1167 4845 1225 4898 et
1251 4843 1487 4913 pulchro
1526 4843 1801 4913 Veryilius
1926 4846 1995 4897 28
2021 4840 2167 4912 illic]
2198 4840 2286 4895 illi
2313 4842 2365 4896 G
2489 4846 2557 4895 31
2588 4840 2795 4912 aspicit.
2821 4841 3014 4897 urbem

407 4922 720 4978 Immunem
756 4923 905 4979 tanti
940 4922 1078 4978 belli
1113 4926 1285 4992 atque
1322 4923 1550 4994 impune
1588 4924 1839 4993 quietam
1886 4922 2161 4993 Veryiliuc
