3613 5528
583 419 712 482 262
1767 418 2007 473 BEDAE

583 532 626 569 p.
654 519 773 560 2775.
803 521 853 559 76
883 519 933 557 P.

587 605 688 680 48,
737 596 858 685 20)
906 598 1181 683 ‘posuit
1227 601 1557 682 Ephraim
1606 600 2218 665 ante·Manassen’
2267 616 2327 666 et
2372 597 2529 687 (Ioh.
2570 607 2631 684 1,
2672 600 2780 689 15)
2829 602 2980 687 ‘qui
3029 613 3197 686 post

585 731 688 772 me
737 713 936 772 venit
981 717 1145 770 ante
1193 727 1294 769 me
1343 710 1579 771 factus
1625 706 1786 793 est'‚
1834 712 1895 773 id
1941 717 2033 772 est
2080 710 2221 772 mihi
2268 710 2582 791 praelatus,

764 818 910 880 Aula
955 817 1133 878 latine
1182 817 1392 878 domus
1432 819 1592 896 rogia
1632 827 1749 900 est,
1796 817 1928 878 aule
1974 835 2189 897 graece
2227 820 2443 880 atrium
2482 818 2718 880 dicitur.
2794 818 2950 879 unde
2989 828 3193 880 notan·
3284 833 3308 856 ⁰

585 926 726 987 dum
773 924 928 1005 quod
976 927 1036 985 in
1083 922 1307 1004 psalmo
1355 916 1484 1005 (28,
1529 918 1629 1006 2),
1686 923 1787 985 ubi
1849 924 2098 1003 legimus
2145 919 2469 986 ‘adorate
2517 925 2875 987 dominum
2923 928 2992 987 in
3040 925 3197 986 aula

588 1042 830 1094 sancta
887 1026 1100 1112 eius’5
1151 1048 1270 1090 non
1324 1030 1604 1110 palatium
1661 1031 1829 1092 aulae
1886 1032 2151 1112 nomine,
2210 1031 2313 1092 sed
2369 1034 2587 1094 atrium
2642 1039 2856 1112 graeco
2915 1031 3197 1094 vocabulo
3226 1051 3253 1089 ε»

589 1139 766 1201 debet
810 1138 1088 1216 intellegi.
2338 1137 2349 1143 ’

766 1245 1051 1307 Ausculto
1106 1246 1336 1306 suasori
1391 1253 1452 1306 et
1508 1245 1778 1307 ausculto
1834 1254 2150 1327 praecepta
2206 1249 2489 1328 magistri.
2579 1247 2847 1309 ausculto
2895 1255 3092 1309 autem
3139 1256 3201 1309 et

590 1355 764 1417 audio
807 1349 817 1437 Ι
858 1372 930 1414 ex
985 1371 1106 1413 uno
1163 1370 1375 1431 graeco
1434 1350 1765 1430 [sermone]
1824 1359 2171 1435 vertuntur,
2218 1355 2376 1434 quod
2422 1362 2515 1415 εει
2561 1346 2807 1417 ἀκούω.
2882 1355 3198 1434 [nectum

595 1461 867 1536 similiter
914 1468 975 1521 et
1021 1477 1160 1520 cera
1203 1457 1425 1538 liquida
1472 1457 1776 1537 pretiosa]

768 1570 915 1628 Arra
960 1565 1141 1627 latine
1179 1565 1415 1646 dicitur,
1462 1565 1712 1626 arrabon
1761 1585 1973 1646 graece
2024 1558 2418 1650 [ἀρραβών]
2485 1585 2635 1646 agon
2676 1586 2887 1647 graece
2937 1559 3202 1651 [ἀγών],
3235 1586 3287 1625 10

593 1675 772 1736 latine
820 1681 1138 1735 certamen.
1213 1691 1390 1734 arura
1435 1691 1645 1753 graece
1696 1664 2012 1756 [ἄρουρα]
2022 1721 2042 1754 ,
2096 1672 2277 1735 latine
2329 1692 2553 1736 arvum.
2629 1673 2927 1754 asphaltes
2972 1695 3202 1758 graece,

594 1783 773 1844 latine
821 1767 1107 1843 bitumen.

773 1889 925 1949 Acer
964 1888 1319 1969 acerrimuS‚
1365 1906 1481 1948 non
1520 1890 1928 1970 acerissimuS,
1975 1888 2142 1968 agilis
2188 1888 2508 1970 agillimus,
2556 1907 2673 1950 uon
2711 1888 3095 1972 agilissimuS‚
3144 1900 3207 1952 et

597 2000 654 2058 iu
703 1994 996 2057 adverbiis
1043 1996 1330 2056 acerrime
1379 2001 1439 2056 et
1485 1995 1756 2074 agillime.

770 2102 973 2164 Audeo
1019 2100 1202 2163 audes
1247 2101 1580 2181 perfectum
1628 2103 1768 2161 lacit
1815 2120 1996 2164 ausus
2042 2119 2192 2162 sum.
3236 2121 3291 2160 ιε»

771 2209 997 2271 Adiuro
1043 2209 1344 2288 perlectae
1393 2209 1615 2270 formae
1662 2216 1783 2289 est,
1830 2209 2032 2270 adiuto
2080 2210 2564 2288 frequentativae.

771 2320 996 2379 Acervo
1043 2333 1258 2396 aggero
1306 2288 1545 2377 cumulo
1592 2334 1665 2376 ex
1689 2334 1832 2376 -uno
1879 2333 2093 2396 graeco
2138 2314 2322 2376 verbo
2369 2309 2663 2399 σωρεύω.

772 2426 963 2504 Aeger
1010 2424 1231 2504 animo,
1283 2429 1562 2502 aegrotus
1609 2441 1888 2503 corpore,
1946 2430 2270 2502 utrumque
2326 2441 2435 2502 per
2482 2442 2549 2484 ae
2597 2424 3002 2505 diphthongon
3057 2429 3207 2489 scri-

597 2532 874 2593 bendum.

773 2637 995 2698 Aboleo
1041 2637 1296 2718 abolevi,
1342 2654 1516 2697 arceo
1564 2638 1745 2697 arcui.
3237 2655 3292 2694 20

774 2743 926 2806 Alibi
973 2744 1086 2806 alio
1131 2744 1292 2827 loco,
1338 2743 1479 2806 alias
1526 2742 1644 2804 alio
1691 2750 1960 2823 tempore
2009 2744 2315 2824 significat.
2390 2753 2646 2808 attamen
2695 2748 3030 2810 invenimus
3069 2747 3210 2809 alias

601 2874 718 2917 non
768 2871 1090 2933 numquam
1135 2871 1246 2933 pro
1293 2851 1466 2912 aliter
1510 2852 1633 2911 sive
1681 2868 1789 2930 pro
1838 2850 1950 2910 alio
1996 2850 2128 2912 loco
2174 2853 2453 2931 positum.

774 2959 1058 3021 Abstineo
1095 2978 1190 3020 me
1228 2958 1382 3039 cibo,
1426 2957 1654 3019 alienus
1691 2975 1826 3018 sum
1871 2959 2168 3021 crimine..
2214 2954 2569 3021 ‘anteibat
2617 2962 2975 3041 sapientia
3014 2963 3210 3023 Salo·

602 3088 756 3129 mon
814 3069 1101 3130 cunctis
1161 3059 1620 3127 mortalibus'
1679 3063 1942 3126 lulianus
1996 3066 2094 3126 ait.
2168 3064 2454 3127 admoneo
2511 3068 2959 3129 interfectorem
3014 3069 3212 3131 caedis

600 3185 661 3237 et
708 3175 966 3237 caedem.
3236 3192 3292 3231 25

781 3281 1055 3361 Aequalis
1101 3279 1345 3341 alterius
1392 3286 1654 3340 staturae
1699 3297 1808 3358 par
1855 3288 1973 3359 est,
2017 3278 2323 3359 aequabile
2371 3280 2529 3360 quod
2576 3284 2818 3361 aequari
2862 3291 3078 3362 potest.

779 3391 1078 3468 Appetens
1126 3386 1323 3448 cibum
1372 3395 1432 3447 et
1477 3395 1763 3466 appetens
1809 3386 1953 3448 cibi:
2006 3385 2354 3449 Ambrosius
2401 3382 2698 3449 ‘cancer
2743 3397 2820 3449 ut
2865 3397 3215 3469 appetens

603 3495 744 3558 cibi
793 3499 889 3556 ita
935 3495 1397 3576 prospiciens
1443 3502 1552 3555 est
1597 3488 1962 3575 periculi'.

782 3604 1011 3663 Accuso
1041 3601 1394 3680 sacrilegum
1427 3609 1487 3662 et
1525 3601 1801 3662 insimulo
1831 3620 1903 3662 ex
1942 3620 2061 3662 uno
2100 3620 2313 3681 graeco
2343 3604 2505 3664 venit
2539 3601 2907 3686 κατηγορῶ,
2955 3606 3214 3667 animad-

604 3718 771 3770 verto
817 3710 880 3769 in
927 3717 987 3769 te
1034 3717 1096 3769 et
1141 3708 1371 3770 vindico
1418 3711 1480 3769 in
1527 3716 1586 3769 te
1634 3726 1706 3768 ex
1753 3726 1873 3769 uno
1920 3726 2133 3788 graeco
2178 3701 2452 3784 κολάζω.
3245 3726 3301 3766 ao

782 3816 897 3876 Aes
940 3815 1223 3894 singulari
1272 3824 1498 3878 tantum
1539 3834 1787 3877 numero
1825 3815 2069 3897 gaudet,
2115 3824 2176 3878 et
2213 3819 2478 3896 quamvis
2516 3836 2653 3879 aera
2691 3818 2974 3902 dicamus,
3020 3827 3218 3882 tamen

608 3925 825 3985 ceteris
855 3921 1092 3984 casibus
1121 3941 1239 3984 non
1271 3925 1512 3985 utimur.
1569 3933 1891 3986 autumnus
1919 3942 2137 4004 genere
2166 3925 2494 3986 masculino
2524 3934 2585 3987 et
2619 3935 2970 3988 autumnum
2999 3927 3219 3989 dicitur

787 4100 819 4149 2
858 4095 989 4149 ante
1025 4094 1208 4149 faetus
1245 4095 1333 4150 εει
1369 4094 1425 4148 P
1541 4102 1573 4149 3
1611 4094 1739 4150 aule
1776 4111 1977 4166 graece
2014 4095 2218 4149 atrium
2257 4094 2464 4150 dicitur
2504 4094 2578 4150 M
2611 4094 2745 4152 aula.
2778 4115 2979 4168 graece
3016 4098 3222 4154 dicitur

609 4173 818 4230 atrium
857 4174 913 4227 P
946 4190 1144 4244 graece
1183 4174 1388 4229 atrium
1426 4174 1479 4227 L
1622 4180 1655 4228 4
1692 4174 1750 4229 in
1787 4175 1939 4245 aula]
1978 4175 2037 4229 in
2073 4175 2220 4231 atria
2257 4175 2316 4229 P
2455 4180 2488 4229 8
2525 4192 2779 4232 sermone
2815 4184 2867 4233 et
2903 4181 2990 4235 est
3025 4195 3127 4235 om.
3168 4181 3226 4234 P

715 4258 940 4310 acetum
976 4286 1046 4297 -
1084 4261 1116 4308 9
1154 4254 1400 4323 pretiosa
1436 4271 1536 4311 om.
1571 4256 1728 4323 ML,
1765 4257 1894 4311 add.
1927 4256 1994 4312 P.
2032 4257 2225 4311 relicta
2260 4273 2368 4311 esse
2401 4257 2661 4313 videntur
2694 4258 2859 4313 verba
2894 4275 2963 4313 ex
2990 4259 3220 4314 adnota-

610 4336 757 4390 tione
802 4335 868 4389 de
915 4335 1133 4403 duplice
1177 4336 1578 4404 siynifieatione
1621 4348 1669 4390 v.
1716 4339 1941 4392 acetum
2100 4342 2165 4392 10
2208 4331 2494 4409 ἀρραβών,
2534 4339 2663 4392 item
2706 4331 2863 4407 ἀγών
2907 4342 2959 4392 et
3003 4333 3224 4406 ἄροὺρα

610 4432 713 4471 om.
750 4415 804 4470 L
950 4420 1011 4468 11
1054 4430 1221 4469 arura.
1257 4414 1308 4468 L
1344 4432 1507 4470 amre
1546 4416 1604 4470 P
1637 4416 1786 4471 Rura
1826 4416 1901 4470 M
2040 4414 2327 4485 asphaltes
2361 4417 2416 4470 L
2449 4418 2695 4488 aspaltos
2734 4416 2873 4470 MP
3009 4423 3076 4472 13
3111 4434 3225 4472 non

614 4497 996 4553 acen-issimus
1028 4495 1103 4548 M
1112 4494 1168 4547 P
1189 4510 1299 4548 non
1327 4495 1646 4550 aei-issimus
1674 4496 1727 4549 L
1825 4495 1991 4565 agilis
2019 4496 2305 4566 agillimus
2334 4513 2443 4553 non
2473 4496 2836 4567 agillissimus
2864 4494 2928 4565 P,
2957 4510 3058 4551 om.
3091 4496 3167 4551 Μ
3172 4497 3227 4551 L

722 4584 790 4633 14
827 4573 1103 4646 agillime]
1144 4572 1408 4642 agellime
1444 4574 1502 4628 P
1639 4583 1705 4630 15
1742 4575 1940 4630 Audeo
1973 4606 2040 4616 -
2079 4591 2248 4629 ausus
2286 4593 2409 4630 sum
2445 4592 2545 4631 om.
2591 4577 2668 4630 M
2809 4582 2876 4631 16
2914 4578 3001 4631 est
3035 4589 3137 4631 om.
3172 4575 3231 4629 P

724 4663 789 4712 17
843 4672 910 4710 ex
960 4671 1070 4709 uno
1122 4670 1323 4724 graeco
1375 4654 1548 4709 uerbo
1598 4655 1674 4708 M
1716 4671 1783 4709 ex
1834 4672 1944 4710 uno
1994 4658 2126 4711 sunt:
2169 4673 2372 4726 graeco
2419 4656 2592 4712 uerbo
2642 4656 2699 4710 P
2733 4664 2810 4710 'ex
2855 4671 2967 4711 uuo
3021 4671 3226 4726 graeco

616 4736 849 4791 ueniunt
883 4735 936 4789 L
1078 4743 1147 4791 23
1184 4752 1274 4791 me
1312 4752 1348 4790 a.
1382 4735 1508 4791 cibo
1549 4736 1624 4789 M
1747 4752 1870 4789 sum
1908 4752 1946 4790 a.
1979 4735 2212 4791 erimine
2251 4734 2306 4789 P
2423 4734 2758 4805 sapientiam
2798 4735 2857 4789 P
2989 4742 3058 4791 26
3094 4737 3225 4808 par]

617 4832 746 4885 pars
786 4814 845 4868 P
996 4816 1147 4884 quod
1183 4818 1269 4870 est
1303 4813 1534 4885 aequari
1568 4816 1756 4885 potest
1789 4814 1848 4868 P
2007 4822 2075 4871 29
2112 4816 2399 4872 instimulo
2436 4815 2490 4870 L
2652 4812 2997 4878 ΚὸΤΕΤΟΡὸ
3032 4817 3085 4870 L

619 4902 685 4950 31
726 4895 858 4965 Aes]
898 4911 995 4949 aer
1035 4896 1108 4949 M
1115 4895 1250 4950 PL:
1288 4897 1359 4964 cf.
1399 4894 1611 4952 Charis.
1646 4913 1709 4967 1²·
1748 4900 1846 4965 34,
1883 4901 1964 4954 20
2133 4912 2364 4952 numero
2401 4897 2622 4951 tantum
2662 4894 2739 4951 M
2903 4894 3141 4950 dicimus
3178 4895 3236 4950 P
