3613 5528
1394 462 1974 520 ORTHOGRAPHIA
2855 465 2986 530 309

378 581 422 618 p.
449 571 569 611 ssa
597 568 651 608 45
676 569 727 609 P.

380 654 521 716 dum
559 654 596 714 d
643 652 839 714 littera
885 653 1237 731 geminatur,
1284 652 1518 730 quoties
1556 649 1628 711 ab
1669 668 1737 711 ea
1775 668 2033 729 sequens
2071 652 2282 730 incipit
2323 649 2541 730 syllaba
2579 660 2640 712 et
2685 669 2802 711 una
2849 670 2988 731 pars

380 753 662 813 orationis
697 749 988 831 expletur,
1035 756 1102 810 ut
1139 748 1390 809 reddere
1427 747 1680 810 dicimus
1717 749 2012 827 geminata
2048 748 2114 830 d,
2152 749 2442 811 reducere
2480 757 2678 810 autem
2717 749 2994 829 simplici.

377 869 443 911 re
493 850 850 930 praepositio
888 865 1094 928 saepe,
1140 865 1278 907 cum
1316 846 1388 906 ad
1427 851 1825 907 consonantes
1864 845 2118 927 accedit,
2164 848 2422 926 geminat
2459 845 2616 927 illas,
2662 845 2818 926 quod
2866 846 2987 927 ple·

379 965 630 1026 rumque
668 945 825 1026 apud
861 947 1137 1025 antiquos
1184 931 1307 1025 est,
1350 951 1418 1004 ut
1454 943 1600 1004 cado
1639 944 1903 1024 reccido,
1950 943 2057 1005 tuli
2104 945 2338 1026 rettuli,
2382 944 2536 1025 pello
2583 944 2864 1026 reppello,
2910 945 2986 1005 do

323 1057 351 1097 5
381 1045 588 1120 reddo,
633 1043 766 1124 lego
811 1044 1051 1123 rellego.
1125 1041 1177 1103 R
1223 1050 1511 1121 sequente
1557 1061 1590 1103 a
1628 1042 1719 1103 vel
1766 1060 1806 1102 ιι
1852 1040 2084 1102 vocales
2132 1060 2249 1103 non
2296 1045 2653 1124 aspirantur,
2699 1051 2766 1104 ut
2811 1062 2989 1104 arcus

378 1145 568 1204 urtica
616 1160 792 1223 urna,
852 1142 1070 1203 notatis
1126 1140 1267 1201 hara
1321 1139 1541 1201 harena
1596 1139 1884 1202 harundo.
1990 1158 2022 1201 r
2076 1149 2365 1219 sequente
2423 1159 2455 1200 e
2511 1139 2726 1201 vocalis
2782 1141 2990 1201 leviter

378 1241 640 1315 effertur,
688 1247 755 1301 ut
800 1257 941 1300 erus
988 1241 1126 1320 erit3
1181 1241 1232 1299 si
1277 1246 1414 1318 post
1449 1257 1480 1299 r
1527 1246 1814 1317 sequatur
1857 1238 1897 1299 b
1943 1238 2037 1299 vel
2083 1257 2121 1299 n
2168 1237 2260 1299 vel
2307 1258 2336 1299 s
2382 1238 2475 1299 vel
2521 1257 2554 1299 e
2598 1237 2800 1320 longa,
2847 1247 2990 1300 tunc

376 1340 633 1418 graviter
677 1339 1004 1419 profertur,
1049 1345 1117 1399 ut
1162 1335 1345 1397 herba
1392 1336 1676 1398 herbidus
1721 1334 1968 1396 herbilis
2014 1335 2335 1418 herbosuS,
2382 1337 2692 1417 proprium
2737 1335 2989 1417 Hernae,

376 1435 533 1497 unde
581 1447 674 1498 est
720 1428 941 1519 (Vera.
979 1437 1126 1496 Aen.
1170 1434 1295 1494 VII
1329 1427 1491 1517 684)
1540 1430 1883 1495 ‘Hernica
1931 1451 2094 1494 saxa
2141 1429 2442 1516 colunt',
2490 1433 2769 1515 Hersilia,
2813 1433 2991 1494 heres

298 1548 348 1587 ιο
378 1533 717 1616 heredium,
774 1533 1114 1595 Herennius
1171 1534 1479 1614 proprium
1528 1540 1588 1594 et
1635 1531 1938 1593 Hercules
2023 1551 2054 1592 r
2101 1541 2388 1611 sequente
2436 1535 2455 1592 i
2513 1531 2699 1593 vocali
2754 1550 2991 1612 semper

368 1635 689 1714 aspiratur,
727 1641 793 1694 ut
838 1632 1044 1693 hircus
1090 1630 1468 1710 hirquitallus
1505 1630 1814 1710 Hirpinus
1838 1629 2107 1691 hirsutus
2153 1629 2349 1692 hirtus
2400 1629 2728 1691 Hirtuleius
2775 1629 2991 1691 Hirrus

376 1733 712 1812 proprium3
770 1732 882 1791 nisi
930 1740 1032 1791 aut
1079 1727 1543 1808 monosyllabum
1590 1731 1695 1810 sit,
1743 1737 1809 1789 ut
1854 1730 1926 1809 ir,
1972 1738 2075 1789 aut
2122 1747 2192 1789 ex
2242 1737 2406 1789 motu
2452 1727 2647 1810 verbi,
2693 1737 2761 1789 ut
2822 1746 2892 1788 eo
2939 1729 2991 1788 is

380 1832 530 1890 irem
578 1831 729 1911 ires,
776 1828 889 1889 Iris
936 1828 995 1889 id
1043 1835 1137 1890 est
1180 1845 1383 1909 arcus;
1436 1837 1538 1889 aut
1583 1829 1699 1888 nisi
1743 1845 1775 1887 a
1822 1833 1959 1906 post
1998 1822 2007 1908 Ι
2050 1844 2080 1886 ι·
2118 1836 2429 1905 sequatur:
2475 1836 2619 1888 tunc
2666 1827 2824 1886 enim
2872 1843 2990 1886 non

378 1929 692 2009 aspiratur,
738 1935 805 1988 ut
840 1929 927 1988 ira
966 1928 1154 1987 iratus
1190 1925 1514 1987 iracundus
1552 1927 1779 1988 irascor
1817 1936 1877 1988 et
1914 1923 2198 2005 quicquid
2238 1924 2310 1985 ab
2349 1927 2436 1985 eis
2473 1926 2557 1986 fit.
2631 1943 2662 1985 r
2701 1931 2990 2003 sequente

304 2037 353 2078 1⁵
382 2045 416 2086 o
456 2025 640 2087 vocali
680 2044 797 2086 non
837 2026 1150 2106 aspiratur,
1188 2032 1255 2086 ut
1293 2023 1506 2106 orbus3
1545 2026 1596 2086 si
1633 2042 1774 2084 vero
1815 2022 1923 2084 alia
1962 2042 1993 2084 r
2031 2030 2317 2102 sequatur
2354 2031 2457 2085 aut
2493 2031 2543 2105 t,
2588 2032 2732 2084 tunc
2771 2024 2989 2101 aspira·

379 2133 493 2200 tur,
556 2133 624 2185 ut
677 2123 895 2184 horreo
955 2120 1261 2200 [horreor]
1319 2121 1562 2204 horror,
1618 2121 1931 2201 horreum,
1986 2120 2197 2182 hortus
2254 2119 2549 2202 holerum,
2614 2119 2990 2181 Hortentius:

377 2232 619 2285 notatur
674 2221 984 2283 hordeum.
1075 2220 1161 2281 Re
1220 2221 1581 2300 praepositio
1627 2219 1663 2281 d
1713 2220 1970 2281 litteram
2019 2220 2393 2281 extrinsecus
2439 2221 2678 2300 accipit,
2733 2237 2871 2280 cum
2918 2217 2990 2278 ad

383 2319 639 2382 vocalem
692 2322 1077 2399 incipientem
1123 2319 1291 2381 verbi
1346 2318 1596 2380 alicuius
1643 2316 1898 2398 accedit3
1955 2335 2131 2397 quam
2179 2316 2217 2378 d
2262 2336 2382 2386 non
2431 2319 2671 2399 accipit,
2726 2320 2778 2379 si
2822 2316 2892 2377 ad
2951 2335 2991 2378 ιι

379 2427 801 2479 consonantem
864 2418 1131 2500 accedat,
1192 2425 1261 2479 ut
1324 2416 1524 2478 ulcero
1584 2409 1925 2497 redulcero,
1984 2434 2093 2495 ago
2154 2415 2393 2499 redigo,
2452 2436 2523 2477 eo
2578 2417 2787 2499 redeo,
2845 2435 2991 2478 voco

308 2525 361 2565 ²⁰
387 2535 630 2597 revoco,
676 2518 847 2577 vinco
893 2518 1152 2579 revinco.

561 2614 663 2675 Sol
723 2616 785 2675 in
832 2624 1088 2693 utroque
1135 2632 1386 2676 numero
1433 2613 1780 2677 declinatur.
1857 2613 1959 2674 sed
2011 2613 2390 2692 singulariter
2436 2614 2524 2674 sol
2579 2616 2774 2694 ipsum
2822 2613 2991 2675 lumi-

378 2732 520 2776 nare
597 2712 925 2794 significat;
997 2719 1058 2774 at
1122 2711 1278 2773 soles
1342 2714 1505 2793 ipsos
1569 2711 1697 2774 dies
1762 2714 2168 2790 nominamu8‚
2231 2713 2293 2773 in
2361 2710 2578 2792 quibus
2642 2711 2730 2775 sol
2799 2721 2991 2775 totum

377 2811 692 2874 inluminat
727 2810 948 2890 polum.
1030 2828 1149 2871 non
1201 2809 1348 2872 nulli
1398 2819 1593 2873 tamen
1631 2818 1902 2873 veterum
1939 2812 2066 2891 ipsa
2104 2812 2363 2871 carmina
2402 2811 2558 2871 soles
2597 2814 2995 2893 nominavere,

379 2912 540 2971 sicut
575 2907 859 2971 Horatius
896 2926 1146 2970 exorsus
1193 2917 1286 2969 est
1332 2903 1555 2970 ‘soles
1604 2925 1794 2970 meos
1842 2910 2030 2969 omni
2075 2907 2433 2970 ecclesiae
2482 2918 2766 2972 vestrae
2806 2926 2996 2970 com·

298 3016 352 3057 ²⁵
380 3002 668 3069 mendo'
706 3015 769 3068 et
803 3007 967 3069 Maro
1005 3001 1229 3092 (bucol.
1261 3009 1319 3085 9,
1347 3003 1460 3093 51)
1508 3004 1752 3087 ‘saepe
1802 3024 1928 3085 ego
1976 3006 2230 3085 longos
2277 3006 2646 3070 Cantando
2693 3024 2991 3087 puerum

379 3107 664 3167 memini
712 3124 814 3166 me
861 3107 1178 3168 condere
1226 3103 1470 3169 soles’.
1548 3105 1769 3168 Similis
1808 3122 1941 3167 sum
1976 3107 2066 3166 tui
2104 3104 2398 3187 morihuS,
2436 3105 2643 3166 similis
2680 3104 2789 3166 tibi
2828 3104 2994 3165 facie.

380 3203 589 3265 Studio
629 3204 717 3264 tui
763 3204 905 3285 feci,
951 3204 1007 3265 id
1049 3212 1143 3265 est
1177 3204 1321 3266 dum
1358 3205 1569 3267 studeo
1608 3204 1748 3286 tibi3
1796 3204 1995 3265 studio
2034 3211 2139 3264 tuo
2176 3203 2321 3286 feci,
2366 3203 2426 3264 id
2463 3211 2560 3265 est
2600 3211 2657 3264 te
2697 3203 2992 3265 studente.

380 3302 608 3363 Sartrix
655 3301 749 3362 vel
794 3304 1010 3363 sertrix
1059 3321 1209 3383 quae
1248 3306 1454 3383 sarcit,
1501 3305 1837 3366 sarcinator
1884 3304 1988 3383 qui
2034 3303 2297 3363 sarcinas
2337 3310 2546 3364 servat.
2624 3300 2873 3363 Salubre
2919 3300 2992 3362 ad

378 3400 572 3462 locum
612 3400 875 3461 refertur
911 3408 973 3460 et
1013 3399 1085 3461 ad
1133 3400 1356 3482 cibum,
1409 3401 1664 3463 salutare
1704 3399 2021 3462 consilium
2060 3408 2168 3460 est.
2243 3401 2323 3460 ita
2363 3399 2598 3461 salubre
2640 3418 2758 3461 non
2797 3406 2993 3475 nocet,

299 3510 354 3550 ω
380 3498 637 3559 salutare
694 3497 956 3578 prodest.
1050 3498 1369 3579 Suppellex
1423 3517 1532 3579 per
1585 3500 1703 3559 duo
1760 3518 1800 3579 p
1857 3506 1918 3559 et
1972 3516 2082 3579 per
2135 3496 2254 3558 duo
2307 3497 2328 3558 l
2384 3498 2683 3561 scribitur.
2786 3498 2993 3560 Sanies

378 3594 648 3656 socordia
694 3597 824 3656 sitis
869 3603 931 3657 et
988 3598 1048 3657 in
1097 3603 1312 3658 neutro
1360 3596 1552 3659 sulfur
1600 3596 1950 3677 scrupulum
1997 3598 2203 3675 sinape
2252 3595 2393 3657 siler
2440 3597 2819 3677 singulariter
2866 3605 2991 3659 tan-

380 3703 505 3754 tum
552 3693 862 3774 dicuntur3
909 3692 1015 3753 sed
1054 3691 1347 3772 Vergilius
1384 3687 1624 3777 (qeory.
1654 3696 1768 3755 III
1790 3687 1957 3778 449)
1996 3689 2309 3756 ‘sulfura
2349 3691 2535 3756 viva'
2575 3704 2636 3758 et
2672 3695 2992 3758 Terentius

378 3784 600 3874 (Andr.
664 3791 716 3849 V
755 3791 816 3865 4,
862 3784 986 3874 37)
1034 3791 1356 3852 masculine
1405 3792 1725 3873 scrupulus
1771 3793 2002 3855 retulit.
2094 3792 2239 3853 Sors
2286 3795 2466 3855 sortis
2512 3801 2575 3855 et
2619 3812 2751 3855 sors
2797 3794 2993 3856 sordis

378 3888 624 3950 dicitur:
668 3886 1017 3949 Ambrosius
1056 3882 1384 3949 ‘mundet
1410 3908 1610 3971 rasa,
1654 3908 1738 3951 ne
1778 3908 1938 3951 sors
1975 3889 2215 3970 aliqua
2253 3893 2400 3953 vini
2436 3894 2742 3971 gratiam
2778 3893 2991 3954 deco·

304 3998 355 4038 ⁸⁵
379 3980 619 4067 loret',
675 3987 911 4047 tametsi
973 3993 1191 4065 negant
1255 3987 1494 4066 quidam
1552 3986 1790 4048 sordem
1845 3990 2272 4051 nominativum
2326 3989 2688 4070 singularem
2755 3990 2990 4053 habere.

553 4230 589 4278 4
623 4222 818 4279 rettuli
856 4253 922 4263 —
959 4223 1210 4294 reppello
1248 4253 1315 4264 -
1352 4224 1564 4295 rellego
1593 4242 1639 4295 p
1652 4225 1727 4280 M
1768 4226 1939 4281 retuli
1973 4256 2045 4267 -
2097 4225 2308 4297 repello
2345 4256 2416 4266 —
2450 4224 2640 4295 relego
2685 4224 2734 4280 S
2873 4231 2906 4280 5
2943 4225 2995 4279 R·

379 4302 740 4374 sequentibus
776 4319 850 4358 an
889 4302 1177 4359 uocalibus
1221 4321 1333 4360 non
1368 4304 1689 4375 aspirantur
1726 4336 1793 4346 —-
1841 4323 1873 4361 e
1909 4306 2166 4362 uocalem
2209 4305 2414 4361 leuiter
2458 4304 2686 4360 effertur
2729 4308 2796 4361 ut.
2829 4323 2994 4361 eruus

380 4399 572 4438 eruum
607 4400 780 4453 ergon
815 4382 864 4436 si
898 4385 1027 4453 post
1060 4402 1089 4437 r
1126 4384 1200 4438 M
1335 4383 1429 4440 vel
1464 4401 1565 4440 om.
1595 4385 1657 4453 S,
1693 4387 1823 4443 add.
1853 4403 1900 4457 p
2044 4394 2077 4442 6
2114 4403 2145 4442 e
2183 4386 2383 4442 uocale
2424 4384 2627 4440 leuiter
2662 4384 2891 4439 effertur
2929 4388 2996 4440 ut

381 4460 427 4515 si
462 4465 592 4533 post
617 4482 646 4517 r
673 4462 718 4517 S
744 4480 776 4519 e
803 4463 1060 4520 uocalem
1085 4463 1290 4520 leuiter
1317 4463 1623 4521 efferuntur
1648 4468 1714 4522 ut
1750 4467 1917 4523 herus
1945 4466 2054 4523 erit
2089 4466 2140 4522 si
2174 4469 2305 4538 post
2340 4485 2369 4520 r
2398 4483 2441 4535 p
2573 4471 2639 4519 10
2675 4465 2990 4538 heredium]

380 4543 645 4599 heredum
681 4542 759 4597 M
908 4543 1219 4601 Herennius
1246 4562 1292 4615 p
1336 4544 1597 4601 herenius
1635 4545 1766 4601 SM
1919 4552 1982 4601 11
2022 4545 2295 4602 hirtulens
2339 4546 2416 4600 M
2581 4550 2645 4598 12
2688 4560 2755 4599 ex
2792 4561 2892 4600 om.
2932 4545 2993 4614 S,

382 4623 507 4678 add.
535 4623 673 4693 pM
811 4630 877 4679 13
915 4626 1017 4680 aut
1051 4624 1161 4680 nisi
1197 4642 1234 4680 a
1260 4626 1395 4695 pM
1426 4628 1527 4680 aut
1563 4625 1609 4680 si
1646 4643 1682 4682 a
1718 4626 1764 4681 S
1910 4634 1975 4682 16
2012 4626 2240 4682 horreor
2279 4632 2330 4681 st
2363 4626 2625 4680 horreum
2662 4641 2763 4681 om.
2802 4625 2880 4679 M

384 4700 574 4758 hortus
611 4702 941 4759 Hortensius
972 4721 1015 4774 p
1154 4712 1222 4759 23
1260 4698 1476 4778 polum]
1514 4707 1785 4777 populum
1826 4707 1902 4761 M
2022 4713 2093 4761 24
2129 4706 2340 4762 oratius
2376 4705 2422 4760 S
2545 4711 2615 4761 26
2652 4721 2743 4760 me
2779 4721 2880 4763 om.
2921 4708 2998 4762 M

485 4790 551 4840 27
589 4785 777 4841 studio
811 4785 899 4841 tui
933 4784 1043 4840 feci
1073 4802 1116 4855 p
1151 4786 1336 4842 studio
1371 4787 1480 4842 tibi
1514 4786 1625 4843 feci
1660 4787 1738 4842 M
1765 4788 1962 4843 studeo
2000 4787 2108 4843 tibi
2142 4786 2251 4841 feci
2287 4785 2332 4840 S
2503 4784 2689 4841 studio
2726 4787 2825 4841 tuo
2868 4787 3003 4856 pM

386 4863 577 4920 studeo
614 4866 715 4920 tuo
751 4865 797 4920 S
930 4870 1000 4921 28
1038 4866 1207 4937 quae]
1254 4866 1349 4936 qui
1388 4866 1463 4921 M
1599 4874 1668 4923 30
1707 4867 1904 4923 Sanies
1943 4899 2008 4908 —
2047 4874 2115 4922 33
2153 4866 2446 4936 serupulus
2483 4865 2680 4920 retulit
2713 4880 2814 4920 om.
2855 4866 2932 4920 M

386 4950 449 5000 31
488 4944 608 5001 sitis
638 4962 681 5018 p
725 4946 861 5002 satis
900 4946 946 5001 S
1078 4946 1271 5021 sinape
1309 4947 1355 5002 S
1390 4948 1574 5020 sinapi
1604 4965 1647 5021 p
1791 4954 1862 5005 34
1898 4964 2017 5004 sors
2054 4945 2247 5020 aliqua
2282 4947 2415 5005 SM
2443 4946 2622 5002 sordis
2658 4944 2853 5019 aliqua
2881 4966 2924 5019 p
