3613 5528
1338 434 1477 492 ARS
1515 431 2007 492 GRAMMATIGA
2840 433 2967 500 377

371 545 415 584 p.
445 534 481 579 ⁷.
510 537 536 578 8
562 535 624 579 H.

373 624 592 702 scripta
647 622 1070 704 perpendimus
1116 641 1175 684 *.
1268 626 1413 685 artis
1478 626 1893 704 grammaticae
1958 625 2125 684 initia
2190 622 2262 684 ab
2328 623 2636 685 elementis
2701 589 2973 704 surgunt,

372 729 660 792 elementa
727 731 1055 810 figurantur
1127 733 1186 791 in
1261 730 1514 814 litteraS,
1568 731 1820 792 -litterae
1885 737 2181 811 coguntur
2244 734 2306 792 in
2370 733 2664 808 syllabas,
2738 729 2974 810 syllabis

374 836 895 917 comprehenditur
950 838 1158 920 dictio,
1224 839 1513 901 dictiones
1568 845 1863 919 coguntur
1918 840 1979 899 in
2035 845 2234 919 partes
2289 840 2601 919 orationiS,
2665 840 2854 899 oratio
2910 839 2969 898 in

376 945 627 1006 virtutes
672 962 739 1006 ac
787 947 924 1007 vitia
970 946 1292 1008 descendit.

291 1169 319 1210 ι
1307 1137 1427 1205 DE
1473 1137 2030 1205 ACCENTIBVS

553 1284 844 1347 Accentus
902 1296 993 1348 est
1047 1288 1225 1348 unius
1281 1288 1571 1367 cuiusque
1626 1285 1879 1367 syllabae
1943 1287 2223 1366 proprius
2269 1304 2477 1367 soum,
2543 1303 2717 1365 quem
2766 1283 2974 1346 Graeci

375 1389 761 1477 προσῳδίαν
808 1392 1030 1455 dicunt.
1122 1404 1403 1456 accentus
1451 1396 1619 1475 quasi
1666 1402 1962 1455 accantuS.
2054 1401 2337 1455 accentus
2392 1396 2453 1455 in
2510 1410 2720 1472 graeca
2778 1391 2975 1472 lingua

376 1507 513 1560 sunt
559 1498 688 1580 vn,
733 1502 793 1561 in
842 1500 1018 1562 latina
1064 1500 1127 1583 V,
1173 1511 1383 1564 acutus
1428 1504 1624 1582 gravis
1669 1502 2088 1563 circumflexus
2133 1501 2343 1581 longus
2401 1500 2613 1562 brevis,
2706 1502 2767 1561 in
2814 1501 2976 1560 omni

375 1616 542 1687 parte
598 1609 882 1669 orationis
946 1607 1186 1690 latinae,
1249 1611 1392 1670 item
1458 1617 1524 1669 ut
1586 1626 1859 1688 graecae,
1922 1616 2024 1669 aut
2077 1615 2317 1670 acutum
2372 1618 2475 1670 aut
2530 1607 2975 1669 circumflexum

302 1725 353 1762 ¹⁰
377 1723 683 1776 accentum
730 1717 870 1796 poni
919 1734 1162 1777 necesse
1212 1726 1329 1797 est,
1376 1734 1486 1776 nec
1532 1714 1782 1795 amplius
1829 1733 2005 1794 quam
2053 1733 2266 1796 unum,
2311 1715 2403 1777 vel
2449 1716 2608 1777 hunc
2656 1714 2746 1776 vel
2791 1713 2976 1777 illum.

378 1840 508 1882 nam
573 1824 765 1901 gravis
829 1824 1072 1902 ponitur
1134 1826 1196 1883 in
1270 1821 1557 1903 pluribus».
1658 1828 1870 1883 acutus
1934 1839 2070 1883 cum
2134 1822 2288 1903 apud
2349 1822 2607 1884 Graecos
2671 1824 2784 1883 tria
2848 1820 2974 1882 loca

378 1937 600 2010 teneat,
673 1928 936 1991 ultimam
1001 1939 1061 1991 et
1124 1929 1541 2011 paenultimam
1607 1937 1667 1989 et
1731 1930 1785 1989 ei
1850 1930 2177 2009 proximam
2240 1932 2564 2007 syllabam,
2638 1928 2791 2009 apud
2866 1946 2975 1990 nos

378 2035 607 2098 duobus
656 2044 882 2098 tantum
928 2035 1075 2098 locis
1120 2038 1263 2117 poni
1308 2044 1534 2118 potest,
1581 2037 1641 2096 in
1688 2034 2072 2117 paenultima,
2117 2044 2186 2099 ut
2229 2037 2596 2118 praelegisti‚
2652 2044 2754 2097 aut
2798 2037 2859 2095 iu
2907 2052 2975 2095 ea

552 2206 731 2265 Codex
750 2208 1140 2278 Sanqallensis.
1183 2217 1205 2264 1
1223 2215 1353 2279 post
1370 2208 1764 2279 perpendimus
1783 2209 2106 2279 διαρτωμην
2122 2210 2365 2278 spatium
2383 2214 2499 2264 octo
2529 2211 2641 2277 fere
2668 2209 2978 2263 litterarum

375 2305 605 2344 vacuum
641 2289 889 2344 relictum
924 2294 1015 2343 est.
1160 2295 1192 2343 2
1229 2288 1287 2343 in
1325 2289 1569 2358 syllabas
1606 2304 1707 2345 om.
1865 2294 1897 2343 8
1936 2290 2167 2344 accutus
2325 2313 2395 2342 -.-
2431 2290 2630 2359 longus
2679 2304 2867 2358 μακρα
2907 2321 2973 2342 ψ

376 2368 559 2424 breuis
718 2372 780 2422 11
821 2369 1048 2423 secutus
1203 2374 1267 2424 12
1305 2372 1365 2424 et
1398 2368 1802 2439 peneultzimum
1958 2369 2235 2440 syllabam
2272 2386 2375 2426 om.
2523 2377 2587 2425 13
2624 2366 2977 2440 praelegistis

379 2449 496 2502 sine
530 2453 662 2503 nota
699 2452 973 2517 accerume,
1010 2453 1060 2503 st
1093 2450 1174 2504 sic
1207 2451 1422 2520 reliqua

558 2618 583 2665 1
625 2607 1018 2681 perpendimus
1056 2611 1115 2665 et:
1148 2610 1509 2665 aestimamus
1547 2611 1771 2665 coniecit
1808 2610 2077 2681 Hayenus
2111 2613 2229 2667 coll.
2268 2612 2452 2670 Diom,
2488 2629 2543 2681 p.
2582 2615 2819 2678 426,30,
2855 2626 2978 2679 per-

378 2690 669 2760 pendimus
698 2691 758 2745 et
783 2688 1150 2745 diiudicamus
1177 2691 1293 2760 ipse
1319 2691 1645 2746 coniecerant
1790 2696 1823 2745 5
1851 2691 1948 2745 DE
1976 2689 2435 2747 ACCENTIBVS
2467 2692 2669 2748 Victor.
2690 2708 2753 2762 p.
2772 2692 2978 2756 192‚16

378 2771 925 2908 ffudssgff'w’m
962 2769 1157 2831 Diom.
1182 2788 1239 2840 p.
1276 2776 1481 2840 430,29
1519 2772 1667 2827 Don.
1696 2789 1756 2843 p.
1796 2776 1956 2841 371‚1
2006 2771 2158 2843 Sery.
2196 2774 2414 2843 explan.
2462 2774 2527 2828 in
2569 2773 2717 2829 Don.
2748 2790 2808 2844 p.
2847 2776 2979 2839 524,

413 2859 515 2907 9—
634 2893 652 2919 ,
763 2896 776 2909 .

380 3000 605 3007 ——-—--.-v-
628 3002 649 3007 ,-
678 3002 711 3006 -

378 3088 741 3154 τυποῦνται
805 3088 900 3164 εἰς
961 3083 1343 3172 γράμματα,
1415 3083 1496 3154 τὰ
1568 3083 1921 3173 γράμματα
1985 3084 2391 3172 συνάγονται
2457 3090 2553 3167 εἰς
2625 3085 2977 3175 συλλαβάς,

382 3197 814 3279 συλλαβαῖς
869 3191 1430 3280 περιλαμβάνεται
1493 3192 1693 3277 λε’ξις,
1759 3195 1835 3259 αἱ
1894 3192 2098 3277 λέξεις
2161 3191 2571 3278 συνάγονται
2643 3199 2738 3275 εἰς
2809 3196 2975 3283 μέρη

378 3298 607 3385 λόγου,
655 3296 690 3366 ὁ
741 3298 815 3367 δὲ
859 3296 1059 3386 λόγος
1104 3303 1199 3379 εἰς
1242 3296 1479 3385 ἀρετὰς
1522 3299 1633 3367 καὶ
1681 3302 1776 3378 εἰς
1822 3297 2080 3385 ψόγους
2123 3296 2436 3369 κάτεισιν.

1208 3528 1434 3591 ΠΕΡΙ
1500 3528 2135 3591 ΠΡΟΣΩΙΔΙΩΝ.

326 3696 353 3737 5
558 3668 917 3756 Προσῳδία
966 3664 1146 3733 ἐστὶν
1183 3668 1336 3752 μιᾶς
1374 3666 1680 3752 ἑκατέρας
1718 3670 2054 3753 συλλαβῆς
2092 3669 2265 3745 ἴδιος
2297 3664 2529 3753 κύριος
2563 3658 2724 3755 ἦχος
2758 3666 2977 3754 τόνος,

381 3768 463 3840 ὃν
507 3775 585 3861 τῇ
634 3773 941 3861 ἑλληνικῇ
985 3775 1450 3863 προσῳδίαν
1496 3773 1810 3858 λέγουσιν
1854 3776 2196 3841 καλοῦσιν.
2286 3778 2631 3865 προσῳὸία
2675 3773 2853 3860 παρὰ
2898 3773 2976 3843 τὸ

377 3877 856 3969 προσᾴὸεσθαι.
946 3883 1317 3969 προσῳδίαι
1363 3881 1437 3947 ἐν
1481 3883 1561 3968 τῇ
1610 3880 1920 3966 ἑλληνικῇ
1967 3878 2221 3969 γλώττῃ
2271 3881 2443 3949 εἰσὶν
2502 3880 2690 3967 ἑπτά,
2759 3884 2833 3950 ἐν
2894 3886 2975 3971 τῇ
3011 3934 3020 3943 .

379 3987 678 4077 ρῳμαῑκῇ
723 3988 949 4073 πέντε,
996 3984 1176 4068 ὀξεῖα
1220 3992 1456 4074 βαρεῖα
1501 3989 1967 4075 περισπωμένη
2014 3985 2231 4075 μακρὰ
2275 3992 2568 4076 βραχεῖα.
2660 3990 2733 4057 ἐν
2779 3989 2978 4057 παντὶ

380 4095 564 4180 με’ρει
619 4093 828 4181 λόγου
883 4096 1255 4182 ρωμαϊκσῦ,
1322 4090 1567 4182 ὁμοίως
1631 4091 1851 4179 ὥσπερ
1915 4097 2037 4162 τοῦ
2103 4094 2484 4180 ἑλληνικοῦ,
2548 4090 2590 4181 ἢ
2656 4090 2879 4176 ὀξεῖαν
2933 4090 2975 4182 ἢ

301 4232 354 4270 ιο
379 4201 891 4288 περισπωμένην
935 4203 1323 4291 προσῳδίαν
1367 4205 1683 4301 τίθεσθαι
1729 4198 2101 4286 ἀναγκαῖόν
2149 4202 2360 4286 ἐστιν,
2410 4199 2490 4268 οὐ
2534 4207 2767 4270 πλεῖον
2816 4200 2890 4269 δὲ
2935 4197 2977 4288 ἢ

382 4311 543 4393 μίαν
595 4300 637 4393 ἢ
693 4305 945 4394 ταύτην
999 4303 1041 4395 ἢ
1098 4309 1358 4393 ἐκείνην
1405 4359 1420 4375 .
1466 4305 1508 4393 ἡ
1554 4305 1681 4396 γὰρ
1736 4312 1972 4394 βαρεῖα
2024 4313 2282 4375 τίθεται
2338 4309 2442 4375 ἐπὶ
2497 4312 2846 4377 πλειόνων.
2935 4305 2977 4395 ἡ

383 4411 561 4494 ὀξεῖα
608 4410 806 4483 ὁπότε
850 4413 1028 4503 παρὰ
1072 4428 1215 4494 τοῖς
1240 4411 1653 4500 Ἑλληνικοῖς
1694 4429 1872 4500 τρεῖς
1912 4414 2160 4495 τόπους
2198 4420 2359 4502 ἔχει,
2404 4414 2549 4503 τὴν
2594 4420 2978 4485 τελευταίαν

380 4520 493 4587 καὶ
535 4518 658 4607 τὴν
702 4524 1191 4610 παρατέλευτον
1243 4521 1354 4589 καὶ
1409 4519 1535 4609 τὴν
1591 4521 1796 4610 ταύτῃ
1856 4527 2122 4610 ἔγγιστα
2178 4521 2544 4609 συλλαβήν,
2597 4520 2754 4609 παρ’
2815 4520 2979 4610 ἡμῖν

385 4624 512 4695 δύο
557 4625 774 4714 μόνον
819 4628 1049 4709 τόποις
1104 4633 1421 4698 τίθεσθαι
1480 4628 1791 4715 δύναται,
1859 4632 1933 4697 ἐν
1992 4633 2072 4718 τῇ
2138 4627 2597 4719 παρατελεύτῳ
2659 4632 2981 4719 συλλαβῇ,

561 4848 594 4896 2
632 4845 931 4915 συλλαβαῖς
957 4859 1059 4898 om.
1203 4850 1235 4900 6
1264 4844 1585 4914 προσῳδίαν
1613 4860 1713 4900 om.
1863 4849 1927 4898 11
1966 4844 2128 4916 μίαν]
2170 4862 2362 4899 εκειαν
2507 4838 2756 4916 ἐκείνην]
2789 4861 2980 4898 εκειαν

461 4926 526 4975 12
565 4941 679 4992 εχει
713 4941 1029 4977 τεαειταιον
1064 4923 1163 4977 καὶ
1197 4943 1294 4978 τον
1330 4926 1709 4995 παρατελευτο

494 5028 801 5063 eunusmox
826 5030 1003 5061 mama
1029 5032 1118 5061 vn.
1712 5042 1725 5052 -
2489 5017 2558 5067 25
