3613 5528
1276 414 1744 471 FRAGMENTA
1795 414 2187 472 BOBIENSIA
2893 415 3024 483 543

426 529 469 567 p.
498 518 712 558 eos-210
735 518 792 559 v.

427 602 685 665 volueris
731 602 926 664 facere
970 603 1206 663 nomina
1234 603 1395 663 ivum
1441 601 1827 683 singularem,
1873 603 1989 662 erit
2033 601 2131 662 hic
2176 601 2428 674 Quiritis
2466 605 2572 678 (ib.
2609 604 2699 677 3).
2780 602 2869 664 Ab
2913 603 3024 666 hac

427 692 599 755 lauru
645 710 764 753 non
810 691 1090 772 dicimus,
1136 609 1240 752 εθῗιι
1286 690 1358 751 ab
1404 691 1514 752 bac
1552 690 1718 752 lauro
1765 692 1873 763 (ib.
1911 691 2039 763 19).
2130 691 2517 755 Tesserarum
2562 702 2706 773 aput
2750 694 3024 773 antiquos

426 789 598 844 erant
640 783 798 843 varia
842 783 1108 862 nomina,
1162 780 1443 863 vulturiS,
1499 779 1777 862 caniculi,
1833 779 2109 862 Veneris3
2168 781 2273 842 sed
2319 789 2517 844 tamen
2563 780 2810 844 Veneris
2854 792 3026 845 erant

425 873 680 952 optimae
727 873 833 944 (ib.
878 870 1011 944 25).

372 975 399 1016 5
603 959 921 1022 Canusium
978 958 1258 1040 oppidum
1313 968 1407 1021 est
1460 958 1703 1039 Apuliae
1758 960 1918 1033 (Im).
1972 967 2086 1021 sat.
2137 959 2375 1034 6,150).
2467 958 2751 1022 Berenice
2807 979 3024 1023 nomen

426 1052 651 1111 sororis
708 1058 802 1111 est
856 1048 1205 1129 Ptolemaei,
1262 1066 1440 1128 quam
1495 1052 1708 1110 amavit
1770 1058 1832 1110 et
1886 1048 2049 1110 dedit
2093 1051 2150 1110 ei
2204 1052 2494 1130 optimum
2549 1049 2832 1112 annulum
2886 1068 3023 1113 cum

424 1157 651 1220 gemma
690 1142 976 1220 pretiosa:
1023 1138 1235 1199 exinde
1271 1140 1567 1218 pretiosae
1604 1156 1869 1218 gemmae
1906 1137 2188 1199 Bernices
2226 1137 2670 1219 appellabantur
2707 1141 2813 1214 (ib.
2851 1141 3023 1214 155).

601 1227 718 1290 Cea
752 1227 946 1290 insula
983 1234 1077 1288 est
1113 1229 1303 1308 patria
1341 1227 1686 1311 Simonidis,
1735 1229 1839 1308 qui
1876 1229 2185 1289 neniarum
2222 1236 2481 1290 metrum
2516 1231 2745 1309 primus
2783 1231 3026 1310 scripsit

424 1318 600 1391 (Hor.
646 1337 697 1380 c.
746 1319 824 1379 II
861 1317 1050 1392 1,38).
1136 1316 1408 1378 Perfidus
1455 1327 1547 1379 est
1592 1320 1696 1397 qui
1739 1317 1916 1378 fidem
1968 1317 2185 1397 frangit
2230 1317 2609 1399 aliquotiens,
2668 1318 3023 1398 perfidiosus

345 1422 397 1461 10
425 1409 526 1487 qui
573 1409 813 1469 omuino
861 1414 1025 1469 caret
1069 1406 1201 1467 fide.
1293 1406 1464 1487 Apud
1519 1409 1793 1486 antiquos
1850 1424 2135 1468 numerus
2191 1409 2343 1468 vitae
2389 1406 2621 1469 dierum
2668 1415 2728 1469 et
2773 1408 3023 1488 qualitas

423 1495 875 1578 numerabatur,
929 1506 990 1558 et
1043 1496 1184 1557 boni
1230 1495 1358 1557 dies
1404 1495 1551 1558 albis
1597 1495 1839 1557 calculis
1895 1495 2306 1578 signabantur,
2360 1495 2497 1558 mali
2551 1498 2753 1576 nigris.
2845 1501 3023 1559 etiam

425 1595 561 1667 post
597 1596 849 1648 mortem
881 1579 890 1669 Ι
920 1585 1378 1666 proferebantur
1416 1594 1476 1647 et
1512 1585 2006 1666 numerabantur,
2053 1594 2113 1646 et
2159 1586 2233 1647 de
2279 1585 2454 1647 bonis
2500 1585 2808 1647 dicebatur
2853 1581 3023 1650 ‘vixit

423 1675 551 1737 dies
608 1670 737 1757 tot',
791 1674 864 1737 de
919 1674 1089 1736 malis
1144 1670 1400 1736 ‘duravit
1454 1674 1582 1735 dies
1635 1670 1764 1736 tot'.
1855 1674 2001 1735 haec
2056 1683 2185 1736 erat
2237 1675 2608 1737 consuetudo
2664 1677 2840 1750 (Hor.
2887 1695 2940 1739 c.
2989 1678 3030 1739 I

422 1765 665 1840 36,10).
756 1764 1041 1840 Dedecet,
1086 1764 1380 1825 deformat
1426 1765 1601 1838 (Hor.
1648 1783 1700 1826 c.
1749 1765 1792 1824 I
1828 1765 2024 1839 38,7).

345 1869 397 1908 15
599 1854 894 1935 Gryphes,
948 1853 1217 1915 animalia
1279 1853 1564 1933 quaedam
1618 1855 1679 1913 in
1735 1853 2123 1934 hyperboreis
2178 1853 2483 1915 montibus
2546 1855 2708 1915 omni
2770 1873 3021 1937 corpore

422 1943 624 2005 leones
680 1951 917 2023 praeter
962 1961 1056 2024 οε,
1102 1942 1262 2023 quod
1308 1943 1529 2005 babent
1583 1942 1812 2024 aquilae
1858 1945 1980 2004 sive
2037 1945 2363 2026 accipitriS,
2419 1953 2479 2005 et
2533 1942 2690 2024 quod
2744 1946 3021 2025 pinnatae

423 2042 563 2094 sunt
609 2034 827 2110 (Vera.
872 2035 1006 2095 bue.
1051 2033 1247 2114 827).

372 2124 376 2127 ’
601 2121 833 2184 Cannae
872 2122 1112 2203 Apuliae
1150 2125 1316 2183 vicus
1354 2129 1445 2183 est
1481 2123 1658 2196 (Luc.
1698 2123 1915 2183 Phara
1958 2123 2034 2182 II
2053 2122 2191 2196 46).
2246 2121 2629 2205 Provectum,
2666 2124 3021 2207 mercedem,

423 2213 686 2274 fructum
729 2212 1005 2274 Lucanus
1051 2213 1158 2286 (ib.
1210 2213 1329 2286 60)
1377 2212 1520 2273 dicit
1563 2206 1676 2290 †
1689 2219 1937 2272 tanton
1982 2206 2450 2292 provectum’.
2550 2211 2658 2273 Vix
2703 2215 2879 2297 tanti,
2925 2215 3019 2276 vix

342 2317 396 2356 20
425 2301 596 2384 utile,
641 2300 915 2363 Lucanus
961 2303 1068 2375 (ib.
1119 2302 1231 2376 62)
1279 2301 1439 2363 dicit.

600 2390 816 2473 Cyrna,
873 2391 1111 2456 Corsica
1168 2397 1198 2466 (
1212 2392 1383 2468 Verq.
1439 2394 1573 2453 buc.
1632 2390 1829 2465 9,30).
1928 2390 2120 2450 Anser
2172 2399 2347 2471 poeta
2404 2391 2541 2472 ruit,
2607 2392 2710 2472 qui
2762 2393 3019 2454 Antonio

421 2481 625 2542 laudes
671 2480 970 2542 scribebat
1006 2483 1112 2554 (ib.
1149 2483 1286 2555 36).
1369 2475 1459 2542 ‘Si
1494 2479 1716 2541 valeam
1756 2474 2093 2541 scribsisse'
2140 2498 2313 2541 nemo
2352 2478 2522 2562 dicit,
2568 2481 2671 2542 sed
2710 2483 2764 2542 si
2797 2481 3018 2547 valeam

421 2570 715 2652 scribere,
770 2578 830 2632 et
884 2574 1206 2632 meminere
1261 2589 1381 2631 non
1437 2571 1778 2631 meminisse
1834 2571 1940 2642 (ib.
1987 2570 2117 2644 38).
2209 2569 2433 2653 Insani,
2486 2573 2685 2650 magni
2729 2573 2837 2646 (ib.
2885 2573 3019 2650 43),

421 2663 577 2722 sicut
622 2654 974 2721 ‘insanam
1018 2655 1278 2722 vatem'
1326 2660 1545 2736 (Vera.
1592 2661 1662 2721 Α.
1712 2660 1825 2720 III
1865 2659 2043 2733 443).

338 2768 394 2808 85
598 2749 970 2833 Depositum,
1034 2749 1584 2812 conmendationem
1638 2747 1913 2811 Lucanus
1968 2750 2215 2822 (Pham.
2273 2749 2352 2810 II
2404 2748 2515 2823 72)
2577 2744 3018 2830 ‘depositum

420 2835 759 2902 fortuna'.
853 2838 1162 2919 Legibus
1208 2841 1389 2921 aevi,
1434 2838 1595 2901 fatali
1640 2841 1870 2901 ratione
1916 2838 2192 2901 Lucanus
2238 2840 2345 2913 (ib.
2391 2839 2520 2912 82).

594 2928 804 2991 Latine
859 2928 1123 3004 Camilla,
1179 2947 1389 3009 graece
1446 2924 1815 3010 σύμμυστις
1869 2929 2086 3005 (Vera.
2142 2930 2275 2993 buc.
2328 2928 2439 3005 8,7
2446 2929 2532 3002 7).
2633 2930 3019 2993 Accusativus

418 3018 660 3099 pluralis
695 3022 760 3080 in
797 3037 861 3080 as
898 3021 1102 3080 exiens
1140 3037 1376 3100 semper
1410 3019 1623 3098 longus
1661 3025 1778 3079 est:
1814 3017 2128 3098 verbenaS,
2164 3036 2364 3079 rorem
2400 3020 2695 3079 marinum
2734 3022 2840 3093 (ib.
2883 3021 3016 3095 65).

417 3107 691 3191 Pellexit,
737 3110 1015 3170 evocavit.
1106 3108 1269 3169 Inter
1315 3107 1557 3169 uvidum
1602 3116 1665 3169 et
1708 3107 1975 3168 umidum
2024 3106 2137 3167 hoc
2181 3109 2460 3169 interest·
2516 3107 2728 3171 uvidus
2775 3119 2869 3172 est
2912 3113 3017 3191 qui

338 3215 391 3255 ao
419 3200 779 3259 intrinsecus
824 3197 1000 3260 habet
1046 3216 1315 3279 umores,
1360 3197 1597 3258 umidus
1644 3198 1748 3276 qui
1793 3214 1827 3257 a
1874 3197 2045 3277 foriS,
2109 3196 2266 3257 unde
2332 3199 2506 3257 etiam
2563 3216 2675 3258 uva
2731 3198 2913 3261 dicta
2943 3199 3016 3261 ab

419 3305 516 3368 eo,
572 3286 729 3366 quod
786 3290 1148 3350 intrinsecus
1202 3287 1415 3348 habeat
1460 3304 1729 3348 umorem
1776 3288 1957 3347 musti
2002 3286 2223 3361 (Verq.
2270 3288 2403 3348 buc.
2450 3286 2692 3361 1ογ20).
2781 3287 3016 3372 Bianor,

418 3394 597 3455 quem
641 3375 786 3437 dicit
830 3375 1123 3457 Vergilius
1170 3380 1230 3438 in
1276 3375 1563 3438 bucolicis
1609 3375 1698 3451 (9,
1704 3376 1851 3451 60),
1899 3371 2193 3455 incipit
2238 3393 2585 3456 apparere
2632 3375 3016 3460 Bianoris',

417 3464 620 3526 Ocnus
666 3465 999 3528 dicebatur.
1053 3466 1151 3527 hic
1198 3468 1355 3526 enim
1402 3475 1495 3527 est
1548 3468 1651 3546 qui
1705 3464 1970 3525 condidit
2012 3464 2325 3525 Mantuam.
2417 3464 2618 3527 Gallus
2672 3474 2849 3546 poeta
2902 3469 3018 3531 fuit

417 3556 703 3635 οριίιιιιιε.
764 3555 862 3618 hic
924 3557 1269 3637 imperatori
1326 3574 1524 3617 comes
1589 3555 1702 3615 fuit
1754 3553 2030 3635 Aegypti,
2092 3561 2297 3634 postea
2361 3557 2573 3617 amavit
2635 3559 3014 3620 meretricem

335 3660 390 3700 εὖ
418 3643 708 3722 quandam
756 3646 994 3706 nomine
1040 3644 1446 3726 Cytheridem,
1502 3661 1677 3723 quam
1723 3641 2017 3723 Vergilius
2062 3642 2348 3722 Lycorida
2403 3644 2575 3706 dicit:
2626 3644 2779 3707 hanc
2834 3649 3014 3708 etiam

417 3731 562 3795 dicit
604 3732 900 3795 Volumnii
947 3735 1252 3796 cuiusdam
1299 3733 1570 3795 libertam
1617 3733 1834 3810 (Vero.
1883 3735 2015 3795 buc.
2062 3732 2194 3806 10).
2246 3726 2254 3815 Ι

593 3822 804 3884 Omnia
849 3834 1086 3906 parent,
1129 3827 1192 3885 in
1238 3823 1514 3884 omnibus
1560 3823 1748 3901 ligura
1794 3830 2000 3883 tumet.
2084 3820 2349 3883 Incultus
2394 3811 2787 3897 ἆπολιτικός.
2868 3824 3012 3886 Pro-

415 3913 597 3993 fecto,
644 3914 772 3973 sine
819 3912 1016 3974 dubio.
1108 3913 1423 3975 Aemilium
1468 3912 1701 3992 ludum,
1747 3910 1942 3973 locum
1990 3911 2134 3972 dicit
2179 3912 2359 3983 (Hor
2403 3931 2460 3973 a.
2498 3931 2561 3989 p.
2598 3913 2728 3987 32).
2820 3911 3012 3998 Hunc,

415 4001 553 4063 huic
608 4001 861 4063 similem
909 4004 1015 4075 (ib.
1059 4004 1192 4076 35).
1287 3989 1508 4083 Venus,
1565 4008 1842 4062 venustas
1900 4003 2007 4073 (ib.
2056 4000 2188 4073 42).
2282 4000 2602 4083 Cinctutis,
2655 4002 3011 4066 militaribus

331 4108 386 4147 ιο
412 4092 520 4163 (ib.
565 4092 702 4165 50).

588 4352 622 4400 3
659 4346 911 4401 uultures
957 4361 1096 4401 corr.
1141 4344 1381 4400 uulturis
1415 4345 1476 4398 Β
1632 4350 1665 4398 5
1703 4342 1989 4413 Berenice]
2035 4358 2345 4411 uenenyces
2379 4342 2435 4396 Β
2598 4349 2627 4397 ’1
2665 4342 2920 4412 bernycis
2955 4343 3013 4398 Β

523 4434 586 4481 11
626 4427 761 4482 mali
808 4444 840 4481 v
887 4425 1066 4480 malus
1109 4425 1164 4479 Β
1329 4431 1395 4479 13
1433 4426 1772 4480 consuetudo
1818 4441 1852 4480 v
1901 4425 2162 4479 consueto
2199 4423 2256 4478 Β
2428 4430 2492 4478 14
2530 4424 2808 4479 deformat.
2839 4440 2874 4479 υ
2919 4425 3010 4480 de-

411 4507 615 4564 formet
649 4507 705 4561 Β
852 4513 916 4562 15
953 4524 1157 4576 grypes
1189 4507 1245 4560 B
1393 4512 1456 4560 16
1494 4505 1782 4575 pinnatam
1819 4522 1956 4560 corr.
1993 4502 2271 4575 primatae
2305 4504 2361 4558 Β
2508 4509 2573 4558 19
2610 4502 2832 4575 tanton]
2870 4504 3011 4559 Duc.

415 4588 617 4645 Phara.
657 4589 741 4641 II
775 4593 850 4643 60
885 4588 1117 4642 tantone
1162 4603 1431 4640 novorum
1466 4586 1746 4640 Proventu
1791 4584 2063 4640 scelerum
2099 4586 2403 4653 quaerunt,
2452 4585 2578 4639 uter
2611 4583 2851 4653 imperet
2884 4584 3011 4640 urbi

555 4675 624 4724 28
661 4668 748 4739 as]
787 4669 891 4722 has
927 4666 984 4720 Β
1145 4682 1417 4721 uei-uenas
1451 4665 1507 4718 Β
1649 4672 1717 4721 29
1754 4662 2011 4737 pellexit]
2050 4662 2198 4717 Serv.
2238 4664 2299 4717 in
2350 4662 2503 4732 Ver-y.
2541 4663 2659 4719 buc.
2697 4668 2828 4729 8,99
2863 4665 3010 4720 unde

413 4746 585 4803 estin
613 4748 714 4801 XII
740 4747 952 4803 tabulis
984 4747 1147 4801 ‘neve
1184 4745 1426 4801 alienam
1463 4747 1708 4816 segetem
1745 4744 2065 4816 pellexeris’
2213 4742 2472 4798 euocabit
2504 4742 2562 4797 Β
2706 4750 2774 4798 30
2801 4742 3010 4801 intren-

412 4845 571 4883 secus
613 4833 842 4897 utroquc
877 4828 993 4882 loco
1027 4826 1084 4879 B
1234 4841 1269 4881 a
1302 4824 1450 4881 fores
1484 4825 1541 4879 Β
1692 4833 1758 4881 31
1798 4825 1997 4880 uianor
2029 4824 2086 4878 Β
2228 4829 2295 4878 32
2333 4820 2552 4879 uianori
2586 4822 2642 4875 Β
2810 4829 2881 4878 34
2918 4823 3010 4879 hio

410 4906 735 4978 imperatori
769 4923 803 4963 v
837 4906 926 4963 his
960 4905 1295 4976 imperatore
1331 4906 1386 4960 Β
1531 4910 1600 4960 35
1636 4904 1922 4975 cytheride
1957 4904 2015 4959 Β
2155 4910 2225 4960 36
2261 4904 2474 4960 uolumi
2509 4904 2567 4959 Β
