3613 5528
576 368 580 373 ’
617 403 749 467 530
1489 399 1866 473 [coenem
1914 397 2358 473 rson‘roms]

618 519 664 556 p.
691 505 809 546 ποι.
840 504 946 544 2202
974 503 1024 543 Ρ.

793 587 1150 649 Olfectorem
1204 598 1265 650 et
1319 588 1688 649 infectorem.
1788 588 2044 648 infector
2108 586 2369 647 colorem
2436 594 2649 669 mutat,
2712 588 2961 648 offector
3023 587 3226 648 officio

617 696 801 757 obest.

795 803 1038 865 Certum
1084 811 1145 863 et
1189 821 1412 865 verum.
1489 811 1720 864 certum
1757 804 1972 882 recipit
2014 803 2516 882 praepositionem
2565 815 2625 863 et
2669 804 2735 863 fit
2780 805 3098 877 incertum,
3161 810 3225 864 et

614 917 845 972 certum
893 910 984 971 vel
1029 909 1263 991 pondus
1311 910 1403 970 vel
1448 912 1536 971 rei
1581 912 1870 991 pretium3
1919 927 2126 970 verum
2173 912 2494 989 opponitur
2540 908 2704 971 falso.

789 1017 1066 1097 Figuram
1120 1025 1181 1077 et
1236 1018 1501 1078 formam.
1592 1018 1779 1096 figura
1842 1018 1986 1078 artis
2043 1024 2136 1077 est
2189 1034 2366 1097 opus;
2433 1017 2622 1078 forma
2679 1025 2922 1080 naturae
2978 1017 3224 1098 bonum,
3280 1031 3310 1072 5

617 1125 774 1187 unde
822 1128 998 1187 etiam
1045 1127 1343 1187 formosus
1388 1125 1623 1186 dicitur.

791 1232 1179 1313 Ignominiam
1242 1240 1303 1293 et
1364 1234 1679 1294 infamiam.
1792 1234 2111 1311 ignominia
2153 1226 2528 1313 {imponitur
2583 1232 2656 1294 ab
2720 1251 2791 1293 eo
2856 1235 2957 1313 qui
3021 1242 3224 1313 potest

614 1339 1122 1402 animadversione
1169 1343 1468 1421 innotare3
1520 1341 1760 1401 infamia
1808 1359 1879 1400 ex
1925 1339 2251 1400 multorum
2298 1357 2572 1400 sermone
2620 1342 2899 1401 nascitur.

723 1455 744 1480 ‘
789 1447 1028 1509 Nullum
1073 1457 1134 1510 et
1179 1450 1491 1509 neminem.
1585 1446 1783 1509 nullus
1832 1454 1924 1506 est
1968 1454 2089 1507 tam
2134 1447 2196 1506 in
2242 1463 2309 1505 re
2357 1464 2534 1526 quam
2589 1449 2650 1507 in
2706 1465 2987 1530 persona3
3043 1467 3220 1510 nemo

614 1557 674 1616 in
720 1573 976 1636 persona
1022 1555 1267 1638 dicitur,
1313 1554 1372 1616 id
1419 1563 1512 1616 est
1556 1573 1632 1615 ne
1680 1554 1871 1614 homo.
3253 1569 3308 1609 ιο

791 1662 1012 1724 Iratum
1060 1673 1120 1724 et
1164 1662 1531 1724 iracundum.
1624 1664 1812 1722 iratus
1859 1679 1929 1721 ex
1977 1661 2199 1721 offensa
2246 1669 2365 1741 est,
2411 1662 2733 1723 iracundus
2780 1671 3007 1725 natura.

703 1819 707 1823 Α
793 1769 1131 1832 Periculum
1177 1777 1239 1832 et
1282 1773 1626 1851 perniciem.
1717 1768 2049 1849 periculum
2097 1770 2367 1851 timetur,
2412 1773 2710 1849 pernicies
2748 1779 2953 1832 contra
2990 1790 3216 1834 necem.

791 1876 1045 1938 Feroces
1093 1887 1153 1939 et
1198 1879 1374 1939 feros,
1467 1879 1699 1938 feroces
1745 1879 1968 1957 animo,
2014 1876 2127 1936 feri
2172 1863 2375 1937 leones
2422 1879 2726 1956 ceterique
2773 1879 3011 1940 similes.

793 1984 1013 2046 Omnes
1068 1992 1130 2046 et
1184 1994 1433 2047 cunctos
1488 1994 1549 2047 et
1603 1987 1930 2046 universos
2032 2001 2238 2044 omnes
2294 1983 2522 2044 nullum
2578 1987 2824 2067 excipit,
2887 1996 2955 2047 ut
3009 2005 3218 2048 omnes

615 2092 911 2173 homines,
956 2095 1036 2153 ita
1076 2111 1198 2155 res:
1256 2093 1455 2153 cuncti
1500 2093 1706 2171 utique
1752 2094 1814 2152 in
1859 2108 2251 2171 personarum
2298 2109 2546 2152 numero
2594 2094 2975 2154 nominantur
3019 2095 3219 2173 prisco
3251 2107 3304 2147 1⁵

616 2199 758 2259 dicti
796 2199 1004 2261 verbo:
1041 2202 1304 2261 universi
1340 2202 1403 2261 in
1442 2216 1619 2261 unam
1657 2199 2011 2260 sententiam
2049 2200 2321 2259 conversi
2358 2198 2595 2260 dicendi
2623 2200 2766 2280 quid
2795 2202 2919 2261 sive
2947 2202 3218 2264 faciendi.

792 2307 1041 2368 Auferre
1099 2317 1160 2368 et
1214 2309 1445 2388 eripere
1502 2314 1562 2367 et
1627 2308 1905 2367 adimere.
1997 2306 2193 2367 aufert
2246 2307 2405 2386 quod
2462 2306 2648 2390 dedit,
2710 2308 2914 2369 adimit
2967 2310 3219 2388 imperio

618 2423 886 2495 coactus,
942 2416 1119 2494 eripit
1174 2417 1245 2475 vi.
1337 2417 1535 2495 itaque
1592 2415 1829 2476 auferre
1884 2430 2229 2495 possumus,
2292 2413 2553 2475 adimere
2615 2412 2918 2497 iubemur,
2984 2417 3219 2496 eripere

618 2522 892 2584 valemus

796 2630 1072 2691 Studium
1119 2641 1179 2692 et
1224 2630 1609 2710 disciplinam.
1702 2628 1965 2691 studium
2012 2629 2190 2689 animi
2236 2637 2354 2710 est,
2399 2628 2708 2709 disciplina
2754 2632 2915 2690 artiS.
3247 2643 3303 2683 20

796 2737 1081 2799 Inchoare
1128 2747 1189 2799 et
1233 2739 1515 2818 incipere.
1590 2736 1830 2799 inchoat
1875 2739 1977 2817 qui
2012 2738 2307 2798 incertum
2349 2737 2505 2820 facit,
2540 2738 2750 2817 incipit
2786 2738 2957 2799 cuius
2996 2738 3217 2799 exitum

620 2854 836 2926 sperat.

795 2953 1025 3014 Bonum
1091 2961 1151 3013 et
1214 2952 1605 3014 commodum.
1707 2952 1900 3032 bonus
1965 2955 2284 3033 opponitur
2349 2953 2499 3013 malo
2553 2949 2601 3031 †
2656 2970 2831 3032 quam
2895 2952 3024 3014 aliis
3090 2971 3221 3032 usu,

623 3061 969 3121 commodus
1015 3060 1143 3121 aliis
1190 3063 1528 3122 necessario
1576 3062 1781 3140 utique
1829 3060 2088 3140 prodest.

794 3166 1114 3228 Decenteni
1162 3178 1222 3229 et
1269 3169 1608 3229 formosum.
1702 3167 1922 3228 decens
1969 3170 2029 3228 in
2077 3175 2247 3247 gestu
2296 3175 2388 3228 est
2434 3177 2493 3229 et
2540 3177 2701 3229 motu
2751 3170 3047 3248 corporis,
3105 3167 3219 3227 sor·
3246 3180 3301 3220 2⁵

621 3294 822 3336 mosus
870 3274 941 3335 ab
989 3275 1301 3336 excellenti
1349 3277 1545 3355 specie
1593 3275 1830 3336 dicitur.

795 3382 1081 3443 Decorem
1123 3392 1183 3443 et
1220 3386 1495 3462 speciem.
1578 3382 1758 3443 decor
1797 3385 2128 3444 communis
2167 3389 2259 3443 est
2295 3384 2588 3462 omnium,
2625 3385 2676 3442 is
2713 3383 2853 3443 facit
2890 3383 3219 3442 decentiam

620 3492 866 3571 speciei3
914 3492 1143 3571 species
1179 3493 1418 3571 propria
1455 3492 1521 3552 fit
1558 3493 1865 3569 cuiusque.
1921 3492 2122 3569 itaque
2162 3490 2342 3551 decor
2381 3493 2441 3551 in
2478 3489 2683 3552 habitu
2721 3498 2837 3571 est,
2884 3491 3115 3569 species
3160 3490 3220 3550 in

622 3596 919 3658 membris,

795 3704 983 3766 Litem
1023 3714 1083 3767 et
1122 3708 1600 3767 controversiam.
1694 3705 1765 3765 lis
1811 3706 2103 3785 nascitur,
2151 3706 2473 3783 pertinacia
2511 3704 2696 3764 efficit
2732 3705 3222 3784 controversiam
3248 3718 3301 3759 ³0

797 3945 829 3993 9
867 3939 1098 3994 Nullum
1145 3941 1302 3995 Beda
1346 3945 1518 4006 281‚7
1693 3946 1752 3994 11
1795 3939 2007 3993 Iratum
2051 3939 2211 3994 Beda
2254 3944 2426 4005 27⁶,3
2598 3945 2663 3994 17
2711 3938 2861 3993 Inter
2906 3938 3122 3993 auferre
3166 3941 3226 3992 et

621 4019 865 4074 adimere
895 4022 953 4074 et
980 4019 1192 4090 eripere
1208 4064 1220 4075 .
1238 4020 1541 4076 auferimus
1569 4019 1687 4075 iure
1715 4019 1813 4090 qui
1833 4021 1967 4091 quid
1990 4022 2045 4090 (l.
2068 4020 2158 4075 cui
2176 4019 2334 4090 quid)
2356 4017 2627 4089 dedimus,
2647 4017 2946 4073 adimimus
2964 4018 3223 4086 iussione,

622 4099 887 4170 eripimus
922 4100 1196 4156 violenter
1232 4102 1346 4156 cod.
1387 4101 1569 4156 Mont.

802 4341 842 4388 3.
872 4336 930 4389 et
965 4339 1091 4389 ante
1128 4338 1340 4389 certum
1376 4351 1477 4390 om.
1516 4349 1551 4392 3
1713 4338 1746 4387 8
1783 4333 2065 4405 innotare]
2103 4337 2299 4389 notare
2336 4349 2370 4391 3
2533 4340 2599 4387 10
2635 4332 2693 4386 id
2730 4334 2819 4387 est
2853 4348 3018 4386 nemo
3055 4331 3223 4387 homo

622 4416 689 4470 N
702 4430 736 4473 3
781 4417 845 4470 ut
892 4432 962 4469 ne
1008 4414 1176 4469 homo
1213 4415 1370 4470 Beda
1543 4421 1606 4468 12
1644 4414 1958 4469 Periculum
2004 4417 2063 4468 et
2106 4412 2409 4482 perniciem
2454 4413 2764 4483 periculum
2803 4414 2998 4467 contra
3030 4428 3222 4467 necem

623 4498 852 4551 timetur
895 4494 1170 4564 pernicies
1215 4495 1283 4550 N
1290 4510 1324 4553 3
1361 4494 1676 4550 Periculum
1726 4495 1785 4549 et
1830 4493 2134 4565 perniciem
2173 4536 2185 4549 .
2224 4494 2541 4549 Periculum
2579 4497 2774 4549 contra.
2811 4492 3068 4562 quamuis
3105 4509 3223 4546 rem

623 4577 878 4643 timetur,
925 4576 1200 4646 pernicies
1247 4577 1440 4639 eontra.
1473 4591 1666 4629 necem
1704 4573 2007 4629 Fabricius
2186 4581 2251 4628 13
2300 4575 2534 4630 Feroces
2589 4605 2656 4614 —
2713 4574 2922 4629 similes
2975 4579 3099 4642 post
3151 4578 3223 4627 16

623 4654 866 4710 faciendi
895 4655 1083 4724 posita
1107 4660 1238 4710 sum
1263 4657 1328 4710 in
1354 4670 1388 4713 3
1533 4661 1598 4710 15
1635 4655 1720 4710 ita
1757 4660 1816 4710 et,
1842 4673 1930 4710 res
1958 4671 1992 4714 ς
2137 4655 2355 4726 utique]
2385 4654 2577 4723 itaque
2605 4670 2640 4713 3
2784 4660 2851 4708 17
2879 4653 2979 4722 qui
3004 4652 3163 4708 dedit
3190 4666 3225 4709 3

699 4742 764 4789 18
803 4734 972 4804 eripit
1008 4735 1090 4807 vi]
1129 4734 1337 4805 eripuit
1371 4734 1439 4788 N
1469 4733 1639 4805 eripit:
1674 4735 1772 4803 qui
1809 4734 1936 4803 plus
1972 4735 2128 4791 ualet
2164 4750 2199 4793 3
2342 4741 2409 4789 23
2449 4735 2642 4807 quam]
2681 4734 2776 4804 qui
2817 4732 3121 4789 Fabricius

625 4820 694 4868 28
741 4815 962 4883 proprie
1008 4831 1146 4871 corr.
1194 4813 1421 4885 propria
1462 4815 1530 4869 N
1690 4863 1702 4875 .
1728 4815 1817 4886 fit]
1873 4814 1947 4869 sit,
1997 4818 2080 4871 vel
2124 4816 2189 4869 fit
2233 4815 2299 4869 N
2339 4816 2427 4869 est
2461 4829 2496 4874 3
2699 4813 2758 4869 in
2796 4814 3086 4886 membris]
3123 4812 3223 4868 im-

625 4894 888 4950 membris
923 4895 991 4952 N
