<?xml version="1.0" encoding="UTF-8"?>
<!DOCTYPE html PUBLIC "-//W3C//DTD XHTML 1.0 Transitional//EN"
    "http://www.w3.org/TR/xhtml1/DTD/xhtml1-transitional.dtd">
<html xmlns="http://www.w3.org/1999/xhtml" xml:lang="en" lang="en">
 <head>
  <title>
</title>
<meta http-equiv="Content-Type" content="text/html;charset=utf-8" />
  <meta name='ocr-system' content='tesseract 3.04.00' />
  <meta name='ocr-capabilities' content='ocr_page ocr_carea ocr_par ocr_line ocrx_word'/>
</head>
<body>
  <div class='ocr_page' id='page_1' title='image "./grammaticilatin09keilgoog_0230.png"; bbox 0 0 3613 5528; ppageno 0'>
   <div class='ocr_carea' id='block_1_1' title="bbox 558 367 1985 458">
    <p class='ocr_par' dir='ltr' id='par_1_1' title="bbox 558 367 1985 458">
     <span class='ocr_line' id='line_1_1' title="bbox 558 367 1985 458; baseline -0.007 -2"><span class='ocrx_word' id='word_1_1' title='bbox 558 393 690 458; x_wconf 83' lang='lat'><strong>220</strong></span> <span class='ocrx_word' id='word_1_2' title='bbox 1743 367 1985 446; x_wconf 76' lang='grc' dir='ltr'><strong>ΒΕὺΑΕ</strong></span> 
     </span>
    </p>
   </div>
   <div class='ocr_carea' id='block_1_2' title="bbox 507 567 3174 4926">
    <p class='ocr_par' dir='ltr' id='par_1_2' title="bbox 558 567 3174 765">
     <span class='ocr_line' id='line_1_2' title="bbox 558 567 3174 660; baseline -0.001 -20"><span class='ocrx_word' id='word_1_3' title='bbox 558 585 667 640; x_wconf 82' lang='lat' dir='ltr'><strong>tua</strong></span> <span class='ocrx_word' id='word_1_4' title='bbox 715 571 800 660; x_wconf 89' lang='lat' dir='ltr'><strong>(p.</strong></span> <span class='ocrx_word' id='word_1_5' title='bbox 849 575 1009 659; x_wconf 87' lang='lat'><strong>611,</strong></span> <span class='ocrx_word' id='word_1_6' title='bbox 1061 575 1138 638; x_wconf 82' lang='lat'><strong>17</strong></span> <span class='ocrx_word' id='word_1_7' title='bbox 1188 576 1277 637; x_wconf 92' lang='lat' dir='ltr'><strong>ed.</strong></span> <span class='ocrx_word' id='word_1_8' title='bbox 1323 570 1555 659; x_wconf 83' lang='lat' dir='ltr'>Halm),</span> <span class='ocrx_word' id='word_1_9' title='bbox 1603 579 1875 657; x_wconf 88' lang='lat' dir='ltr'><strong>sequitur</strong></span> <span class='ocrx_word' id='word_1_10' title='bbox 1920 575 2187 656; x_wconf 91' lang='lat' dir='ltr'><strong>Pompeii</strong></span> <span class='ocrx_word' id='word_1_11' title='bbox 2234 577 2696 639; x_wconf 88' lang='lat' dir='ltr'><strong>commentarius</strong></span> <span class='ocrx_word' id='word_1_12' title='bbox 2743 576 2805 637; x_wconf 92' lang='lat' dir='ltr'><strong>in</strong></span> <span class='ocrx_word' id='word_1_13' title='bbox 2852 567 3174 638; x_wconf 78' lang='lat' dir='ltr'><strong>Donatum:</strong></span> 
     </span>
     <span class='ocr_line' id='line_1_3' title="bbox 559 680 2136 765; baseline -0.003 -19"><span class='ocrx_word' id='word_1_14' title='bbox 559 687 632 746; x_wconf 82' lang='lat' dir='ltr'><strong>cf.</strong></span> <span class='ocrx_word' id='word_1_15' title='bbox 679 703 926 765; x_wconf 83' lang='lat' dir='ltr'>gramm.</span> <span class='ocrx_word' id='word_1_16' title='bbox 972 684 1069 744; x_wconf 88' lang='lat' dir='ltr'><strong>lat.</strong></span> <span class='ocrx_word' id='word_1_17' title='bbox 1118 703 1168 744; x_wconf 90' lang='lat' dir='ltr'><strong>v.</strong></span> <span class='ocrx_word' id='word_1_18' title='bbox 1217 682 1289 743; x_wconf 92' lang='lat' dir='ltr'><strong>1v</strong></span> <span class='ocrx_word' id='word_1_19' title='bbox 1336 703 1392 763; x_wconf 92' lang='lat' dir='ltr'><strong>p.</strong></span> <span class='ocrx_word' id='word_1_20' title='bbox 1441 682 1682 743; x_wconf 80' lang='lat' dir='ltr'>XXXIII</span> <span class='ocrx_word' id='word_1_21' title='bbox 1730 691 1791 743; x_wconf 87' lang='lat' dir='ltr'><strong>et</strong></span> <span class='ocrx_word' id='word_1_22' title='bbox 1837 682 1883 740; x_wconf 91' lang='lat' dir='ltr'><strong>V</strong></span> <span class='ocrx_word' id='word_1_23' title='bbox 1930 702 1985 762; x_wconf 88' lang='lat' dir='ltr'><strong>p.</strong></span> <span class='ocrx_word' id='word_1_24' title='bbox 2035 680 2136 742; x_wconf 79' lang='lat'><strong>84.</strong></span> 
     </span>
    </p>

    <p class='ocr_par' dir='ltr' id='par_1_3' title="bbox 553 788 3173 2364">
     <span class='ocr_line' id='line_1_4' title="bbox 733 788 3171 870; baseline -0.001 -18"><span class='ocrx_word' id='word_1_25' title='bbox 733 791 1047 853; x_wconf 82' lang='lat' dir='ltr'><strong>Lectiones</strong></span> <span class='ocrx_word' id='word_1_26' title='bbox 1096 792 1277 852; x_wconf 92' lang='lat' dir='ltr'><strong>trium</strong></span> <span class='ocrx_word' id='word_1_27' title='bbox 1315 788 1588 850; x_wconf 88' lang='lat' dir='ltr'><strong>codicum</strong></span> <span class='ocrx_word' id='word_1_28' title='bbox 1627 808 1764 851; x_wconf 92' lang='lat' dir='ltr'><strong>cum</strong></span> <span class='ocrx_word' id='word_1_29' title='bbox 1811 791 1883 850; x_wconf 90' lang='lat' dir='ltr'><strong>iis</strong></span> <span class='ocrx_word' id='word_1_30' title='bbox 1931 807 2080 868; x_wconf 90' lang='lat' dir='ltr'><strong>quae</strong></span> <span class='ocrx_word' id='word_1_31' title='bbox 2129 791 2190 849; x_wconf 91' lang='lat' dir='ltr'><strong>in</strong></span> <span class='ocrx_word' id='word_1_32' title='bbox 2239 791 2440 868; x_wconf 90' lang='lat' dir='ltr'><strong>priore</strong></span> <span class='ocrx_word' id='word_1_33' title='bbox 2479 789 2775 870; x_wconf 89' lang='lat' dir='ltr'><strong>scriptura</strong></span> <span class='ocrx_word' id='word_1_34' title='bbox 2818 808 2936 851; x_wconf 93' lang='lat' dir='ltr'><strong>non</strong></span> <span class='ocrx_word' id='word_1_35' title='bbox 2985 788 3171 851; x_wconf 92' lang='lat' dir='ltr'><strong>multo</strong></span> 
     </span>
     <span class='ocr_line' id='line_1_5' title="bbox 555 895 3173 979; baseline -0 -21"><span class='ocrx_word' id='word_1_36' title='bbox 555 905 719 979; x_wconf 89' lang='lat' dir='ltr'><strong>post,</strong></span> <span class='ocrx_word' id='word_1_37' title='bbox 768 905 832 958; x_wconf 91' lang='lat' dir='ltr'><strong>ut</strong></span> <span class='ocrx_word' id='word_1_38' title='bbox 876 896 1138 977; x_wconf 88' lang='lat' dir='ltr'><strong>videtur,</strong></span> <span class='ocrx_word' id='word_1_39' title='bbox 1184 904 1406 957; x_wconf 89' lang='lat' dir='ltr'><strong>mutata</strong></span> <span class='ocrx_word' id='word_1_40' title='bbox 1446 905 1586 957; x_wconf 87' lang='lat' dir='ltr'><strong>sunt</strong></span> <span class='ocrx_word' id='word_1_41' title='bbox 1631 897 1925 975; x_wconf 84' lang='lat' dir='ltr'><strong>integram</strong></span> <span class='ocrx_word' id='word_1_42' title='bbox 1970 895 2249 978; x_wconf 85' lang='lat' dir='ltr'><strong>indicavi,</strong></span> <span class='ocrx_word' id='word_1_43' title='bbox 2297 898 2533 957; x_wconf 89' lang='lat' dir='ltr'><strong>omissis</strong></span> <span class='ocrx_word' id='word_1_44' title='bbox 2571 897 2810 976; x_wconf 90' lang='lat' dir='ltr'><strong>quidem</strong></span> <span class='ocrx_word' id='word_1_45' title='bbox 2848 895 3173 958; x_wconf 87' lang='lat' dir='ltr'><strong>levioribus</strong></span> 
     </span>
     <span class='ocr_line' id='line_1_6' title="bbox 558 1001 3172 1085; baseline -0.001 -20"><span class='ocrx_word' id='word_1_46' title='bbox 558 1007 890 1085; x_wconf 82' lang='lat' dir='ltr'>scripturae</span> <span class='ocrx_word' id='word_1_47' title='bbox 938 1003 1383 1084; x_wconf 81' lang='lat' dir='ltr'><strong>discrepantiiS,</strong></span> <span class='ocrx_word' id='word_1_48' title='bbox 1430 1019 1579 1081; x_wconf 90' lang='lat' dir='ltr'><strong>quae</strong></span> <span class='ocrx_word' id='word_1_49' title='bbox 1620 1001 1841 1062; x_wconf 90' lang='lat' dir='ltr'><strong>nullius</strong></span> <span class='ocrx_word' id='word_1_50' title='bbox 1879 1004 2163 1063; x_wconf 84' lang='lat' dir='ltr'>momenti</span> <span class='ocrx_word' id='word_1_51' title='bbox 2210 1004 2270 1062; x_wconf 90' lang='lat' dir='ltr'><strong>in</strong></span> <span class='ocrx_word' id='word_1_52' title='bbox 2317 1002 2430 1063; x_wconf 90' lang='lat' dir='ltr'><strong>hoc</strong></span> <span class='ocrx_word' id='word_1_53' title='bbox 2476 1004 2828 1083; x_wconf 85' lang='lat' dir='ltr'><strong>praesertim</strong></span> <span class='ocrx_word' id='word_1_54' title='bbox 2877 1005 3172 1082; x_wconf 79' lang='lat' dir='ltr'><strong>scriptore</strong></span> 
     </span>
     <span class='ocr_line' id='line_1_7' title="bbox 557 1107 3170 1191; baseline -0 -19"><span class='ocrx_word' id='word_1_55' title='bbox 557 1119 713 1172; x_wconf 87' lang='lat' dir='ltr'><strong>sunt.</strong></span> <span class='ocrx_word' id='word_1_56' title='bbox 790 1110 864 1171; x_wconf 92' lang='lat' dir='ltr'><strong>de</strong></span> <span class='ocrx_word' id='word_1_57' title='bbox 913 1112 1130 1171; x_wconf 89' lang='lat' dir='ltr'><strong>ceteris</strong></span> <span class='ocrx_word' id='word_1_58' title='bbox 1178 1107 1512 1191; x_wconf 89' lang='lat' dir='ltr'><strong>codicibus,</strong></span> <span class='ocrx_word' id='word_1_59' title='bbox 1558 1127 1814 1189; x_wconf 91' lang='lat' dir='ltr'><strong>quorum</strong></span> <span class='ocrx_word' id='word_1_60' title='bbox 1863 1127 2109 1189; x_wconf 84' lang='lat' dir='ltr'><strong>magnus</strong></span> <span class='ocrx_word' id='word_1_61' title='bbox 2147 1118 2423 1189; x_wconf 90' lang='lat' dir='ltr'><strong>superest</strong></span> <span class='ocrx_word' id='word_1_62' title='bbox 2461 1128 2778 1191; x_wconf 89' lang='lat' dir='ltr'><strong>numerus,</strong></span> <span class='ocrx_word' id='word_1_63' title='bbox 2825 1128 2949 1175; x_wconf 84' lang='lat' dir='ltr'><strong>nou.</strong></span> <span class='ocrx_word' id='word_1_64' title='bbox 2991 1128 3170 1190; x_wconf 91' lang='lat' dir='ltr'><strong>quae-</strong></span> 
     </span>
     <span class='ocr_line' id='line_1_8' title="bbox 559 1215 3173 1306; baseline 0 -28"><span class='ocrx_word' id='word_1_65' title='bbox 559 1220 687 1298; x_wconf 86' lang='lat' dir='ltr'><strong>sivi,</strong></span> <span class='ocrx_word' id='word_1_66' title='bbox 716 1236 909 1298; x_wconf 92' lang='lat' dir='ltr'><strong>neque</strong></span> <span class='ocrx_word' id='word_1_67' title='bbox 948 1218 1266 1277; x_wconf 79' lang='lat' dir='ltr'><strong>certiorem</strong></span> <span class='ocrx_word' id='word_1_68' title='bbox 1302 1235 1512 1278; x_wconf 91' lang='lat' dir='ltr'><strong>eorum</strong></span> <span class='ocrx_word' id='word_1_69' title='bbox 1549 1215 1726 1277; x_wconf 86' lang='lat' dir='ltr'><strong>fidem</strong></span> <span class='ocrx_word' id='word_1_70' title='bbox 1764 1235 1897 1278; x_wconf 90' lang='lat' dir='ltr'><strong>esse</strong></span> <span class='ocrx_word' id='word_1_71' title='bbox 1937 1225 2085 1299; x_wconf 80' lang='lat' dir='ltr'><strong>putq</strong></span> <span class='ocrx_word' id='word_1_72' title='bbox 2121 1234 2296 1306; x_wconf 77' lang='lat' dir='ltr'><strong>quam</strong></span> <span class='ocrx_word' id='word_1_73' title='bbox 2337 1235 2543 1278; x_wconf 90' lang='lat' dir='ltr'><strong>eorum</strong></span> <span class='ocrx_word' id='word_1_74' title='bbox 2582 1235 2733 1297; x_wconf 90' lang='lat' dir='ltr'><strong>quos</strong></span> <span class='ocrx_word' id='word_1_75' title='bbox 2770 1215 3028 1278; x_wconf 84' lang='lat' dir='ltr'>adhibui.</span> <span class='ocrx_word' id='word_1_76' title='bbox 3100 1237 3173 1279; x_wconf 83' lang='lat' dir='ltr'><strong>ex</strong></span> 
     </span>
     <span class='ocr_line' id='line_1_9' title="bbox 553 1322 3170 1404; baseline 0 -20"><span class='ocrx_word' id='word_1_77' title='bbox 553 1323 648 1385; x_wconf 89' lang='lat' dir='ltr'><strong>his</strong></span> <span class='ocrx_word' id='word_1_78' title='bbox 693 1332 892 1385; x_wconf 91' lang='lat' dir='ltr'><strong>autem</strong></span> <span class='ocrx_word' id='word_1_79' title='bbox 937 1325 999 1384; x_wconf 90' lang='lat' dir='ltr'><strong>in</strong></span> <span class='ocrx_word' id='word_1_80' title='bbox 1046 1324 1255 1403; x_wconf 88' lang='lat' dir='ltr'><strong>primis</strong></span> <span class='ocrx_word' id='word_1_81' title='bbox 1301 1323 1713 1384; x_wconf 86' lang='lat' dir='ltr'><strong>Monacensem</strong></span> <span class='ocrx_word' id='word_1_82' title='bbox 1762 1329 2005 1385; x_wconf 87' lang='lat' dir='ltr'><strong>secutus</strong></span> <span class='ocrx_word' id='word_1_83' title='bbox 2053 1340 2212 1403; x_wconf 89' lang='lat' dir='ltr'><strong>sum,</strong></span> <span class='ocrx_word' id='word_1_84' title='bbox 2269 1341 2445 1403; x_wconf 92' lang='lat' dir='ltr'><strong>quem</strong></span> <span class='ocrx_word' id='word_1_85' title='bbox 2493 1330 2555 1384; x_wconf 91' lang='lat' dir='ltr'><strong>et</strong></span> <span class='ocrx_word' id='word_1_86' title='bbox 2598 1322 2942 1403; x_wconf 86' lang='lat' dir='ltr'><strong>diligentius</strong></span> <span class='ocrx_word' id='word_1_87' title='bbox 2990 1342 3170 1404; x_wconf 92' lang='lat' dir='ltr'><strong>quam</strong></span> 
     </span>
     <span class='ocr_line' id='line_1_10' title="bbox 557 1427 3172 1511; baseline 0 -21"><span class='ocrx_word' id='word_1_88' title='bbox 557 1430 818 1509; x_wconf 89' lang='lat' dir='ltr'><strong>reliquos</strong></span> <span class='ocrx_word' id='word_1_89' title='bbox 865 1429 1015 1490; x_wconf 92' lang='lat' dir='ltr'><strong>duos</strong></span> <span class='ocrx_word' id='word_1_90' title='bbox 1069 1431 1359 1508; x_wconf 90' lang='lat' dir='ltr'><strong>scriptum</strong></span> <span class='ocrx_word' id='word_1_91' title='bbox 1407 1447 1538 1490; x_wconf 89' lang='lat' dir='ltr'><strong>esse</strong></span> <span class='ocrx_word' id='word_1_92' title='bbox 1596 1431 1794 1490; x_wconf 88' lang='lat' dir='ltr'><strong>inveni</strong></span> <span class='ocrx_word' id='word_1_93' title='bbox 1851 1436 1912 1489; x_wconf 88' lang='lat' dir='ltr'><strong>et</strong></span> <span class='ocrx_word' id='word_1_94' title='bbox 1957 1428 2029 1490; x_wconf 97' lang='lat' dir='ltr'><strong>ab</strong></span> <span class='ocrx_word' id='word_1_95' title='bbox 2075 1427 2306 1490; x_wconf 85' lang='lat' dir='ltr'>Halmio</span> <span class='ocrx_word' id='word_1_96' title='bbox 2352 1429 2422 1489; x_wconf 93' lang='lat' dir='ltr'><strong>ad</strong></span> <span class='ocrx_word' id='word_1_97' title='bbox 2481 1447 2574 1490; x_wconf 92' lang='lat' dir='ltr'><strong>me</strong></span> <span class='ocrx_word' id='word_1_98' title='bbox 2623 1431 2869 1491; x_wconf 90' lang='lat' dir='ltr'><strong>missum</strong></span> <span class='ocrx_word' id='word_1_99' title='bbox 2932 1433 2994 1491; x_wconf 93' lang='lat' dir='ltr'><strong>in</strong></span> <span class='ocrx_word' id='word_1_100' title='bbox 3040 1432 3172 1511; x_wconf 89' lang='lat' dir='ltr'><strong>ipso</strong></span> 
     </span>
     <span class='ocr_line' id='line_1_11' title="bbox 558 1536 3173 1617; baseline 0.001 -22"><span class='ocrx_word' id='word_1_101' title='bbox 558 1554 739 1615; x_wconf 90' lang='lat' dir='ltr'><strong>opere</strong></span> <span class='ocrx_word' id='word_1_102' title='bbox 780 1536 1047 1596; x_wconf 79' lang='lat' dir='ltr'><strong>faciendo</strong></span> <span class='ocrx_word' id='word_1_103' title='bbox 1086 1538 1338 1596; x_wconf 85' lang='lat' dir='ltr'><strong>excussi.</strong></span> <span class='ocrx_word' id='word_1_104' title='bbox 1414 1553 1597 1615; x_wconf 90' lang='lat' dir='ltr'><strong>quare</strong></span> <span class='ocrx_word' id='word_1_105' title='bbox 1638 1536 1815 1598; x_wconf 87' lang='lat' dir='ltr'><strong>huius</strong></span> <span class='ocrx_word' id='word_1_106' title='bbox 1852 1537 2229 1617; x_wconf 89' lang='lat' dir='ltr'><strong>potissimum</strong></span> <span class='ocrx_word' id='word_1_107' title='bbox 2268 1538 2565 1615; x_wconf 90' lang='lat' dir='ltr'><strong>scriptura</strong></span> <span class='ocrx_word' id='word_1_108' title='bbox 2601 1544 2878 1597; x_wconf 89' lang='lat' dir='ltr'><strong>accurate</strong></span> <span class='ocrx_word' id='word_1_109' title='bbox 2916 1537 3173 1598; x_wconf 89' lang='lat' dir='ltr'><strong>indicata</strong></span> 
     </span>
     <span class='ocr_line' id='line_1_12' title="bbox 558 1641 3173 1723; baseline 0 -20"><span class='ocrx_word' id='word_1_110' title='bbox 558 1650 665 1704; x_wconf 90' lang='lat' dir='ltr'><strong>est.</strong></span> <span class='ocrx_word' id='word_1_111' title='bbox 742 1642 1038 1704; x_wconf 91' lang='lat' dir='ltr'><strong>editorum</strong></span> <span class='ocrx_word' id='word_1_112' title='bbox 1085 1641 1490 1721; x_wconf 85' lang='lat' dir='ltr'><strong>exemplorum</strong></span> <span class='ocrx_word' id='word_1_113' title='bbox 1548 1641 1835 1704; x_wconf 90' lang='lat' dir='ltr'><strong>lectiones</strong></span> <span class='ocrx_word' id='word_1_114' title='bbox 1889 1643 2094 1723; x_wconf 89' lang='lat' dir='ltr'><strong>paucis</strong></span> <span class='ocrx_word' id='word_1_115' title='bbox 2154 1641 2302 1703; x_wconf 90' lang='lat' dir='ltr'><strong>locis</strong></span> <span class='ocrx_word' id='word_1_116' title='bbox 2357 1641 2645 1704; x_wconf 82' lang='lat' dir='ltr'><strong>adnotavi.</strong></span> <span class='ocrx_word' id='word_1_117' title='bbox 2723 1642 2920 1705; x_wconf 89' lang='lat' dir='ltr'><strong>editus</strong></span> <span class='ocrx_word' id='word_1_118' title='bbox 2973 1651 3173 1704; x_wconf 90' lang='lat' dir='ltr'><strong>autem</strong></span> 
     </span>
     <span class='ocr_line' id='line_1_13' title="bbox 559 1745 3173 1832; baseline -0 -21"><span class='ocrx_word' id='word_1_119' title='bbox 559 1759 651 1811; x_wconf 89' lang='lat' dir='ltr'><strong>est</strong></span> <span class='ocrx_word' id='word_1_120' title='bbox 705 1750 802 1812; x_wconf 89' lang='lat' dir='ltr'><strong>hic</strong></span> <span class='ocrx_word' id='word_1_121' title='bbox 858 1750 1009 1812; x_wconf 91' lang='lat' dir='ltr'><strong>liber</strong></span> <span class='ocrx_word' id='word_1_122' title='bbox 1063 1751 1324 1829; x_wconf 88' lang='lat' dir='ltr'><strong>primum</strong></span> <span class='ocrx_word' id='word_1_123' title='bbox 1370 1766 1506 1810; x_wconf 91' lang='lat' dir='ltr'><strong>cum</strong></span> <span class='ocrx_word' id='word_1_124' title='bbox 1553 1748 1681 1810; x_wconf 90' lang='lat' dir='ltr'><strong>aliis</strong></span> <span class='ocrx_word' id='word_1_125' title='bbox 1738 1750 2137 1828; x_wconf 84' lang='lat' dir='ltr'><strong>grammaticis</strong></span> <span class='ocrx_word' id='word_1_126' title='bbox 2182 1748 2496 1811; x_wconf 82' lang='lat' dir='ltr'><strong>Mediolani</strong></span> <span class='ocrx_word' id='word_1_127' title='bbox 2541 1768 2591 1810; x_wconf 91' lang='lat' dir='ltr'><strong>a.</strong></span> <span class='ocrx_word' id='word_1_128' title='bbox 2643 1745 2832 1832; x_wconf 82' lang='lat'><strong>1473,</strong></span> <span class='ocrx_word' id='word_1_129' title='bbox 2878 1749 3093 1811; x_wconf 89' lang='lat' dir='ltr'><strong>deinde</strong></span> <span class='ocrx_word' id='word_1_130' title='bbox 3139 1768 3173 1810; x_wconf 90' lang='lat' dir='ltr'><strong>a</strong></span> 
     </span>
     <span class='ocr_line' id='line_1_14' title="bbox 555 1852 3172 1936; baseline -0.001 -17"><span class='ocrx_word' id='word_1_131' title='bbox 555 1858 695 1919; x_wconf 90' lang='lat' dir='ltr'><strong>Iano</strong></span> <span class='ocrx_word' id='word_1_132' title='bbox 742 1857 1058 1919; x_wconf 90' lang='lat' dir='ltr'><strong>Parrhasio</strong></span> <span class='ocrx_word' id='word_1_133' title='bbox 1105 1855 1417 1918; x_wconf 86' lang='lat' dir='ltr'><strong>Mediolani</strong></span> <span class='ocrx_word' id='word_1_134' title='bbox 1471 1874 1522 1916; x_wconf 91' lang='lat' dir='ltr'><strong>a.</strong></span> <span class='ocrx_word' id='word_1_135' title='bbox 1576 1852 1774 1918; x_wconf 85' lang='lat'>1504:</span> <span class='ocrx_word' id='word_1_136' title='bbox 1834 1856 1908 1917; x_wconf 82' lang='lat' dir='ltr'><strong>cf.</strong></span> <span class='ocrx_word' id='word_1_137' title='bbox 1965 1873 2207 1935; x_wconf 83' lang='lat' dir='ltr'>gramm.</span> <span class='ocrx_word' id='word_1_138' title='bbox 2255 1854 2352 1917; x_wconf 88' lang='lat' dir='ltr'><strong>lat.</strong></span> <span class='ocrx_word' id='word_1_139' title='bbox 2418 1875 2469 1916; x_wconf 90' lang='lat' dir='ltr'><strong>v.</strong></span> <span class='ocrx_word' id='word_1_140' title='bbox 2516 1854 2591 1916; x_wconf 93' lang='lat' dir='ltr'><strong>IV</strong></span> <span class='ocrx_word' id='word_1_141' title='bbox 2644 1875 2701 1936; x_wconf 90' lang='lat' dir='ltr'><strong>p.</strong></span> <span class='ocrx_word' id='word_1_142' title='bbox 2748 1855 2828 1917; x_wconf 84' lang='lat' dir='ltr'><strong>IX</strong></span> <span class='ocrx_word' id='word_1_143' title='bbox 2874 1864 2932 1917; x_wconf 86' lang='lat' dir='ltr'><strong>et</strong></span> <span class='ocrx_word' id='word_1_144' title='bbox 2979 1855 3172 1917; x_wconf 85' lang='lat' dir='ltr'>XLIV.</span> 
     </span>
     <span class='ocr_line' id='line_1_15' title="bbox 553 1962 3172 2044; baseline -0 -20"><span class='ocrx_word' id='word_1_145' title='bbox 553 1963 853 2025; x_wconf 89' lang='lat' dir='ltr'><strong>Parrhasii</strong></span> <span class='ocrx_word' id='word_1_146' title='bbox 912 1963 1233 2025; x_wconf 82' lang='lat' dir='ltr'><strong>editionem</strong></span> <span class='ocrx_word' id='word_1_147' title='bbox 1281 1965 1472 2024; x_wconf 89' lang='lat' dir='ltr'><strong>secuti</strong></span> <span class='ocrx_word' id='word_1_148' title='bbox 1530 1971 1670 2023; x_wconf 88' lang='lat' dir='ltr'><strong>sunt</strong></span> <span class='ocrx_word' id='word_1_149' title='bbox 1727 1965 1831 2042; x_wconf 89' lang='lat' dir='ltr'><strong>qui</strong></span> <span class='ocrx_word' id='word_1_150' title='bbox 1879 1972 2086 2044; x_wconf 89' lang='lat' dir='ltr'><strong>postea</strong></span> <span class='ocrx_word' id='word_1_151' title='bbox 2133 1963 2224 2024; x_wconf 82' lang='lat' dir='ltr'><strong>vel</strong></span> <span class='ocrx_word' id='word_1_152' title='bbox 2272 1981 2407 2024; x_wconf 89' lang='lat' dir='ltr'><strong>cum</strong></span> <span class='ocrx_word' id='word_1_153' title='bbox 2454 1962 2583 2025; x_wconf 86' lang='lat' dir='ltr'><strong>aliis</strong></span> <span class='ocrx_word' id='word_1_154' title='bbox 2634 1965 3034 2043; x_wconf 86' lang='lat' dir='ltr'><strong>grammaticis</strong></span> <span class='ocrx_word' id='word_1_155' title='bbox 3081 1963 3172 2023; x_wconf 84' lang='lat' dir='ltr'><strong>vel</strong></span> 
     </span>
     <span class='ocr_line' id='line_1_16' title="bbox 554 2069 3169 2152; baseline 0 -21"><span class='ocrx_word' id='word_1_156' title='bbox 554 2089 690 2132; x_wconf 90' lang='lat' dir='ltr'><strong>cum</strong></span> <span class='ocrx_word' id='word_1_157' title='bbox 730 2070 976 2152; x_wconf 90' lang='lat' dir='ltr'><strong>reliquis</strong></span> <span class='ocrx_word' id='word_1_158' title='bbox 1013 2069 1205 2132; x_wconf 89' lang='lat' dir='ltr'><strong>Bedae</strong></span> <span class='ocrx_word' id='word_1_159' title='bbox 1243 2070 1411 2132; x_wconf 89' lang='lat' dir='ltr'><strong>libris</strong></span> <span class='ocrx_word' id='word_1_160' title='bbox 1456 2070 1617 2132; x_wconf 91' lang='lat' dir='ltr'><strong>hunc</strong></span> <span class='ocrx_word' id='word_1_161' title='bbox 1663 2070 1884 2132; x_wconf 89' lang='lat' dir='ltr'><strong>librum</strong></span> <span class='ocrx_word' id='word_1_162' title='bbox 1921 2070 2255 2132; x_wconf 89' lang='lat' dir='ltr'><strong>ediderunt.</strong></span> <span class='ocrx_word' id='word_1_163' title='bbox 2330 2088 2526 2151; x_wconf 89' lang='lat' dir='ltr'><strong>neque</strong></span> <span class='ocrx_word' id='word_1_164' title='bbox 2574 2072 2627 2130; x_wconf 90' lang='lat' dir='ltr'><strong>is</strong></span> <span class='ocrx_word' id='word_1_165' title='bbox 2672 2072 2806 2150; x_wconf 92' lang='lat' dir='ltr'><strong>quis</strong></span> <span class='ocrx_word' id='word_1_166' title='bbox 2847 2072 3169 2132; x_wconf 82' lang='lat' dir='ltr'><strong>novissime</strong></span> 
     </span>
     <span class='ocr_line' id='line_1_17' title="bbox 553 2173 3170 2259; baseline -0 -21"><span class='ocrx_word' id='word_1_167' title='bbox 553 2196 690 2238; x_wconf 89' lang='lat' dir='ltr'><strong>eum</strong></span> <span class='ocrx_word' id='word_1_168' title='bbox 739 2176 951 2257; x_wconf 87' lang='lat' dir='ltr'><strong>edidit,</strong></span> <span class='ocrx_word' id='word_1_169' title='bbox 997 2175 1253 2237; x_wconf 87' lang='lat' dir='ltr'><strong>Gilesius</strong></span> <span class='ocrx_word' id='word_1_170' title='bbox 1298 2175 1490 2238; x_wconf 91' lang='lat' dir='ltr'><strong>Bedae</strong></span> <span class='ocrx_word' id='word_1_171' title='bbox 1540 2195 1631 2258; x_wconf 91' lang='lat' dir='ltr'><strong>op.</strong></span> <span class='ocrx_word' id='word_1_172' title='bbox 1680 2196 1730 2237; x_wconf 81' lang='lat' dir='ltr'><strong>v.</strong></span> <span class='ocrx_word' id='word_1_173' title='bbox 1778 2175 1853 2237; x_wconf 92' lang='lat' dir='ltr'><strong>VI</strong></span> <span class='ocrx_word' id='word_1_174' title='bbox 1897 2196 1953 2257; x_wconf 88' lang='lat' dir='ltr'><strong>p.</strong></span> <span class='ocrx_word' id='word_1_175' title='bbox 1991 2173 2080 2240; x_wconf 87' lang='lat'><strong>40</strong></span> <span class='ocrx_word' id='word_1_176' title='bbox 2108 2196 2268 2259; x_wconf 71' lang='lat' dir='ltr'><strong>sqq,</strong></span> <span class='ocrx_word' id='word_1_177' title='bbox 2313 2196 2492 2239; x_wconf 90' lang='lat' dir='ltr'><strong>manu</strong></span> <span class='ocrx_word' id='word_1_178' title='bbox 2539 2178 2794 2257; x_wconf 87' lang='lat' dir='ltr'><strong>scriptos</strong></span> <span class='ocrx_word' id='word_1_179' title='bbox 2840 2175 3026 2238; x_wconf 88' lang='lat' dir='ltr'><strong>libros</strong></span> <span class='ocrx_word' id='word_1_180' title='bbox 3073 2176 3170 2237; x_wconf 92' lang='lat' dir='ltr'><strong>ad-</strong></span> 
     </span>
     <span class='ocr_line' id='line_1_18' title="bbox 556 2283 2212 2364; baseline 0 -19"><span class='ocrx_word' id='word_1_181' title='bbox 556 2284 750 2346; x_wconf 89' lang='lat' dir='ltr'><strong>hibuit</strong></span> <span class='ocrx_word' id='word_1_182' title='bbox 793 2283 885 2345; x_wconf 90' lang='lat' dir='ltr'><strong>vel</strong></span> <span class='ocrx_word' id='word_1_183' title='bbox 931 2283 1004 2346; x_wconf 91' lang='lat' dir='ltr'><strong>ad</strong></span> <span class='ocrx_word' id='word_1_184' title='bbox 1052 2283 1528 2345; x_wconf 90' lang='lat' dir='ltr'><strong>emendationem</strong></span> <span class='ocrx_word' id='word_1_185' title='bbox 1573 2284 1896 2364; x_wconf 90' lang='lat' dir='ltr'><strong>quidquam</strong></span> <span class='ocrx_word' id='word_1_186' title='bbox 1944 2284 2212 2346; x_wconf 90' lang='lat' dir='ltr'><strong>contulit.</strong></span> 
     </span>
    </p>

    <p class='ocr_par' dir='ltr' id='par_1_4' title="bbox 507 2388 3174 3640">
     <span class='ocr_line' id='line_1_19' title="bbox 732 2388 3172 2471; baseline 0 -20"><span class='ocrx_word' id='word_1_187' title='bbox 732 2390 1187 2469; x_wconf 87' lang='lat' dir='ltr'><strong>Inscriptionem</strong></span> <span class='ocrx_word' id='word_1_188' title='bbox 1248 2388 1384 2450; x_wconf 90' lang='lat' dir='ltr'><strong>libri</strong></span> <span class='ocrx_word' id='word_1_189' title='bbox 1430 2393 1506 2452; x_wconf 84' lang='lat' dir='ltr'><strong>de</strong></span> <span class='ocrx_word' id='word_1_190' title='bbox 1551 2398 1689 2452; x_wconf 84' lang='lat' dir='ltr'><strong>arte</strong></span> <span class='ocrx_word' id='word_1_191' title='bbox 1732 2393 1990 2452; x_wconf 84' lang='lat' dir='ltr'><strong>metrica</strong></span> <span class='ocrx_word' id='word_1_192' title='bbox 2043 2409 2155 2471; x_wconf 92' lang='lat' dir='ltr'><strong>pro</strong></span> <span class='ocrx_word' id='word_1_193' title='bbox 2203 2408 2270 2451; x_wconf 90' lang='lat' dir='ltr'><strong>ea</strong></span> <span class='ocrx_word' id='word_1_194' title='bbox 2317 2409 2467 2469; x_wconf 87' lang='lat' dir='ltr'><strong>quae</strong></span> <span class='ocrx_word' id='word_1_195' title='bbox 2515 2391 2707 2453; x_wconf 91' lang='lat' dir='ltr'><strong>adhuc</strong></span> <span class='ocrx_word' id='word_1_196' title='bbox 2755 2410 2828 2452; x_wconf 85' lang='lat' dir='ltr'><strong>ex</strong></span> <span class='ocrx_word' id='word_1_197' title='bbox 2872 2390 3172 2452; x_wconf 90' lang='lat' dir='ltr'><strong>Parrhasii</strong></span> 
     </span>
     <span class='ocr_line' id='line_1_20' title="bbox 555 2470 3167 2577; baseline -0 -19"><span class='ocrx_word' id='word_1_198' title='bbox 555 2496 813 2559; x_wconf 88' lang='lat' dir='ltr'><strong>editione</strong></span> <span class='ocrx_word' id='word_1_199' title='bbox 860 2503 1180 2576; x_wconf 84' lang='lat' dir='ltr'><strong>propagata</strong></span> <span class='ocrx_word' id='word_1_200' title='bbox 1226 2493 1547 2577; x_wconf 81' lang='lat' dir='ltr'><strong>serebatur,</strong></span> <span class='ocrx_word' id='word_1_201' title='bbox 1583 2470 1671 2557; x_wconf 51' lang='lat' dir='ltr'><strong>&#39;de</strong></span> <span class='ocrx_word' id='word_1_202' title='bbox 1707 2499 1966 2558; x_wconf 86' lang='lat' dir='ltr'><strong>metrica</strong></span> <span class='ocrx_word' id='word_1_203' title='bbox 2003 2499 2272 2576; x_wconf 82' lang='lat' dir='ltr'><strong>ratione,</strong></span> <span class='ocrx_word' id='word_1_204' title='bbox 2319 2498 2572 2557; x_wconf 89' lang='lat' dir='ltr'><strong>restitui.</strong></span> <span class='ocrx_word' id='word_1_205' title='bbox 2648 2514 2784 2558; x_wconf 91' lang='lat' dir='ltr'><strong>nam</strong></span> <span class='ocrx_word' id='word_1_206' title='bbox 2822 2504 2883 2557; x_wconf 88' lang='lat' dir='ltr'><strong>et</strong></span> <span class='ocrx_word' id='word_1_207' title='bbox 2920 2498 2981 2557; x_wconf 91' lang='lat' dir='ltr'><strong>in</strong></span> <span class='ocrx_word' id='word_1_208' title='bbox 3019 2499 3167 2558; x_wconf 88' lang='lat' dir='ltr'><strong>anti-</strong></span> 
     </span>
     <span class='ocr_line' id='line_1_21' title="bbox 556 2601 3167 2684; baseline -0.001 -19"><span class='ocrx_word' id='word_1_209' title='bbox 556 2605 859 2683; x_wconf 89' lang='lat' dir='ltr'><strong>quissimis</strong></span> <span class='ocrx_word' id='word_1_210' title='bbox 879 2601 1184 2664; x_wconf 84' lang='lat' dir='ltr'><strong>codicibus</strong></span> <span class='ocrx_word' id='word_1_211' title='bbox 1211 2603 1292 2662; x_wconf 89' lang='lat' dir='ltr'><strong>ita</strong></span> <span class='ocrx_word' id='word_1_212' title='bbox 1320 2604 1645 2683; x_wconf 88' lang='lat' dir='ltr'><strong>inscriptus</strong></span> <span class='ocrx_word' id='word_1_213' title='bbox 1673 2602 1892 2682; x_wconf 80' lang='lat' dir='ltr'><strong>legitur</strong></span> <span class='ocrx_word' id='word_1_214' title='bbox 1912 2610 1974 2664; x_wconf 91' lang='lat' dir='ltr'><strong>et</strong></span> <span class='ocrx_word' id='word_1_215' title='bbox 1998 2605 2127 2684; x_wconf 90' lang='lat' dir='ltr'><strong>ipse</strong></span> <span class='ocrx_word' id='word_1_216' title='bbox 2150 2602 2308 2664; x_wconf 87' lang='lat' dir='ltr'><strong>Beda</strong></span> <span class='ocrx_word' id='word_1_217' title='bbox 2338 2602 2451 2664; x_wconf 88' lang='lat' dir='ltr'><strong>hoc</strong></span> <span class='ocrx_word' id='word_1_218' title='bbox 2472 2605 2709 2664; x_wconf 91' lang='lat' dir='ltr'><strong>nomine</strong></span> <span class='ocrx_word' id='word_1_219' title='bbox 2740 2602 2958 2664; x_wconf 92' lang='lat' dir='ltr'><strong>librum</strong></span> <span class='ocrx_word' id='word_1_220' title='bbox 2988 2605 3167 2682; x_wconf 87' lang='lat' dir='ltr'><strong>signi·</strong></span> 
     </span>
     <span class='ocr_line' id='line_1_22' title="bbox 557 2705 3167 2792; baseline 0 -22"><span class='ocrx_word' id='word_1_221' title='bbox 557 2711 752 2772; x_wconf 87' lang='lat' dir='ltr'><strong>ficavit</strong></span> <span class='ocrx_word' id='word_1_222' title='bbox 794 2728 850 2790; x_wconf 87' lang='lat' dir='ltr'><strong>p.</strong></span> <span class='ocrx_word' id='word_1_223' title='bbox 880 2705 1083 2792; x_wconf 81' lang='lat'><strong>2364,</strong></span> <span class='ocrx_word' id='word_1_224' title='bbox 1128 2712 1239 2773; x_wconf 81' lang='lat' dir='ltr'><strong>sed</strong></span> <span class='ocrx_word' id='word_1_225' title='bbox 1280 2712 1396 2772; x_wconf 75' lang='lat' dir='ltr'><strong>hoc</strong></span> <span class='ocrx_word' id='word_1_226' title='bbox 1445 2712 1685 2773; x_wconf 85' lang='lat' dir='ltr'><strong>interim</strong></span> <span class='ocrx_word' id='word_1_227' title='bbox 1722 2717 1930 2773; x_wconf 84' lang='lat' dir='ltr'><strong>nostro</strong></span> <span class='ocrx_word' id='word_1_228' title='bbox 1968 2714 2165 2788; x_wconf 82' lang='lat' dir='ltr'><strong>operi,</strong></span> <span class='ocrx_word' id='word_1_229' title='bbox 2213 2712 2378 2787; x_wconf 80' lang='lat' dir='ltr'><em>quod</em></span> <span class='ocrx_word' id='word_1_230' title='bbox 2413 2713 2489 2773; x_wconf 87' lang='lat' dir='ltr'><strong>de</strong></span> <span class='ocrx_word' id='word_1_231' title='bbox 2525 2717 2663 2772; x_wconf 81' lang='lat' dir='ltr'><strong>arte</strong></span> <span class='ocrx_word' id='word_1_232' title='bbox 2698 2713 2956 2772; x_wconf 80' lang='lat' dir='ltr'><strong>metrica</strong></span> <span class='ocrx_word' id='word_1_233' title='bbox 2995 2712 3167 2772; x_wconf 82' lang='lat' dir='ltr'><strong>eudi-</strong></span> 
     </span>
     <span class='ocr_line' id='line_1_23' title="bbox 556 2815 3169 2897; baseline 0.001 -20"><span class='ocrx_word' id='word_1_234' title='bbox 556 2836 703 2892; x_wconf 68' lang='lat' dir='ltr'><strong>mus&#39;,</strong></span> <span class='ocrx_word' id='word_1_235' title='bbox 749 2821 900 2879; x_wconf 83' lang='lat' dir='ltr'><strong>satis</strong></span> <span class='ocrx_word' id='word_1_236' title='bbox 925 2837 1066 2880; x_wconf 70' lang='lat' dir='ltr'><strong>esse</strong></span> <span class='ocrx_word' id='word_1_237' title='bbox 1096 2826 1398 2895; x_wconf 80' lang='lat' dir='ltr'><strong>putamus,</strong></span> <span class='ocrx_word' id='word_1_238' title='bbox 1437 2816 1766 2897; x_wconf 91' lang='lat' dir='ltr'><strong>eodemque</strong></span> <span class='ocrx_word' id='word_1_239' title='bbox 1805 2815 1980 2878; x_wconf 85' lang='lat' dir='ltr'><strong>modo</strong></span> <span class='ocrx_word' id='word_1_240' title='bbox 2031 2819 2094 2877; x_wconf 92' lang='lat' dir='ltr'><strong>in</strong></span> <span class='ocrx_word' id='word_1_241' title='bbox 2131 2817 2327 2878; x_wconf 88' lang='lat' dir='ltr'><strong>indice</strong></span> <span class='ocrx_word' id='word_1_242' title='bbox 2373 2816 2662 2879; x_wconf 87' lang='lat' dir='ltr'><strong>librorum</strong></span> <span class='ocrx_word' id='word_1_243' title='bbox 2700 2835 2733 2876; x_wconf 94' lang='lat' dir='ltr'><strong>a</strong></span> <span class='ocrx_word' id='word_1_244' title='bbox 2771 2835 2835 2877; x_wconf 90' lang='lat' dir='ltr'><strong>se</strong></span> <span class='ocrx_word' id='word_1_245' title='bbox 2874 2816 3169 2879; x_wconf 90' lang='lat' dir='ltr'><strong>editorum</strong></span> 
     </span>
     <span class='ocr_line' id='line_1_24' title="bbox 555 2921 3172 3005; baseline 0.001 -20"><span class='ocrx_word' id='word_1_246' title='bbox 555 2933 693 3004; x_wconf 87' lang='lat' dir='ltr'><strong>post</strong></span> <span class='ocrx_word' id='word_1_247' title='bbox 729 2925 1038 2986; x_wconf 88' lang='lat' dir='ltr'><strong>historiam</strong></span> <span class='ocrx_word' id='word_1_248' title='bbox 1082 2924 1542 2986; x_wconf 88' lang='lat' dir='ltr'><strong>ecclesiasticam</strong></span> <span class='ocrx_word' id='word_1_249' title='bbox 1581 2943 1631 2984; x_wconf 76' lang='grc' dir='ltr'><strong>ν.</strong></span> <span class='ocrx_word' id='word_1_250' title='bbox 1662 2923 1742 2984; x_wconf 90' lang='lat'><strong>111</strong></span> <span class='ocrx_word' id='word_1_251' title='bbox 1779 2943 1834 3003; x_wconf 92' lang='lat' dir='ltr'><strong>p.</strong></span> <span class='ocrx_word' id='word_1_252' title='bbox 1865 2921 1997 2986; x_wconf 84' lang='lat'><strong>316</strong></span> <span class='ocrx_word' id='word_1_253' title='bbox 2045 2922 2134 2985; x_wconf 92' lang='lat' dir='ltr'><strong>ed.</strong></span> <span class='ocrx_word' id='word_1_254' title='bbox 2174 2923 2304 3005; x_wconf 77' lang='lat' dir='ltr'><strong>Git,</strong></span> <span class='ocrx_word' id='word_1_255' title='bbox 2351 2926 2570 2986; x_wconf 82' lang='lat' dir='ltr'><strong>librum</strong></span> <span class='ocrx_word' id='word_1_256' title='bbox 2610 2927 2686 2985; x_wconf 81' lang='lat' dir='ltr'><strong>de</strong></span> <span class='ocrx_word' id='word_1_257' title='bbox 2727 2926 3172 3003; x_wconf 59' lang='lat' dir='ltr'><strong>orthographia</strong></span> 
     </span>
     <span class='ocr_line' id='line_1_25' title="bbox 555 3032 3171 3108; baseline 0.001 -17"><span class='ocrx_word' id='word_1_258' title='bbox 555 3032 868 3108; x_wconf 75' lang='lat' dir='ltr'><strong>alphabeti</strong></span> <span class='ocrx_word' id='word_1_259' title='bbox 901 3034 1119 3093; x_wconf 81' lang='lat' dir='ltr'><strong>ordine</strong></span> <span class='ocrx_word' id='word_1_260' title='bbox 1156 3034 1522 3106; x_wconf 82' lang='lat' dir='ltr'><strong>distinctum,</strong></span> <span class='ocrx_word' id='word_1_261' title='bbox 1553 3034 1692 3092; x_wconf 83' lang='lat' dir='ltr'><strong>item</strong></span> <span class='ocrx_word' id='word_1_262' title='bbox 1729 3033 1951 3091; x_wconf 82' lang='lat' dir='ltr'><strong>librum</strong></span> <span class='ocrx_word' id='word_1_263' title='bbox 1980 3034 2057 3094; x_wconf 83' lang='lat' dir='ltr'><strong>de</strong></span> <span class='ocrx_word' id='word_1_264' title='bbox 2091 3034 2348 3091; x_wconf 81' lang='lat' dir='ltr'><strong>metrica</strong></span> <span class='ocrx_word' id='word_1_265' title='bbox 2380 3040 2517 3092; x_wconf 81' lang='lat' dir='ltr'><strong>arte</strong></span> <span class='ocrx_word' id='word_1_266' title='bbox 2545 3040 2603 3092; x_wconf 86' lang='lat' dir='ltr'><strong>et</strong></span> <span class='ocrx_word' id='word_1_267' title='bbox 2640 3033 2785 3091; x_wconf 75' lang='lat' dir='ltr'><strong>huic</strong></span> <span class='ocrx_word' id='word_1_268' title='bbox 2812 3033 3171 3093; x_wconf 81' lang='lat' dir='ltr'><strong>adiunctum</strong></span> 
     </span>
     <span class='ocr_line' id='line_1_26' title="bbox 555 3135 3169 3217; baseline 0 -18"><span class='ocrx_word' id='word_1_269' title='bbox 555 3141 632 3199; x_wconf 83' lang='lat' dir='ltr'><strong>de</strong></span> <span class='ocrx_word' id='word_1_270' title='bbox 674 3139 1081 3199; x_wconf 80' lang='lat' dir='ltr'><strong>schematibus</strong></span> <span class='ocrx_word' id='word_1_271' title='bbox 1125 3141 1252 3200; x_wconf 77' lang='lat' dir='ltr'><strong>sive</strong></span> <span class='ocrx_word' id='word_1_272' title='bbox 1298 3141 1374 3199; x_wconf 84' lang='lat' dir='ltr'><strong>de</strong></span> <span class='ocrx_word' id='word_1_273' title='bbox 1428 3141 1619 3215; x_wconf 79' lang='lat' dir='ltr'><strong>tropis</strong></span> <span class='ocrx_word' id='word_1_274' title='bbox 1673 3140 1954 3198; x_wconf 83' lang='lat' dir='ltr'><strong>libellum.</strong></span> <span class='ocrx_word' id='word_1_275' title='bbox 2028 3136 2280 3198; x_wconf 89' lang='lat' dir='ltr'><strong>alterum</strong></span> <span class='ocrx_word' id='word_1_276' title='bbox 2337 3136 2507 3217; x_wconf 87' lang='lat' dir='ltr'><strong>illud,</strong></span> <span class='ocrx_word' id='word_1_277' title='bbox 2564 3135 2723 3216; x_wconf 88' lang='lat' dir='ltr'><strong>quod</strong></span> <span class='ocrx_word' id='word_1_278' title='bbox 2780 3155 2939 3197; x_wconf 89' lang='lat' dir='ltr'><strong>nunc</strong></span> <span class='ocrx_word' id='word_1_279' title='bbox 2993 3137 3169 3217; x_wconf 81' lang='lat' dir='ltr'><strong>vulgo</strong></span> 
     </span>
     <span class='ocr_line' id='line_1_27' title="bbox 556 3226 3163 3325; baseline 0 -21"><span class='ocrx_word' id='word_1_280' title='bbox 556 3253 864 3324; x_wconf 86' lang='lat' dir='ltr'><strong>receptum</strong></span> <span class='ocrx_word' id='word_1_281' title='bbox 925 3252 1047 3325; x_wconf 89' lang='lat' dir='ltr'><strong>est,</strong></span> <span class='ocrx_word' id='word_1_282' title='bbox 1111 3246 1171 3304; x_wconf 91' lang='lat' dir='ltr'><strong>in</strong></span> <span class='ocrx_word' id='word_1_283' title='bbox 1205 3226 1210 3231; x_wconf 44' lang='lat'>¹</span> <span class='ocrx_word' id='word_1_284' title='bbox 1244 3242 1477 3305; x_wconf 87' lang='lat' dir='ltr'><strong>duobus</strong></span> <span class='ocrx_word' id='word_1_285' title='bbox 1533 3242 1836 3325; x_wconf 82' lang='lat' dir='ltr'><strong>veteribus</strong></span> <span class='ocrx_word' id='word_1_286' title='bbox 1900 3242 2070 3304; x_wconf 89' lang='lat' dir='ltr'><strong>libris</strong></span> <span class='ocrx_word' id='word_1_287' title='bbox 2125 3245 2350 3322; x_wconf 84' lang='lat' dir='ltr'><strong>inveni,</strong></span> <span class='ocrx_word' id='word_1_288' title='bbox 2407 3241 2610 3303; x_wconf 92' lang='lat' dir='ltr'><strong>codice</strong></span> <span class='ocrx_word' id='word_1_289' title='bbox 2665 3240 2936 3303; x_wconf 89' lang='lat' dir='ltr'><strong>Parisino</strong></span> <span class='ocrx_word' id='word_1_290' title='bbox 2991 3239 3163 3305; x_wconf 81' lang='lat'>4841</span> 
     </span>
     <span class='ocr_line' id='line_1_28' title="bbox 555 3349 3169 3431; baseline -0 -20"><span class='ocrx_word' id='word_1_291' title='bbox 555 3352 784 3412; x_wconf 90' lang='lat' dir='ltr'><strong>decimo</strong></span> <span class='ocrx_word' id='word_1_292' title='bbox 832 3350 1070 3411; x_wconf 90' lang='lat' dir='ltr'><strong>saeculo</strong></span> <span class='ocrx_word' id='word_1_293' title='bbox 1117 3353 1368 3431; x_wconf 89' lang='lat' dir='ltr'><strong>scripto,</strong></span> <span class='ocrx_word' id='word_1_294' title='bbox 1425 3351 1632 3412; x_wconf 82' lang='lat' dir='ltr'><strong>Bedae</strong></span> <span class='ocrx_word' id='word_1_295' title='bbox 1677 3351 2032 3427; x_wconf 78' lang='lat' dir='ltr'><strong>presbyteri</strong></span> <span class='ocrx_word' id='word_1_296' title='bbox 2088 3353 2164 3411; x_wconf 84' lang='lat' dir='ltr'><strong>de</strong></span> <span class='ocrx_word' id='word_1_297' title='bbox 2208 3352 2465 3410; x_wconf 81' lang='lat' dir='ltr'><strong>metrica</strong></span> <span class='ocrx_word' id='word_1_298' title='bbox 2521 3352 2788 3422; x_wconf 83' lang='lat' dir='ltr'><strong>ratione,</strong></span> <span class='ocrx_word' id='word_1_299' title='bbox 2845 3357 2907 3409; x_wconf 95' lang='lat' dir='ltr'><strong>et</strong></span> <span class='ocrx_word' id='word_1_300' title='bbox 2964 3349 3169 3411; x_wconf 89' lang='lat' dir='ltr'><strong>codice</strong></span> 
     </span>
     <span class='ocr_line' id='line_1_29' title="bbox 507 3442 3174 3537; baseline 0 -19"><span class='ocrx_word' id='word_1_301' title='bbox 507 3442 514 3447; x_wconf 60' lang='grc'><strong>’</strong></span> <span class='ocrx_word' id='word_1_302' title='bbox 556 3457 917 3518; x_wconf 87' lang='lat' dir='ltr'><strong>Bononiensi</strong></span> <span class='ocrx_word' id='word_1_303' title='bbox 955 3457 1270 3518; x_wconf 88' lang='lat' dir='ltr'><strong>undecimo</strong></span> <span class='ocrx_word' id='word_1_304' title='bbox 1308 3456 1543 3518; x_wconf 90' lang='lat' dir='ltr'><strong>saeculo</strong></span> <span class='ocrx_word' id='word_1_305' title='bbox 1583 3459 1827 3537; x_wconf 86' lang='lat' dir='ltr'><strong>scripto,</strong></span> <span class='ocrx_word' id='word_1_306' title='bbox 1856 3460 2070 3534; x_wconf 77' lang='lat' dir='ltr'><strong>incipit</strong></span> <span class='ocrx_word' id='word_1_307' title='bbox 2106 3459 2502 3532; x_wconf 69' lang='lat' dir='ltr'><strong>conyreyatio</strong></span> <span class='ocrx_word' id='word_1_308' title='bbox 2539 3456 2790 3517; x_wconf 82' lang='lat' dir='ltr'><strong>Baedae</strong></span> <span class='ocrx_word' id='word_1_309' title='bbox 2819 3458 3174 3534; x_wconf 79' lang='lat' dir='ltr'><strong>presbyteri</strong></span> 
     </span>
     <span class='ocr_line' id='line_1_30' title="bbox 557 3565 1952 3640; baseline -0.001 -16"><span class='ocrx_word' id='word_1_310' title='bbox 557 3567 633 3625; x_wconf 83' lang='lat' dir='ltr'><strong>de</strong></span> <span class='ocrx_word' id='word_1_311' title='bbox 677 3568 935 3625; x_wconf 79' lang='lat' dir='ltr'><strong>metrica</strong></span> <span class='ocrx_word' id='word_1_312' title='bbox 981 3567 1224 3624; x_wconf 87' lang='lat' dir='ltr'><strong>ratione</strong></span> <span class='ocrx_word' id='word_1_313' title='bbox 1269 3566 1549 3640; x_wconf 79' lang='lat' dir='ltr'><strong>inprimis</strong></span> <span class='ocrx_word' id='word_1_314' title='bbox 1595 3566 1672 3624; x_wconf 85' lang='lat' dir='ltr'><strong>de</strong></span> <span class='ocrx_word' id='word_1_315' title='bbox 1715 3565 1952 3624; x_wconf 73' lang='lat' dir='ltr'><strong>litteriS.</strong></span> 
     </span>
    </p>

    <p class='ocr_par' dir='ltr' id='par_1_5' title="bbox 557 3666 3171 4926">
     <span class='ocr_line' id='line_1_31' title="bbox 732 3666 3171 3747; baseline 0.001 -18"><span class='ocrx_word' id='word_1_316' title='bbox 732 3670 937 3730; x_wconf 85' lang='lat' dir='ltr'><strong>Restat</strong></span> <span class='ocrx_word' id='word_1_317' title='bbox 993 3675 1059 3729; x_wconf 91' lang='lat' dir='ltr'><strong>ut</strong></span> <span class='ocrx_word' id='word_1_318' title='bbox 1113 3668 1187 3729; x_wconf 93' lang='lat' dir='ltr'><strong>de</strong></span> <span class='ocrx_word' id='word_1_319' title='bbox 1249 3670 1478 3730; x_wconf 90' lang='lat' dir='ltr'><strong>ratione</strong></span> <span class='ocrx_word' id='word_1_320' title='bbox 1533 3668 1671 3730; x_wconf 91' lang='lat' dir='ltr'><strong>libri</strong></span> <span class='ocrx_word' id='word_1_321' title='bbox 1726 3678 1788 3730; x_wconf 95' lang='lat' dir='ltr'><strong>et</strong></span> <span class='ocrx_word' id='word_1_322' title='bbox 1842 3667 1914 3729; x_wconf 92' lang='lat' dir='ltr'><strong>de</strong></span> <span class='ocrx_word' id='word_1_323' title='bbox 1972 3666 2315 3731; x_wconf 81' lang='lat' dir='ltr'><strong>auctoribus</strong></span> <span class='ocrx_word' id='word_1_324' title='bbox 2370 3686 2520 3747; x_wconf 89' lang='lat' dir='ltr'><strong>quos</strong></span> <span class='ocrx_word' id='word_1_325' title='bbox 2565 3667 2724 3729; x_wconf 90' lang='lat' dir='ltr'><strong>Beda</strong></span> <span class='ocrx_word' id='word_1_326' title='bbox 2779 3678 3022 3731; x_wconf 87' lang='lat' dir='ltr'><strong>secutus</strong></span> <span class='ocrx_word' id='word_1_327' title='bbox 3077 3677 3171 3731; x_wconf 90' lang='lat' dir='ltr'><strong>est</strong></span> 
     </span>
     <span class='ocr_line' id='line_1_32' title="bbox 557 3773 3167 3857; baseline -0.001 -20"><span class='ocrx_word' id='word_1_328' title='bbox 557 3795 743 3857; x_wconf 86' lang='lat' dir='ltr'><strong>pauca</strong></span> <span class='ocrx_word' id='word_1_329' title='bbox 797 3775 1003 3836; x_wconf 89' lang='lat' dir='ltr'><strong>dicam.</strong></span> <span class='ocrx_word' id='word_1_330' title='bbox 1077 3776 1286 3856; x_wconf 90' lang='lat' dir='ltr'><strong>incipit</strong></span> <span class='ocrx_word' id='word_1_331' title='bbox 1339 3777 1521 3855; x_wconf 86' lang='lat' dir='ltr'><strong>igitur</strong></span> <span class='ocrx_word' id='word_1_332' title='bbox 1577 3777 2012 3838; x_wconf 88' lang='lat' dir='ltr'><strong>institutionem</strong></span> <span class='ocrx_word' id='word_1_333' title='bbox 2075 3793 2108 3835; x_wconf 92' lang='lat' dir='ltr'><strong>a</strong></span> <span class='ocrx_word' id='word_1_334' title='bbox 2156 3793 2430 3836; x_wconf 91' lang='lat' dir='ltr'><strong>mensura</strong></span> <span class='ocrx_word' id='word_1_335' title='bbox 2488 3773 2869 3856; x_wconf 81' lang='lat' dir='ltr'><strong>syllabarum,</strong></span> <span class='ocrx_word' id='word_1_336' title='bbox 2923 3775 2996 3836; x_wconf 92' lang='lat' dir='ltr'><strong>de</strong></span> <span class='ocrx_word' id='word_1_337' title='bbox 3051 3794 3167 3855; x_wconf 90' lang='lat' dir='ltr'><strong>qua</strong></span> 
     </span>
     <span class='ocr_line' id='line_1_33' title="bbox 558 3881 3167 3963; baseline 0 -20"><span class='ocrx_word' id='word_1_338' title='bbox 558 3891 693 3963; x_wconf 90' lang='lat' dir='ltr'><strong>post</strong></span> <span class='ocrx_word' id='word_1_339' title='bbox 729 3882 1191 3962; x_wconf 89' lang='lat' dir='ltr'><strong>disputationem</strong></span> <span class='ocrx_word' id='word_1_340' title='bbox 1227 3881 1300 3942; x_wconf 91' lang='lat' dir='ltr'><strong>de</strong></span> <span class='ocrx_word' id='word_1_341' title='bbox 1347 3881 1563 3945; x_wconf 89' lang='lat' dir='ltr'><strong>litteris</strong></span> <span class='ocrx_word' id='word_1_342' title='bbox 1607 3884 1898 3962; x_wconf 88' lang='lat' dir='ltr'><strong>prooemii</strong></span> <span class='ocrx_word' id='word_1_343' title='bbox 1945 3883 2076 3944; x_wconf 92' lang='lat' dir='ltr'><strong>loco</strong></span> <span class='ocrx_word' id='word_1_344' title='bbox 2113 3882 2253 3943; x_wconf 89' lang='lat' dir='ltr'><strong>huic</strong></span> <span class='ocrx_word' id='word_1_345' title='bbox 2300 3885 2456 3963; x_wconf 89' lang='lat' dir='ltr'><strong>parti</strong></span> <span class='ocrx_word' id='word_1_346' title='bbox 2500 3885 2899 3963; x_wconf 85' lang='lat' dir='ltr'><strong>praepositam</strong></span> <span class='ocrx_word' id='word_1_347' title='bbox 2938 3891 3167 3963; x_wconf 88' lang='lat' dir='ltr'><strong>septem</strong></span> 
     </span>
     <span class='ocr_line' id='line_1_34' title="bbox 559 3988 3168 4070; baseline 0.001 -20"><span class='ocrx_word' id='word_1_348' title='bbox 559 3989 851 4070; x_wconf 87' lang='lat' dir='ltr'><strong>capitibus</strong></span> <span class='ocrx_word' id='word_1_349' title='bbox 889 3988 1186 4051; x_wconf 88' lang='lat' dir='ltr'><strong>disseruit.</strong></span> <span class='ocrx_word' id='word_1_350' title='bbox 1236 3988 1448 4050; x_wconf 88' lang='lat' dir='ltr'><strong>deinde</strong></span> <span class='ocrx_word' id='word_1_351' title='bbox 1487 3989 1559 4050; x_wconf 94' lang='lat' dir='ltr'><strong>de</strong></span> <span class='ocrx_word' id='word_1_352' title='bbox 1598 3990 1744 4069; x_wconf 87' lang='lat' dir='ltr'><strong>ipsis</strong></span> <span class='ocrx_word' id='word_1_353' title='bbox 1774 3990 1981 4049; x_wconf 90' lang='lat' dir='ltr'><strong>metris</strong></span> <span class='ocrx_word' id='word_1_354' title='bbox 2019 3990 2391 4069; x_wconf 90' lang='lat' dir='ltr'><strong>praecipiens</strong></span> <span class='ocrx_word' id='word_1_355' title='bbox 2420 3988 2721 4050; x_wconf 89' lang='lat' dir='ltr'><strong>uberrime</strong></span> <span class='ocrx_word' id='word_1_356' title='bbox 2759 3988 3168 4052; x_wconf 84' lang='lat' dir='ltr'><strong>hexametrum</strong></span> 
     </span>
     <span class='ocr_line' id='line_1_35' title="bbox 561 4096 3169 4178; baseline -0.001 -20"><span class='ocrx_word' id='word_1_357' title='bbox 561 4097 912 4178; x_wconf 87' lang='lat' dir='ltr'><strong>dactylicum</strong></span> <span class='ocrx_word' id='word_1_358' title='bbox 961 4104 1023 4158; x_wconf 90' lang='lat' dir='ltr'><strong>et</strong></span> <span class='ocrx_word' id='word_1_359' title='bbox 1067 4099 1451 4158; x_wconf 87' lang='lat' dir='ltr'><strong>coniunctum</strong></span> <span class='ocrx_word' id='word_1_360' title='bbox 1500 4114 1637 4157; x_wconf 91' lang='lat' dir='ltr'><strong>cum</strong></span> <span class='ocrx_word' id='word_1_361' title='bbox 1684 4114 1754 4156; x_wconf 94' lang='lat' dir='ltr'><strong>eo</strong></span> <span class='ocrx_word' id='word_1_362' title='bbox 1801 4104 2242 4175; x_wconf 90' lang='lat' dir='ltr'><strong>pentametrum</strong></span> <span class='ocrx_word' id='word_1_363' title='bbox 2290 4114 2525 4158; x_wconf 83' lang='lat' dir='ltr'><strong>versum</strong></span> <span class='ocrx_word' id='word_1_364' title='bbox 2574 4098 2861 4157; x_wconf 86' lang='lat' dir='ltr'><strong>tractavit.</strong></span> <span class='ocrx_word' id='word_1_365' title='bbox 2935 4096 3007 4157; x_wconf 93' lang='lat' dir='ltr'><strong>ad</strong></span> <span class='ocrx_word' id='word_1_366' title='bbox 3058 4096 3169 4157; x_wconf 87' lang='lat' dir='ltr'><strong>hos</strong></span> 
     </span>
     <span class='ocr_line' id='line_1_36' title="bbox 560 4203 3169 4301; baseline -0 -37"><span class='ocrx_word' id='word_1_367' title='bbox 560 4206 716 4264; x_wconf 91' lang='lat' dir='ltr'><strong>enim</strong></span> <span class='ocrx_word' id='word_1_368' title='bbox 755 4222 964 4265; x_wconf 87' lang='lat' dir='ltr'><strong>versus</strong></span> <span class='ocrx_word' id='word_1_369' title='bbox 1002 4206 1196 4266; x_wconf 90' lang='lat' dir='ltr'><strong>omnia</strong></span> <span class='ocrx_word' id='word_1_370' title='bbox 1236 4222 1386 4284; x_wconf 90' lang='lat' dir='ltr'><strong>quae</strong></span> <span class='ocrx_word' id='word_1_371' title='bbox 1423 4212 1559 4301; x_wconf 72' lang='lat' dir='ltr'><strong>post</strong></span> <span class='ocrx_word' id='word_1_372' title='bbox 1595 4203 1839 4265; x_wconf 87' lang='lat' dir='ltr'><strong>brevem</strong></span> <span class='ocrx_word' id='word_1_373' title='bbox 1875 4206 2308 4284; x_wconf 80' lang='lat' dir='ltr'><strong>expositionem</strong></span> <span class='ocrx_word' id='word_1_374' title='bbox 2345 4203 2564 4283; x_wconf 93' lang='lat' dir='ltr'><strong>pedum</strong></span> <span class='ocrx_word' id='word_1_375' title='bbox 2604 4205 2987 4264; x_wconf 88' lang='lat' dir='ltr'><strong>metricorum</strong></span> <span class='ocrx_word' id='word_1_376' title='bbox 3026 4205 3169 4265; x_wconf 91' lang='lat' dir='ltr'><strong>item</strong></span> 
     </span>
     <span class='ocr_line' id='line_1_37' title="bbox 560 4307 3167 4393; baseline 0 -22"><span class='ocrx_word' id='word_1_377' title='bbox 560 4320 788 4392; x_wconf 88' lang='lat' dir='ltr'><strong>septem</strong></span> <span class='ocrx_word' id='word_1_378' title='bbox 828 4311 1121 4393; x_wconf 83' lang='lat' dir='ltr'><strong>capitibus</strong></span> <span class='ocrx_word' id='word_1_379' title='bbox 1150 4313 1371 4391; x_wconf 90' lang='lat' dir='ltr'><strong>scripta</strong></span> <span class='ocrx_word' id='word_1_380' title='bbox 1401 4318 1541 4371; x_wconf 88' lang='lat' dir='ltr'><strong>sunt</strong></span> <span class='ocrx_word' id='word_1_381' title='bbox 1569 4329 1617 4370; x_wconf 86' lang='lat' dir='ltr'><strong>c.</strong></span> <span class='ocrx_word' id='word_1_382' title='bbox 1655 4307 1913 4372; x_wconf 87' lang='lat'>10—16</span> <span class='ocrx_word' id='word_1_383' title='bbox 1951 4313 2270 4392; x_wconf 89' lang='lat' dir='ltr'><strong>pertinent.</strong></span> <span class='ocrx_word' id='word_1_384' title='bbox 2337 4317 2672 4389; x_wconf 88' lang='lat' dir='ltr'><strong>sequuntur</strong></span> <span class='ocrx_word' id='word_1_385' title='bbox 2710 4317 2939 4390; x_wconf 91' lang='lat' dir='ltr'><strong>septem</strong></span> <span class='ocrx_word' id='word_1_386' title='bbox 2977 4313 3167 4391; x_wconf 90' lang='lat' dir='ltr'><strong>capita</strong></span> 
     </span>
     <span class='ocr_line' id='line_1_38' title="bbox 559 4415 3169 4497; baseline 0 -19"><span class='ocrx_word' id='word_1_387' title='bbox 559 4418 631 4478; x_wconf 87' lang='lat' dir='ltr'><strong>de</strong></span> <span class='ocrx_word' id='word_1_388' title='bbox 680 4416 1034 4497; x_wconf 89' lang='lat' dir='ltr'><strong>quibusdam</strong></span> <span class='ocrx_word' id='word_1_389' title='bbox 1082 4426 1409 4478; x_wconf 87' lang='lat' dir='ltr'><strong>metrorum</strong></span> <span class='ocrx_word' id='word_1_390' title='bbox 1468 4416 1817 4497; x_wconf 77' lang='lat' dir='ltr'><strong>generibuS,</strong></span> <span class='ocrx_word' id='word_1_391' title='bbox 1872 4415 2090 4494; x_wconf 90' lang='lat' dir='ltr'><strong>quibus</strong></span> <span class='ocrx_word' id='word_1_392' title='bbox 2136 4417 2503 4477; x_wconf 89' lang='lat' dir='ltr'><strong>recentiores</strong></span> <span class='ocrx_word' id='word_1_393' title='bbox 2557 4425 2765 4497; x_wconf 90' lang='lat' dir='ltr'><strong>poetae</strong></span> <span class='ocrx_word' id='word_1_394' title='bbox 2812 4418 2872 4477; x_wconf 91' lang='lat' dir='ltr'><strong>in</strong></span> <span class='ocrx_word' id='word_1_395' title='bbox 2921 4419 3169 4478; x_wconf 89' lang='lat' dir='ltr'><strong>canticis</strong></span> 
     </span>
     <span class='ocr_line' id='line_1_39' title="bbox 559 4521 3166 4606; baseline -0 -21"><span class='ocrx_word' id='word_1_396' title='bbox 559 4535 619 4586; x_wconf 92' lang='lat' dir='ltr'><strong>et</strong></span> <span class='ocrx_word' id='word_1_397' title='bbox 656 4525 889 4606; x_wconf 79' lang='lat' dir='ltr'><strong>hymnis</strong></span> <span class='ocrx_word' id='word_1_398' title='bbox 926 4527 1021 4586; x_wconf 93' lang='lat' dir='ltr'><strong>usi</strong></span> <span class='ocrx_word' id='word_1_399' title='bbox 1058 4533 1213 4587; x_wconf 89' lang='lat' dir='ltr'><strong>sunt.</strong></span> <span class='ocrx_word' id='word_1_400' title='bbox 1287 4534 1589 4605; x_wconf 88' lang='lat' dir='ltr'><strong>postremo</strong></span> <span class='ocrx_word' id='word_1_401' title='bbox 1628 4524 1701 4584; x_wconf 93' lang='lat' dir='ltr'><strong>de</strong></span> <span class='ocrx_word' id='word_1_402' title='bbox 1738 4521 2081 4584; x_wconf 89' lang='lat' dir='ltr'><strong>discrimine</strong></span> <span class='ocrx_word' id='word_1_403' title='bbox 2120 4522 2378 4603; x_wconf 80' lang='lat' dir='ltr'><strong>rhythmi</strong></span> <span class='ocrx_word' id='word_1_404' title='bbox 2418 4531 2479 4585; x_wconf 90' lang='lat' dir='ltr'><strong>et</strong></span> <span class='ocrx_word' id='word_1_405' title='bbox 2516 4525 2691 4584; x_wconf 91' lang='lat' dir='ltr'><strong>metri</strong></span> <span class='ocrx_word' id='word_1_406' title='bbox 2728 4530 2789 4583; x_wconf 88' lang='lat' dir='ltr'><strong>et</strong></span> <span class='ocrx_word' id='word_1_407' title='bbox 2826 4523 2899 4583; x_wconf 91' lang='lat' dir='ltr'><strong>de</strong></span> <span class='ocrx_word' id='word_1_408' title='bbox 2937 4525 3166 4602; x_wconf 84' lang='lat' dir='ltr'><strong>generi-</strong></span> 
     </span>
     <span class='ocr_line' id='line_1_40' title="bbox 560 4628 3167 4709; baseline -0.001 -17"><span class='ocrx_word' id='word_1_409' title='bbox 560 4632 672 4692; x_wconf 87' lang='lat' dir='ltr'><strong>bus</strong></span> <span class='ocrx_word' id='word_1_410' title='bbox 719 4635 1047 4694; x_wconf 90' lang='lat' dir='ltr'><strong>carminum</strong></span> <span class='ocrx_word' id='word_1_411' title='bbox 1094 4634 1155 4693; x_wconf 91' lang='lat' dir='ltr'><strong>in</strong></span> <span class='ocrx_word' id='word_1_412' title='bbox 1202 4634 1318 4692; x_wconf 85' lang='lat' dir='ltr'><strong>fine</strong></span> <span class='ocrx_word' id='word_1_413' title='bbox 1366 4630 1501 4692; x_wconf 89' lang='lat' dir='ltr'><strong>libri</strong></span> <span class='ocrx_word' id='word_1_414' title='bbox 1548 4628 1781 4692; x_wconf 88' lang='lat' dir='ltr'><strong>duobus</strong></span> <span class='ocrx_word' id='word_1_415' title='bbox 1829 4628 2122 4709; x_wconf 87' lang='lat' dir='ltr'><strong>capitibus</strong></span> <span class='ocrx_word' id='word_1_416' title='bbox 2167 4628 2430 4690; x_wconf 82' lang='lat' dir='ltr'><strong>breviter</strong></span> <span class='ocrx_word' id='word_1_417' title='bbox 2492 4629 2827 4708; x_wconf 79' lang='lat' dir='ltr'><strong>disputavit.</strong></span> <span class='ocrx_word' id='word_1_418' title='bbox 2902 4648 2972 4689; x_wconf 86' lang='lat' dir='ltr'><strong>ex</strong></span> <span class='ocrx_word' id='word_1_419' title='bbox 3019 4632 3167 4691; x_wconf 88' lang='lat' dir='ltr'><strong>anti·</strong></span> 
     </span>
     <span class='ocr_line' id='line_1_41' title="bbox 559 4734 3168 4819; baseline -0.001 -21"><span class='ocrx_word' id='word_1_420' title='bbox 559 4738 871 4816; x_wconf 90' lang='lat' dir='ltr'><strong>quioribus</strong></span> <span class='ocrx_word' id='word_1_421' title='bbox 909 4747 1106 4800; x_wconf 88' lang='lat' dir='ltr'><strong>autem</strong></span> <span class='ocrx_word' id='word_1_422' title='bbox 1143 4740 1543 4819; x_wconf 88' lang='lat' dir='ltr'><strong>grammaticis</strong></span> <span class='ocrx_word' id='word_1_423' title='bbox 1580 4756 1731 4816; x_wconf 87' lang='lat' dir='ltr'><strong>quos</strong></span> <span class='ocrx_word' id='word_1_424' title='bbox 1769 4744 2013 4797; x_wconf 88' lang='lat' dir='ltr'><strong>secutus</strong></span> <span class='ocrx_word' id='word_1_425' title='bbox 2053 4744 2145 4796; x_wconf 87' lang='lat' dir='ltr'><strong>est</strong></span> <span class='ocrx_word' id='word_1_426' title='bbox 2180 4737 2309 4816; x_wconf 87' lang='lat' dir='ltr'><strong>ipse</strong></span> <span class='ocrx_word' id='word_1_427' title='bbox 2345 4737 2670 4797; x_wconf 82' lang='lat' dir='ltr'><strong>nominavit</strong></span> <span class='ocrx_word' id='word_1_428' title='bbox 2704 4734 2831 4817; x_wconf 77' lang='lat' dir='ltr'><strong>hoS,</strong></span> <span class='ocrx_word' id='word_1_429' title='bbox 2874 4736 3168 4796; x_wconf 87' lang='lat' dir='ltr'><strong>Donatum</strong></span> 
     </span>
     <span class='ocr_line' id='line_1_42' title="bbox 560 4838 3166 4926; baseline -0.002 -22"><span class='ocrx_word' id='word_1_430' title='bbox 560 4852 789 4926; x_wconf 89' lang='lat' dir='ltr'><strong>quater,</strong></span> <span class='ocrx_word' id='word_1_431' title='bbox 835 4863 891 4923; x_wconf 90' lang='lat' dir='ltr'><strong>p.</strong></span> <span class='ocrx_word' id='word_1_432' title='bbox 938 4841 1115 4907; x_wconf 78' lang='lat'>2350</span> <span class='ocrx_word' id='word_1_433' title='bbox 1162 4843 1234 4904; x_wconf 88' lang='lat' dir='ltr'><strong>de</strong></span> <span class='ocrx_word' id='word_1_434' title='bbox 1283 4864 1316 4904; x_wconf 83' lang='lat' dir='ltr'>v</span> <span class='ocrx_word' id='word_1_435' title='bbox 1362 4845 1582 4925; x_wconf 87' lang='lat' dir='ltr'><strong>littera,</strong></span> <span class='ocrx_word' id='word_1_436' title='bbox 1628 4863 1684 4924; x_wconf 88' lang='lat' dir='ltr'><strong>p.</strong></span> <span class='ocrx_word' id='word_1_437' title='bbox 1732 4838 1911 4904; x_wconf 81' lang='lat'>2354</span> <span class='ocrx_word' id='word_1_438' title='bbox 1956 4842 2030 4903; x_wconf 89' lang='lat' dir='ltr'><strong>de</strong></span> <span class='ocrx_word' id='word_1_439' title='bbox 2075 4842 2443 4922; x_wconf 88' lang='lat' dir='ltr'><strong>liquentibus</strong></span> <span class='ocrx_word' id='word_1_440' title='bbox 2489 4843 2705 4906; x_wconf 89' lang='lat' dir='ltr'><strong>litteris</strong></span> <span class='ocrx_word' id='word_1_441' title='bbox 2752 4852 2813 4906; x_wconf 89' lang='lat' dir='ltr'><strong>et</strong></span> <span class='ocrx_word' id='word_1_442' title='bbox 2859 4841 2933 4903; x_wconf 90' lang='lat' dir='ltr'><strong>de</strong></span> <span class='ocrx_word' id='word_1_443' title='bbox 2980 4841 3166 4903; x_wconf 84' lang='lat' dir='ltr'><strong>vocali</strong></span> 
     </span>
    </p>
   </div>
  </div>
 </body>
</html>
