3613 5528
1285 371 1631 462 ΕΧΕΜΡΒΑ
1667 331 2197 428 swevi-Ioum
2914 370 3047 433 495
3103 447 3115 456 ‚

478 505 490 516 .
518 476 610 518 248.
639 477 718 517 249
747 475 799 515 Ia.

445 563 684 622 nescius
737 560 850 621 hoc
907 561 1059 641 lieri,
1121 558 1276 621 idem
1336 559 1478 619 Aen.
1535 556 1642 617 xll
1696 554 1890 637 (527)
1951 554 2063 634 [et]
2131 559 2371 617 nescia
2432 558 2622 618 vinci
2684 566 2987 636 pectora
3032 603 3046 617 .

443 669 682 729 nescius
728 665 906 729 huius
953 670 1067 748 rei,
1113 666 1283 746 Verg.
1329 666 1472 726 Aen.
1519 664 1570 725 X
1618 666 1804 738 (501)

808 776 1049 836 nescia
1098 792 1291 835 mens
1337 772 1696 834 hominum
1746 773 1878 832 fati
1924 773 2293 851 sortisque
2341 772 2628 832 suturae
2678 820 2691 833 .

620 882 807 943 Nixus
853 881 962 942 hac
1009 899 1102 957 re,
1148 881 1318 961 Verg.
1367 882 1508 942 Aen.
1555 879 1607 939 X
1655 879 1852 955 (736)
1908 882 2144 960 posito
2199 879 2377 959 pede
2434 881 2642 940 nixus
2697 888 2768 940 et
2822 878 3047 942 hasta.

390 992 619 1052 ⁵nixus
673 992 736 1051 in
792 988 901 1050 hac
955 1007 1053 1071 re,
1109 988 1226 1050 Cic.
1285 1006 1394 1069 pro
1451 986 1726 1048 Deiotaro
1785 986 1944 1063 (2,5)
2012 986 2170 1046 dico
2227 995 2428 1047 extra
2484 994 2914 1047 conventum
2982 995 3051 1046 et

444 1115 587 1158 eam
637 1097 1151 1177 frequentiam,
1199 1098 1269 1156 in
1318 1112 1452 1174 qua
1499 1100 1869 1153 oratorum
1917 1092 2156 1153 studia
2204 1093 2337 1153 niti
2386 1092 2674 1154 solent.
2716 1087 2726 1175 Ι
2769 1089 2942 1155 nix‘us
2988 1097 3047 1154 in

443 1206 594 1266 hanc
641 1224 797 1286 rem,
854 1202 1021 1284 Verg.
1071 1204 1211 1264 Aen.
1257 1201 1366 1262 Xll
1414 1200 1600 1274 (398)
1659 1201 2019 1279 ingentem
2075 1202 2288 1261 nixus
2343 1201 2411 1259 in
2470 1198 2741 1261 hastam
2791 1249 2804 1262 .
2852 1204 3048 1263 nitens

441 1313 567 1396 hic,
613 1313 782 1392 Verg.
831 1313 970 1371 Aen.
1019 1310 1071 1370 11
1118 1310 1308 1384 (380)
1368 1308 1638 1388 pressit
1694 1305 1889 1367 humi
1944 1307 2186 1368 nitens
2234 1354 2247 1367 .
2294 1309 2491 1367 nitens
2547 1301 2704 1368 hanc
2755 1326 2880 1368 rem
2939 1308 3048 1370 hac

441 1438 534 1500 re,
578 1418 736 1479 idem
782 1419 925 1479 Aen.
972 1415 1078 1476 XII
1125 1416 1315 1491 (386)

364 1539 416 1578 1⁰
886 1524 1205 1585 alternos
1253 1524 1458 1604 longa
1508 1524 1860 1583 nitentem
1905 1522 2210 1601 cuspide
2259 1540 2559 1601 gressus
2607 1569 2619 1582 .

617 1633 875 1694 Nuntius
912 1632 1092 1693 huius
1131 1633 1246 1713 rei,
1294 1630 1463 1710 Verg.
1494 1631 1633 1691 Aen.
1668 1631 1815 1691 IIII
1838 1630 2017 1704 (188)
2064 1632 2326 1691 nuntia
2370 1631 2552 1711 veri,
2598 1628 2817 1691 ibidem
2856 1629 3047 1702 (237)

440 1740 555 1801 hic
603 1742 836 1801 nostri
883 1741 1186 1800 nuntius
1232 1746 1406 1799 esto.

618 1846 876 1907 Nihilum
942 1855 1202 1920 vetuste,
1268 1845 1326 1906 id
1391 1852 1484 1905 est
1538 1843 1631 1904 vel
1685 1844 2010 1904 modicum:
2074 1842 2324 1904 nihilum
2382 1845 2539 1904 enim
2594 1844 2823 1922 antiqui
2881 1862 3044 1904 voca-

441 1966 656 2016 verunt
694 1955 883 2034 ipsius
928 1952 1205 2032 quiddam
1254 1953 1591 2031 exiguitatis
1639 1952 1975 2032 minimum,
2023 1950 2315 2011 Salustius
2365 1951 2488 2028 lug.
2529 1951 2783 2025 (7:210)
2823 1948 3047 2010 nihilo

363 2073 411 2113 1⁵
441 2063 734 2140 segnius
780 2107 795 2121 .

617 2166 847 2227 Nimius
902 2165 1011 2227 hac
1066 2184 1161 2247 re,
1225 2165 1338 2227 Sal.
1395 2165 1531 2227 hist.
1587 2164 1640 2225 11
1694 2174 1860 2244 post
1924 2162 2045 2224 ubi
2111 2163 2384 2225 fiducia
2450 2164 2718 2224 nimius
2765 2211 2779 2223 .
2827 2166 3047 2224 nimius

439 2273 622 2351 illius,
669 2272 825 2333 idem
870 2273 1005 2334 hist.
1052 2271 1161 2333 1111
1206 2276 1570 2353 impotens
1619 2281 1689 2333 et
1734 2273 1998 2333 nimius
2046 2272 2268 2331 animi
2314 2279 2428 2330 est
2473 2318 2485 2330 .

618 2379 802 2441 Natus
850 2388 938 2441 tot
981 2399 1194 2460 annoS‚
1241 2380 1376 2441 Ter.
1423 2379 1606 2440 Heau.
1655 2380 1727 2452 (I
1763 2379 1937 2456 1,10)
1984 2396 2209 2439 annos
2256 2375 2365 2436 Lx
2423 2387 2633 2438 natus
2690 2397 2763 2439 es
2809 2426 2823 2440 .
2874 2389 3044 2440 natus

438 2505 625 2548 annos
674 2494 758 2548 tot
805 2489 1017 2569 maior,
1061 2486 1121 2547 id
1169 2496 1263 2547 est
1307 2505 1488 2566 supra
1534 2494 1623 2548 tot
1669 2504 1882 2568 annos,
1930 2485 2048 2546 Cic.
2096 2504 2203 2565 pro
2246 2484 2460 2545 Roscio
2501 2486 2583 2561 (p.
2624 2487 2801 2547 Rosc.
2844 2491 3043 2548 Amer.

355 2594 657 2669 2014,39)
704 2612 928 2654 annos
975 2602 1183 2656 natus
1231 2596 1452 2654 maior
1497 2592 1608 2653 Lx
1655 2641 1667 2655 .

613 2699 798 2762 Nubit
841 2699 953 2783 illi,
1008 2699 1126 2760 Cic.
1173 2718 1283 2781 pro
1330 2699 1601 2762 Cluentio
1649 2700 1851 2775 (5‚14)
1910 2698 2114 2760 nubit
2167 2718 2436 2781 genero
2493 2718 2752 2762 socrus
2799 2748 2811 2762 .
2860 2711 3044 2783 nupta

437 2817 528 2871 est
575 2827 710 2870 cum
758 2807 886 2890 illo,
930 2807 1064 2869 Ter.
1111 2808 1289 2889 Hecy.
1338 2808 1470 2881 (IV
1508 2807 1674 2883 1,19)
1723 2815 1924 2869 esset
1970 2826 2124 2869 cum
2170 2807 2297 2868 illo
2345 2818 2564 2887 nupta
2604 2857 2617 2869 .

612 2914 820 2975 Nudus
885 2914 1095 2976 harum
1160 2933 1388 2995 rerum,
1465 2914 1578 2975 Sal.
1643 2900 1766 2994 lug.
1836 2914 2050 2990 (79,6)
2114 2913 2269 2975 loca
2334 2915 2661 2995 aequalia
2726 2924 2796 2977 et
2858 2916 3043 2977 nuda

436 3023 884 3102 gignentium
933 3070 946 3082 .

355 3145 411 3185 25
615 3126 945 3188 Obliviscor
1008 3129 1159 3189 hanc
1225 3147 1378 3208 rem,
1446 3128 1612 3207 Verg.
1679 3131 1820 3190 Aen.
1886 3128 1937 3188 Il
2003 3130 2186 3203 (148)
2260 3129 2700 3191 obliviscere
2765 3130 3046 3211 Graios,

437 3235 646 3296 Cicero
683 3252 791 3314 pro
832 3233 1028 3295 Caelio
1068 3229 1328 3319 (20,50)
1377 3235 1773 3297 obliviscor
1821 3237 2131 3296 iniurias
2178 3245 2364 3317 tum,
2409 3235 2652 3296 Clodia
2685 3283 2698 3297 .
2728 3236 3045 3298 obliviscor

435 3342 613 3403 huius
651 3344 765 3423 rei,
803 3341 924 3403 Cic.
961 3345 1021 3404 in
1062 3342 1224 3404 Catil.
1254 3341 1279 3402 1
1309 3343 1473 3419 (3,6)
1511 3342 1952 3404 obliviscere
1992 3342 2235 3403 caedis
2271 3351 2484 3421 atque
2524 3343 3041 3404 incendiorum.

436 3447 653 3509 oblitus
708 3447 886 3510 huius
941 3450 1057 3531 rei,
1122 3448 1290 3529 Verg.
1348 3468 1547 3529 georg.
1604 3448 1686 3509 111
1740 3449 1930 3523 (245)
1989 3449 2392 3511 catulorum
2449 3447 2674 3510 oblita
2730 3449 2979 3512 leaena
3028 3501 3041 3513 .

436 3553 656 3616 oblitus
703 3554 859 3615 illam
909 3574 1063 3635 rem,
1111 3556 1264 3618 idem
1313 3574 1473 3636 geor.
1520 3555 1573 3616 11
1622 3556 1764 3630 (59)

353 3679 406 3719 so
861 3681 1203 3743 pomaque
1250 3662 1694 3742 degenerant
1740 3682 1953 3725 sucos
1999 3664 2222 3725 oblita
2269 3666 2555 3744 priores
2602 3711 2616 3725 .

434 3768 680 3831 oblitum
729 3769 900 3851 mihi,
947 3769 1105 3850 quod
1153 3789 1225 3831 ex
1271 3772 1556 3831 memoria
1603 3772 1879 3849 recessit,
1926 3769 2094 3851 Verg.
2142 3771 2275 3833 buc.
2325 3772 2529 3846 (9‚53)
2578 3790 2763 3833 nunc
2818 3772 3042 3834 oblita

433 3876 605 3963 mibi
651 3884 759 3937 tot
805 3880 1117 3938 carmina
1165 3926 1178 3939 .

615 4138 796 4193 Codex
833 4138 1129 4193 Parrhasii
1201 4137 1377 4215 80bic]
1408 4139 1539 4194 huic
1686 4145 1751 4193 10
1779 4155 1999 4208 gressus
2027 4138 2172 4206 veri,
2200 4141 2293 4195 sed
2319 4140 2487 4195 deleto
2514 4138 2634 4195 veri
2778 4147 2841 4195 11
2874 4140 3041 4211 Verg.

437 4218 575 4272 Aen.
614 4218 731 4273 veri
770 4217 846 4272 ibi
884 4219 977 4273 hic
1120 4226 1188 4274 22
1229 4238 1352 4274 cum
1391 4220 1515 4289 illo]
1554 4220 1789 4274 Camillo
1828 4226 2055 4289 utroque
2090 4220 2204 4275 loco
2348 4224 2416 4273 28
2453 4220 2619 4274 leena

612 4457 642 4504 7
684 4449 885 4507 Nitens
921 4450 1079 4517 huic,
1115 4451 1266 4506 idem
1304 4452 1437 4507 Aen.
1467 4450 1520 4505 II
1556 4451 1759 4520 pressit
1792 4452 1965 4506 humo
2000 4450 2187 4508 nitens
2218 4452 2287 4506 M
2435 4457 2500 4505 13
2535 4451 2768 4518 fortasse
2803 4452 3041 4508 nihilum

433 4531 650 4585 vetuste
686 4530 746 4584 id
785 4534 871 4586 est
907 4547 1018 4587 non
1055 4531 1231 4586 hilum
1269 4532 1360 4587 vel
1405 4530 1714 4587 modicum:
1762 4532 1939 4587 hilum
1986 4532 2134 4588 enim
2316 4537 2383 4586 16
2418 4532 2549 4600 post
2592 4531 2690 4586 ubi
2736 4533 2792 4587 in
2838 4533 3043 4589 fiducia

431 4610 636 4665 nimius
673 4611 802 4666 olim
837 4613 901 4665 in
938 4610 1197 4666 Sallustii
1230 4612 1555 4680 fraqmentis
1589 4613 1795 4667 editum
1829 4618 1907 4668 est
2066 4618 2136 4666 20
2173 4629 2347 4667 annos
2380 4613 2546 4666 natus
2582 4611 2764 4667 maior
2799 4614 3038 4683 quadra-

431 4690 593 4759 ginta
640 4690 826 4745 Cicero
998 4697 1068 4745 26
1113 4708 1215 4761 pro
1263 4690 1478 4762 Caelio]
1526 4709 1628 4761 pro
1676 4691 1936 4747 Cornelio
1984 4691 2404 4746 Lindemunnue
2571 4691 2873 4748 obliviscor
2924 4694 3037 4751 iam

431 4772 662 4828 iniurias
681 4770 878 4828 Clodia
903 4774 1111 4827 codices
1131 4772 1432 4832 Ciceroni&
1461 4773 1530 4839 cf.
1560 4772 1708 4827 Serv.
1739 4774 1802 4826 in
1842 4772 1997 4842 Ver-9,
2026 4773 2163 4827 Aen.
2186 4773 2271 4826 II
2295 4777 2404 4827 148
2431 4771 2663 4827 amissos
2692 4772 3038 4843 obliviscere,

436 4854 500 4907 ut
537 4851 860 4907 ‘obliviscor
896 4848 1129 4907 iniurias
1165 4854 1319 4917 tuas,
1357 4851 1573 4907 Clodia’
1616 4873 1631 4907 z
1670 4852 1873 4907 dicitur
1911 4852 2061 4907 enim
2099 4853 2160 4908 et
2195 4853 2524 4907 amissorum
2560 4851 2889 4910 obliviscere
