3613 5528
1316 432 1412 489 DE
1451 431 2033 489 ORTHOGRAPHIA
2891 433 2973 497 31

367 547 411 584 p.
440 536 543 577 2263
568 533 616 574 P.

373 623 490 682 uati
534 618 688 699 apud
736 637 829 679 me
879 612 1071 698 sunt'‚
1117 613 1294 698 ‘apud
1334 618 1499 680 illum
1539 612 1670 680 est'.
1745 618 1819 679 de
1857 637 2095 698 quoque
2136 636 2252 678 non
2293 635 2616 698 numquam
2661 637 2976 699 perperam

364 729 603 807 ponitur
641 744 749 805 pro
787 744 857 787 ex
900 723 989 801 [et
1027 744 1143 786 non
1196 744 1517 809 numquam
1561 743 1671 805 pro
1719 723 1800 806 a],
1845 733 1915 786 ut
1960 742 2095 785 cum
2135 724 2209 784 de
2255 726 2555 804 provincia
2594 727 2797 785 venire
2837 728 2974 804 quis

362 833 532 895 dicit:
576 852 711 894 nam
758 851 1069 913 perperam
1118 842 1224 895 est.
1299 835 1455 894 imus
1501 834 1658 894 enim
1706 835 1766 893 in
1816 835 2204 913 provinciam,
2260 839 2327 893 ut
2371 834 2431 892 in
2486 850 2693 892 navem
2744 830 2866 909 [ut]
2914 834 2974 892 in

363 942 615 1022 circum3
663 936 896 1005 eximus
942 948 1011 1001 ut
1056 959 1089 1000 e
1138 959 1310 1021 nave,
1367 959 1399 1000 e
1446 942 1634 1021 circo,
1695 941 1779 1001 sic
1829 959 1861 1000 e
1909 941 2226 1019 provincia.
2304 938 2378 999 de
2425 940 2726 1019 provincia
2774 940 2976 998 existi-

311 1057 337 1096 5
364 1064 617 1129 mamus»,
673 1065 809 1107 cum
874 1046 947 1106 de
1004 1064 1073 1106 ea
1130 1045 1281 1106 bene
1330 1054 1432 1107 aut
1476 1045 1626 1106 male
1672 1045 2111 1126 praedicamus:
2168 1046 2240 1106 de
2302 1063 2447 1106 nave
2503 1047 2783 1126 dicimuS,
2840 1064 2975 1105 cum

363 1154 533 1233 longa
573 1172 645 1213 an
686 1156 957 1214 oneraria
1004 1154 1083 1213 sit
1126 1171 1422 1234 rogamus,
1468 1153 1540 1213 de
1588 1155 1767 1234 circo,
1816 1170 1953 1213 cum
1990 1152 2315 1214 Flaminius
2353 1172 2426 1214 an
2466 1155 2770 1214 maximus,
2835 1155 2977 1212 item

364 1263 569 1321 vitiose
621 1261 840 1322 dicitur
887 1255 1183 1321 ‘senatum
1218 1258 1437 1320 habere
1475 1259 1631 1339 apud
1668 1259 1872 1320 aedem
1915 1255 2251 1341 Apollinis'‚
2299 1260 2456 1339 quod
2487 1255 2597 1320 ·‘in
2638 1253 2813 1320 aede'
2862 1259 2982 1319 dici

364 1375 613 1446 oportet.
688 1375 749 1427 et
795 1362 891 1427 ‘de
940 1375 1182 1427 senatus
1230 1360 1545 1427 sententia'
1596 1368 1830 1426 vitiose:
1892 1384 2026 1425 nam
2073 1365 2292 1426 debent
2338 1365 2536 1427 dicere
2587 1374 2652 1426 ut
2701 1361 2795 1425 ‘ex
2844 1383 2972 1425 mea

364 1468 707 1554 sententia'‚
755 1468 859 1533 ‘ex
905 1481 1004 1534 tua
1054 1475 1345 1534 sententia
1362 1467 1401 1554 ⁹,
1448 1475 1533 1533 sic
1582 1467 1677 1533 ‘ex
1725 1479 1969 1533 senatus
2017 1467 2349 1534 sententia’.
2423 1475 2567 1534 item
2614 1478 2832 1534 errant
2876 1472 2986 1550 qui

288 1592 337 1629 1⁰
362 1581 567 1642 dicunt
630 1575 736 1641 ‘de
790 1589 1000 1641 senatu
1054 1575 1238 1641 redii'
1294 1582 1494 1659 potius
1550 1597 1726 1658 quam
1783 1573 1854 1639 ‘e
1910 1573 2181 1660 senatu',
2235 1579 2421 1660 quod,
2478 1598 2549 1640 eo
2607 1596 2743 1639 cum
2802 1580 2979 1657 imuS,

362 1687 612 1748 dicimus
665 1689 759 1768 in,
807 1687 946 1747 inde
1002 1705 1137 1747 cum
1193 1686 1492 1767 redimus»,
1551 1688 1809 1747 dicimus
1863 1703 1959 1746 ex.
2036 1679 2141 1745 ‘ex
2188 1693 2398 1746 senatu
2457 1679 2716 1746 eiectus'
2777 1686 2976 1764 potius

327 1781 538 1873 ‘quam
594 1788 700 1853 ‘de
763 1788 1023 1854 senatu’.
1100 1792 1249 1853 male
1295 1795 1591 1873 imperant
1636 1794 1739 1871 qui
1786 1791 1995 1851 dicunt
2041 1791 2114 1852 de
2162 1789 2379 1852 tabulis
2425 1791 2567 1870 quid
2614 1790 2832 1852 dicere.
2906 1790 2979 1850 de

362 1899 577 1960 tabulis
631 1902 790 1961 enim
845 1902 898 1960 is
952 1898 1123 1979 dicit,
1177 1902 1280 1978 qui
1337 1918 1437 1960 eas
1498 1898 1696 1960 laudat
1750 1906 1854 1959 aut
1907 1896 2132 1976 culpat:
2188 1915 2220 1956 e
2269 1897 2485 1959 tabulis
2538 1900 2591 1957 is
2646 1898 2818 1978 dicit,
2874 1899 2981 1976 qui

364 2006 519 2085 quod
567 2015 660 2067 est
705 2009 765 2066 in
813 2004 908 2066 his
963 2007 1253 2086 scripturn
1300 2007 1513 2066 recitat
1558 1999 1603 2082 †
1650 2005 2058 2083 scriptumque
2107 2007 2528 2083 pronuntiatur
2591 2006 2640 2065 si
2687 2022 2754 2063 ea
2802 2003 2980 2086 videt,

543 2212 569 2259 1
611 2206 681 2260 (16
717 2220 828 2274 (1110
866 2205 997 2273 (que
1035 2205 1163 2261 add.
1202 2204 1254 2271 b)
1293 2220 1404 2258 non
1441 2219 1747 2272 numquam
1782 2220 1821 2273 p
1859 2218 1895 2256 a
1927 2201 2157 2269 ponitur
2201 2216 2301 2271 pro
2340 2217 2409 2255 ex
2446 2204 2506 2257 et
2550 2217 2970 2271 nonnumquam

361 2302 462 2354 pro
510 2301 546 2339 a
587 2289 654 2340 ut
696 2285 758 2339 in
803 2285 910 2338 hac
954 2282 1247 2353 prouincia
1284 2281 1474 2337 uenire
1512 2282 1608 2350 qui
1647 2298 1705 2336 66
1752 2280 1890 2336 dicit
1926 2281 1981 2333 B
2031 2280 2101 2336 de
2139 2280 2400 2350 quodque
2449 2283 2694 2351 (quoque
2733 2284 2797 2351 ω)
2835 2298 2973 2337 non·

364 2381 666 2433 numquam
711 2379 1007 2434 perperam
1053 2363 1280 2431 ponitur
1324 2378 1425 2430 pro
1473 2377 1541 2415 ex
1587 2364 1645 2415 et
1690 2362 1813 2431 (pro
1860 2378 1953 2428 ex,
2003 2378 2070 2416 ex
2116 2367 2182 2430 ω)
2238 2367 2655 2430 nonnumquam
2714 2362 2981 2431 prountia

363 2443 677 2514 (prouincia
714 2444 778 2511 ω)
817 2441 1006 2496 uenire
1047 2441 1144 2511 qui
1179 2458 1239 2495 66
1277 2438 1415 2494 dicit
1450 2439 1553 2493 Ρω
1603 2440 1673 2494 (16
1719 2455 1942 2510 (1110(1116
1978 2456 2397 2509 nonnumquam
2446 2459 2549 2511 pro
2587 2459 2623 2497 a
2657 2441 2884 2512 ponitur
2920 2443 2979 2496 et

365 2538 783 2592 nonnumquam
819 2539 921 2591 pro
959 2538 1050 2590 ex,
1089 2537 1190 2591 pro
1228 2537 1288 2587 a,
1325 2521 1392 2573 ut
1424 2519 1485 2572 in
1519 2518 1628 2573 hoc
1658 2535 1692 2573 *
1721 2519 1790 2573 de
1828 2521 2121 2588 prouincia
2149 2520 2340 2576 uenire
2368 2520 2466 2590 qui
2495 2539 2554 2577 66
2582 2522 2722 2577 dicit
2758 2523 2978 2587 lacuna,

363 2620 475 2672 qua
509 2603 753 2672 exempla
799 2602 1064 2671 quaedam
1094 2599 1527 2668 praepositionis
1573 2599 1644 2653 de
1682 2615 1791 2667 pro
1828 2616 1863 2654 a
1889 2602 2107 2669 positae
2143 2607 2192 2655 et
2227 2603 2393 2655 verba
2436 2606 2637 2671 peccat
2682 2602 2854 2657 etiam
2891 2618 2980 2654 ex-

365 2685 647 2749 cidissent,
682 2683 933 2737 indicata
980 2681 1411 2746 Wilmannsim,
1449 2681 1518 2736 (16
1558 2697 1780 2750 quoque
1816 2698 2234 2750 nonnumquam
2269 2682 2636 2752 praeponitur
2675 2698 2777 2751 pro
2816 2699 2886 2737 ex
2923 2684 2983 2736 et

365 2780 786 2833 nonnumquam
821 2779 923 2833 pro
960 2779 1018 2831 a,
1056 2763 1121 2816 ut
1157 2779 1284 2816 cum
1321 2760 1390 2816 de
1429 2759 1718 2832 prouincia
1753 2760 1947 2817 uenire
1985 2763 2111 2831 quis
2149 2780 2208 2817 66
2245 2761 2386 2817 dicit
2429 2762 2713 2818 Usener-ua.
2773 2763 2832 2817 et
2867 2779 2978 2817 non

366 2860 669 2913 numquam
715 2859 818 2911 pro
865 2858 901 2895 a
945 2858 1011 2895 etz:
1064 2842 1135 2894 iis
1179 2858 1317 2910 quae
1353 2842 1679 2896 antecedunt
1713 2841 1972 2895 videntur
2016 2844 2248 2909 repet-ita
2284 2858 2405 2897 esse.
2446 2861 2774 2913 quamquam
2810 2844 2980 2898 scribi

358 2928 576 2991 poterat
612 2922 682 2976 de
719 2937 942 2990 quoque
980 2938 1093 2975 non
1127 2937 1434 2990 numquam
1469 2937 1765 2990 perperam
1801 2923 2055 2992 ponitur,
2095 2926 2154 2978 et
2188 2942 2300 2978 non
2335 2941 2644 2993 numquam
2682 2926 2873 2978 errant
2916 2923 2976 2977 in

366 3004 472 3057 hoc
510 3003 608 3071 qui
645 3002 714 3056 (16
751 3000 1040 3070 provincia
1075 3000 1265 3055 venire
1303 3016 1363 3054 66
1400 3000 1596 3054 dicunt
1800 3006 1833 3054 3
1872 3018 2002 3055 nam
2040 3019 2280 3072 perpera
2317 3004 2375 3058 in
2413 3007 2499 3058 eet
2534 3003 2588 3055 B
2627 3006 2817 3058 tamen
2853 3020 2977 3072 per-

367 3099 555 3152 peram
596 3083 683 3136 eat
729 3081 998 3136 Usener-ua
1194 3080 1255 3151 in
1290 3096 1492 3134 nauem
1530 3081 1589 3133 et
1624 3079 1684 3134 in
1721 3079 1930 3135 circum
1970 3084 2183 3136 eximus
2220 3086 2285 3137 ut
2323 3099 2353 3136 6
2390 3099 2533 3157 naue
2571 3099 2602 3136 e
2641 3081 2788 3136 circo
2837 3081 2975 3137 Wil-

1336 3161 1354 3199 i

366 3217 653 3270 mannaim
794 3220 828 3267 4
866 3211 1079 3267 eximus
1115 3212 1173 3266 in
1212 3230 1356 3279 naue
1393 3214 1434 3282 (i
1470 3230 1735 3282 super-scr.
1777 3215 1831 3283 b)
1868 3213 2015 3269 circo
2055 3214 2147 3270 Sic
2183 3231 2213 3269 e
2249 3216 2541 3285 prouincia
2575 3215 2630 3269 Β
2668 3215 2883 3270 eximus
2922 3214 2982 3269 in

367 3293 586 3349 nanctis
624 3292 806 3349 coaice
841 3291 1129 3362 prouintia
1164 3293 1221 3346 P
1250 3293 1461 3349 eximus
1499 3311 1529 3349 6
1566 3294 1805 3349 nauibus
1844 3293 2071 3349 Corsica
2104 3295 2396 3365 prouincia
2432 3317 2475 3350 ω
2514 3297 2729 3352 eximus
2760 3313 2790 3350 e
2820 3296 2980 3351 naui-

369 3375 498 3444 bus,
534 3373 710 3443 circo,
747 3373 1041 3443 prouincia
1076 3373 1371 3428 Putachiue
1550 3381 1582 3429 ὅ
1619 3376 1761 3430 bene
1798 3378 1865 3430 ut
1901 3376 2047 3430 male
2085 3375 2142 3429 P
2277 3376 2347 3430 (16
2384 3393 2528 3432 naue
2563 3377 2619 3430 Β
2657 3378 2727 3432 (16
2762 3394 2896 3432 nam
2934 3378 2989 3430 P

369 3454 435 3510 de
472 3453 605 3510 naui
642 3475 687 3507 ω
833 3459 864 3507 6
901 3470 975 3508 an
1005 3453 1424 3521 Wssmamnsiue,
1461 3457 1560 3509 aut
1594 3456 1651 3508 Β
1662 3454 1763 3509 Ρω
1892 3456 2152 3512 oneraria
2188 3458 2244 3510 P
2376 3459 2665 3529 rogamus]
2704 3474 2781 3511 an
2818 3474 2983 3526 quae-

368 3535 573 3591 rimus?
698 3528 705 3534 ’
753 3533 1032 3588 flaminius
1070 3550 1141 3589 an
1178 3534 1453 3589 maximus
1491 3536 1593 3589 Ρω
1647 3536 1985 3591 flamminius
2022 3551 2114 3590 am
2152 3538 2309 3604 (corr.
2350 3539 2443 3607 611)
2479 3537 2757 3592 maximus
2792 3538 2847 3592 Β
2884 3537 2981 3592 fla·

367 3614 570 3669 minius
621 3617 721 3670 aut
763 3613 1038 3668 maximus
1085 3613 1379 3669 Fut-achias
1559 3623 1588 3669 7
1635 3615 1835 3671 haberi
1883 3636 1925 3669 ω
2105 3616 2383 3686 apollonie
2425 3617 2483 3671 Β
2662 3618 2723 3672 in
2758 3618 2898 3672 aede
2935 3637 2978 3671 ω

367 3694 425 3749 111
458 3694 657 3750 aedem
693 3694 818 3748 BP
989 3699 1022 3746 8
1059 3694 1129 3749 de
1166 3698 1366 3751 senatu
1402 3695 1678 3750 sententia
1713 3696 1769 3749 B
1969 3702 2001 3748 9
2039 3713 2106 3750 ex
2142 3698 2368 3751 senatus
2406 3695 2686 3752 sententia
2722 3698 2871 3754 Pboe
2911 3713 2979 3750 ex

369 3777 565 3830 senatu
601 3774 880 3829 sententia
913 3774 969 3826 Β
1112 3774 1247 3828 item
1287 3775 1383 3845 qui
1419 3774 1615 3829 dicunt
1650 3776 1704 3828 B
1722 3776 1778 3828 P
1806 3775 1945 3830 item
1975 3774 2204 3843 quidam
2240 3775 2435 3830 dicunt
2473 3797 2515 3830 ω
2658 3784 2723 3832 10
2752 3777 2894 3832 redii
2920 3778 2975 3830 B

368 3860 418 3908 et
445 3855 769 3920 Bacchius,
805 3870 866 3908 re
902 3852 1018 3906 dici
1053 3854 1109 3906 P
1138 3854 1219 3908 ire
1256 3853 1370 3907 dici
1407 3874 1449 3907 ω
1593 3870 1626 3909 6
1663 3857 1858 3910 senatu
1898 3853 2050 3924 quod
2090 3871 2154 3909 eo
2192 3872 2302 3923 quo
2339 3855 2544 3909 inimus
2574 3856 2812 3912 dicimus
2850 3858 2979 3912 inde

370 3950 495 3990 cum
530 3935 777 3990 redimus
814 3949 882 3988 ex
929 3935 1130 3988 senatu
1176 3933 1357 3988 eiecto
1394 3934 1625 4003 (eiectus
1663 3939 1729 4004 ω)
1774 3934 1962 4004 potius
2009 3950 2177 4003 quam
2231 3935 2301 3989 de
2337 3936 2536 3991 senatu
2573 3937 2675 3991 Pm
2714 3954 2745 3991 e
2783 3941 2981 3991 senatu

370 4030 434 4070 eo
470 4015 620 4085 quod
655 4031 767 4085 quo
805 4013 1010 4068 inimus
1046 4014 1235 4081 (deleto
1261 4014 1345 4083 in)
1382 4015 1617 4069 dicimus
1652 4014 1782 4068 inde
1811 4030 1938 4068 cum
1964 4013 2210 4068 redimus
2238 4032 2305 4069 ex
2342 4020 2541 4072 senatu
2569 4017 2749 4072 eiecto
2787 4016 2976 4086 potius

368 4099 557 4162 (quem
594 4096 721 4151 add.
761 4098 813 4163 b)
853 4112 1026 4164 quam
1060 4095 1129 4149 (16
1157 4099 1353 4151 senatu
1388 4095 1444 4148 Β
1483 4111 1548 4149 eo
1578 4094 1729 4163 quod
1766 4112 1881 4164 quo
1911 4109 2081 4161 quom
2118 4092 2265 4147 imus
2294 4095 2352 4148 in
2381 4094 2645 4166 dicimus,
2683 4097 2813 4151 inde
2850 4113 2977 4151 cum

368 4174 614 4230 redimus
649 4176 943 4232 dicendum
982 4193 1075 4232 ex:
1113 4193 1181 4231 ex
1217 4179 1414 4231 senatu
1452 4174 1659 4230 eiectus
1694 4175 1884 4244 potius
1919 4192 2088 4244 quam
2125 4175 2194 4231 de
2233 4179 2432 4232 senatu
2471 4178 2875 4232 Wilmannsius

375 4259 438 4308 12
475 4255 546 4310 (16
580 4256 763 4311 tabuli
789 4259 981 4327 priore
1017 4260 1130 4314 loco
1167 4259 1224 4312 P
1381 4264 1446 4312 13
1484 4255 1573 4311 hia
1611 4256 1805 4323 (deleta
1841 4256 1900 4324 h)
1938 4255 2028 4310 dic
2068 4256 2164 4326 qui
2201 4257 2319 4312 61116
2356 4258 2552 4313 laudat
2587 4258 2642 4312 Β
2679 4258 2767 4312 1116
2804 4258 2876 4325 (16
2915 4260 2982 4326 ω)

370 4335 523 4390 dicet
555 4335 654 4405 (1111
691 4353 790 4392 eas
826 4338 1021 4392 laudat
1057 4338 1171 4392 Ρω,
1359 4338 1433 4408 16]
1473 4337 1586 4406 hie,
1623 4339 1716 4392 sed
1751 4338 1926 4391 deleta
1959 4338 1999 4391 h
2037 4335 2093 4390 Β
2293 4344 2362 4392 14
2398 4338 2670 4408 seriptum
2705 4338 2908 4392 recitat
2946 4355 2976 4392 e

372 4413 640 4484 scriptum
667 4433 813 4484 quae
841 4419 1276 4489 pronuntiantur
1302 4417 1598 4487 (scriptum
1626 4417 1846 4484 recitat,
1866 4416 2133 4488 scriptum
2162 4418 2287 4488 quis
2316 4418 2646 4487 pronuntiat
2665 4417 2978 4486 Putschius)

373 4493 421 4547 61
447 4511 513 4548 66
540 4495 699 4551 uidet
731 4498 919 4568 potius
954 4496 1067 4552 dici
1094 4498 1318 4568 oportet
1354 4497 1468 4566 legi
1505 4513 1674 4565 quam
1703 4496 1820 4551 dici
1856 4499 2050 4552 contra
2077 4514 2173 4552 666
2208 4497 2430 4553 litterae
2468 4514 2579 4553 non
2616 4497 2835 4567 spectat
2871 4497 2974 4550 Ρω

373 4579 421 4627 et
456 4574 761 4631 Post-schino.
818 4579 1019 4633 codicis
1053 4578 1109 4631 Β
1145 4579 1479 4645 scripturam
1513 4578 1579 4630 in
1612 4582 1766 4631 textu
1801 4577 2040 4630 exhibui.
2100 4578 2369 4648 scriptum
2404 4577 2607 4634 recitat
2641 4578 2979 4648 scriptumve

376 4655 720 4721 pronuntiat:
760 4656 810 4710 61
846 4673 941 4713 666
976 4658 1164 4728 uidet,
1199 4656 1388 4728 potius
1424 4654 1537 4710 dici
1575 4658 1798 4725 oportet
1833 4656 1980 4727 legi,
2019 4659 2214 4711 contra
2250 4673 2421 4725 quam
2457 4656 2596 4725 dici,
2644 4673 2741 4713 666
2787 4657 2983 4712 literas

375 4733 423 4786 si
466 4751 575 4789 non
618 4737 844 4804 spectat
889 4737 1306 4794 Wilmoennsius.
1363 4742 1651 4806 corrupta,
1697 4743 1759 4792 ut
1802 4739 2041 4805 videtur,
2087 4737 2409 4806 perturbato
2453 4738 2648 4791 ordine
2689 4739 2856 4792 verba
2901 4739 2984 4792 ita

376 4814 486 4878 fere
509 4815 729 4870 restitui
757 4821 1043 4884 poterant,
1081 4815 1350 4886 scriptum
1378 4816 1606 4884 recitat,
1644 4818 1702 4871 et
1737 4817 1925 4886 potius
1952 4816 2064 4871 dici
2094 4817 2320 4886 oportet
2350 4816 2534 4887 ‘legit'
2568 4833 2741 4884 quam
2773 4818 2979 4887 ‘dicitu

380 4893 426 4948 si
461 4909 527 4950 ca
563 4895 715 4950 videt
753 4911 898 4964 quae
933 4897 1289 4965 pronuntiat:
1326 4912 1457 4950 nam
1498 4896 1595 4974 qui
1632 4896 1771 4951 dicit
1806 4899 2004 4951 contra
2040 4896 2257 4951 litteras
2292 4912 2403 4951 non
2441 4899 2659 4967 spectat
