<?xml version="1.0" encoding="UTF-8"?>
<!DOCTYPE html PUBLIC "-//W3C//DTD XHTML 1.0 Transitional//EN"
    "http://www.w3.org/TR/xhtml1/DTD/xhtml1-transitional.dtd">
<html xmlns="http://www.w3.org/1999/xhtml" xml:lang="en" lang="en">
 <head>
  <title>
</title>
<meta http-equiv="Content-Type" content="text/html;charset=utf-8" />
  <meta name='ocr-system' content='tesseract 3.04.00' />
  <meta name='ocr-capabilities' content='ocr_page ocr_carea ocr_par ocr_line ocrx_word'/>
</head>
<body>
  <div class='ocr_page' id='page_1' title='image "./grammaticilatin09keilgoog_0296.png"; bbox 0 0 3613 5528; ppageno 0'>
   <div class='ocr_carea' id='block_1_1' title="bbox 604 322 2020 446">
    <p class='ocr_par' dir='ltr' id='par_1_1' title="bbox 604 322 2020 446">
     <span class='ocr_line' id='line_1_1' title="bbox 604 322 2020 446; baseline -0.009 -11"><span class='ocrx_word' id='word_1_1' title='bbox 604 370 735 435; x_wconf 80' lang='lat'><strong>286</strong></span> <span class='ocrx_word' id='word_1_2' title='bbox 1253 322 1262 327; x_wconf 61' lang='grc'><strong>’</strong></span> <span class='ocrx_word' id='word_1_3' title='bbox 1779 369 2020 446; x_wconf 49' lang='lat' dir='ltr'><strong>mange</strong></span> 
     </span>
    </p>
   </div>
   <div class='ocr_carea' id='block_1_2' title="bbox 545 471 3295 3951">
    <p class='ocr_par' dir='ltr' id='par_1_2' title="bbox 597 471 946 519">
     <span class='ocr_line' id='line_1_2' title="bbox 597 471 946 519; baseline -0.006 -7"><span class='ocrx_word' id='word_1_4' title='bbox 597 481 640 519; x_wconf 83' lang='lat' dir='ltr'><strong>p.</strong></span> <span class='ocrx_word' id='word_1_5' title='bbox 670 472 788 512; x_wconf 79' lang='lat'><strong>2796.</strong></span> <span class='ocrx_word' id='word_1_6' title='bbox 817 472 868 512; x_wconf 76' lang='lat'><strong>97</strong></span> <span class='ocrx_word' id='word_1_7' title='bbox 897 471 946 510; x_wconf 87' lang='lat' dir='ltr'><strong>P.</strong></span> 
     </span>
    </p>

    <p class='ocr_par' dir='ltr' id='par_1_3' title="bbox 598 552 3210 741">
     <span class='ocr_line' id='line_1_3' title="bbox 777 552 3210 637; baseline -0.001 -21"><span class='ocrx_word' id='word_1_8' title='bbox 777 555 966 637; x_wconf 89' lang='lat' dir='ltr'><strong>Pene,</strong></span> <span class='ocrx_word' id='word_1_9' title='bbox 1012 553 1169 634; x_wconf 88' lang='lat' dir='ltr'><strong>quod</strong></span> <span class='ocrx_word' id='word_1_10' title='bbox 1217 562 1310 615; x_wconf 90' lang='lat' dir='ltr'><strong>est</strong></span> <span class='ocrx_word' id='word_1_11' title='bbox 1356 556 1726 635; x_wconf 88' lang='lat' dir='ltr'><strong>coniunctio,</strong></span> <span class='ocrx_word' id='word_1_12' title='bbox 1772 574 1882 635; x_wconf 91' lang='lat' dir='ltr'><strong>per</strong></span> <span class='ocrx_word' id='word_1_13' title='bbox 1929 574 1992 617; x_wconf 85' lang='lat' dir='ltr'><strong>e:</strong></span> <span class='ocrx_word' id='word_1_14' title='bbox 2054 574 2271 636; x_wconf 83' lang='lat' dir='ltr'><strong>poena,</strong></span> <span class='ocrx_word' id='word_1_15' title='bbox 2330 552 2487 634; x_wconf 85' lang='lat' dir='ltr'><strong>quod</strong></span> <span class='ocrx_word' id='word_1_16' title='bbox 2537 563 2629 615; x_wconf 89' lang='lat' dir='ltr'><strong>est</strong></span> <span class='ocrx_word' id='word_1_17' title='bbox 2675 554 3210 636; x_wconf 85' lang='lat' dir='ltr'><strong>supplicium‚·per</strong></span> 
     </span>
     <span class='ocr_line' id='line_1_4' title="bbox 598 660 1883 741; baseline -0.001 -18"><span class='ocrx_word' id='word_1_18' title='bbox 598 682 696 723; x_wconf 89' lang='lat' dir='ltr'><strong>oe:</strong></span> <span class='ocrx_word' id='word_1_19' title='bbox 747 662 1018 724; x_wconf 87' lang='lat' dir='ltr'><strong>similiter</strong></span> <span class='ocrx_word' id='word_1_20' title='bbox 1064 671 1126 723; x_wconf 84' lang='lat' dir='ltr'><strong>et</strong></span> <span class='ocrx_word' id='word_1_21' title='bbox 1170 662 1435 741; x_wconf 82' lang='lat' dir='ltr'><strong>Poenus,</strong></span> <span class='ocrx_word' id='word_1_22' title='bbox 1481 660 1540 721; x_wconf 92' lang='lat' dir='ltr'><strong>id</strong></span> <span class='ocrx_word' id='word_1_23' title='bbox 1590 670 1682 722; x_wconf 89' lang='lat' dir='ltr'><strong>est</strong></span> <span class='ocrx_word' id='word_1_24' title='bbox 1725 662 1883 723; x_wconf 83' lang='lat' dir='ltr'><strong>Aser.</strong></span> 
     </span>
    </p>

    <p class='ocr_par' dir='ltr' id='par_1_4' title="bbox 563 757 3259 1065">
     <span class='ocr_line' id='line_1_5' title="bbox 777 757 3210 852; baseline 0.001 -24"><span class='ocrx_word' id='word_1_25' title='bbox 777 757 1207 848; x_wconf 84' lang='lat' dir='ltr'><strong>Praegnantem</strong></span> <span class='ocrx_word' id='word_1_26' title='bbox 1255 786 1390 830; x_wconf 90' lang='lat' dir='ltr'><strong>cum</strong></span> <span class='ocrx_word' id='word_1_27' title='bbox 1439 771 1662 849; x_wconf 89' lang='lat' dir='ltr'><strong>scripto</strong></span> <span class='ocrx_word' id='word_1_28' title='bbox 1710 769 1951 852; x_wconf 87' lang='lat' dir='ltr'><strong>dividis,</strong></span> <span class='ocrx_word' id='word_1_29' title='bbox 1998 790 2036 850; x_wconf 86' lang='lat' dir='ltr'><strong>g</strong></span> <span class='ocrx_word' id='word_1_30' title='bbox 2081 770 2377 832; x_wconf 90' lang='lat' dir='ltr'><strong>secundae</strong></span> <span class='ocrx_word' id='word_1_31' title='bbox 2423 770 2675 850; x_wconf 76' lang='lat' dir='ltr'><strong>syllabae</strong></span> <span class='ocrx_word' id='word_1_32' title='bbox 2722 774 2940 834; x_wconf 82' lang='lat' dir='ltr'><strong>nectis:</strong></span> <span class='ocrx_word' id='word_1_33' title='bbox 2994 773 3210 851; x_wconf 85' lang='lat' dir='ltr'><strong>pignus</strong></span> 
     </span>
     <span class='ocr_line' id='line_1_6' title="bbox 607 875 3209 958; baseline 0 -22"><span class='ocrx_word' id='word_1_34' title='bbox 607 883 667 936; x_wconf 92' lang='lat' dir='ltr'><strong>et</strong></span> <span class='ocrx_word' id='word_1_35' title='bbox 710 894 909 955; x_wconf 89' lang='lat' dir='ltr'><strong>pugna</strong></span> <span class='ocrx_word' id='word_1_36' title='bbox 948 876 1220 937; x_wconf 88' lang='lat' dir='ltr'><strong>similiter</strong></span> <span class='ocrx_word' id='word_1_37' title='bbox 1258 885 1317 937; x_wconf 91' lang='lat' dir='ltr'><strong>et</strong></span> <span class='ocrx_word' id='word_1_38' title='bbox 1363 878 1561 937; x_wconf 85' lang='lat' dir='ltr'><strong>ceter&#39;a</strong></span> <span class='ocrx_word' id='word_1_39' title='bbox 1609 875 1788 938; x_wconf 86' lang='lat' dir='ltr'><strong>huius</strong></span> <span class='ocrx_word' id='word_1_40' title='bbox 1827 876 2001 937; x_wconf 89' lang='lat' dir='ltr'><strong>modi.</strong></span> <span class='ocrx_word' id='word_1_41' title='bbox 2075 886 2347 958; x_wconf 86' lang='lat' dir='ltr'><strong>propter,</strong></span> <span class='ocrx_word' id='word_1_42' title='bbox 2390 879 2453 937; x_wconf 88' lang='lat' dir='ltr'><strong>in</strong></span> <span class='ocrx_word' id='word_1_43' title='bbox 2502 876 2789 938; x_wconf 85' lang='lat' dir='ltr'><strong>divisione</strong></span> <span class='ocrx_word' id='word_1_44' title='bbox 2836 876 3134 938; x_wconf 88' lang='lat' dir='ltr'><strong>scribendi</strong></span> <span class='ocrx_word' id='word_1_45' title='bbox 3170 897 3209 956; x_wconf 88' lang='lat' dir='ltr'>p</span> 
     </span>
     <span class='ocr_line' id='line_1_7' title="bbox 563 981 3259 1065; baseline 0.001 -23"><span class='ocrx_word' id='word_1_46' title='bbox 563 983 893 1045; x_wconf 75' lang='lat' dir='ltr'><strong>&#39;secundae</strong></span> <span class='ocrx_word' id='word_1_47' title='bbox 942 981 1195 1064; x_wconf 77' lang='lat' dir='ltr'><strong>syllabae</strong></span> <span class='ocrx_word' id='word_1_48' title='bbox 1241 985 1465 1063; x_wconf 88' lang='lat' dir='ltr'><strong>iungis:</strong></span> <span class='ocrx_word' id='word_1_49' title='bbox 1511 1002 1829 1065; x_wconf 82' lang='lat' dir='ltr'><strong>prospere,</strong></span> <span class='ocrx_word' id='word_1_50' title='bbox 1876 1002 1904 1044; x_wconf 91' lang='lat' dir='ltr'><strong>s</strong></span> <span class='ocrx_word' id='word_1_51' title='bbox 1951 982 2262 1045; x_wconf 89' lang='lat' dir='ltr'><strong>secundae.</strong></span> <span class='ocrx_word' id='word_1_52' title='bbox 3232 991 3259 1032; x_wconf 80' lang='lat'>⁵</span> 
     </span>
    </p>

    <p class='ocr_par' dir='ltr' id='par_1_5' title="bbox 596 1084 3212 1385">
     <span class='ocr_line' id='line_1_8' title="bbox 772 1084 3209 1172; baseline 0 -21"><span class='ocrx_word' id='word_1_53' title='bbox 772 1091 972 1152; x_wconf 86' lang='lat' dir='ltr'><strong>Partio</strong></span> <span class='ocrx_word' id='word_1_54' title='bbox 1021 1090 1241 1170; x_wconf 88' lang='lat' dir='ltr'><strong>populo</strong></span> <span class='ocrx_word' id='word_1_55' title='bbox 1289 1090 1508 1171; x_wconf 87' lang='lat' dir='ltr'><strong>praedo</strong></span> <span class='ocrx_word' id='word_1_56' title='bbox 1544 1084 1550 1172; x_wconf 91' lang='grc' dir='ltr'>Ι</span> <span class='ocrx_word' id='word_1_57' title='bbox 1584 1093 1772 1151; x_wconf 86' lang='lat' dir='ltr'><strong>activo</strong></span> <span class='ocrx_word' id='word_1_58' title='bbox 1821 1109 2040 1169; x_wconf 85' lang='lat' dir='ltr'><strong>genere</strong></span> <span class='ocrx_word' id='word_1_59' title='bbox 2077 1110 2195 1152; x_wconf 92' lang='lat' dir='ltr'><strong>non</strong></span> <span class='ocrx_word' id='word_1_60' title='bbox 2240 1109 2558 1170; x_wconf 80' lang='lat' dir='ltr'>numquam</span> <span class='ocrx_word' id='word_1_61' title='bbox 2596 1092 3001 1171; x_wconf 84' lang='lat' dir='ltr'><strong>proferuntur.</strong></span> <span class='ocrx_word' id='word_1_62' title='bbox 3066 1094 3209 1152; x_wconf 90' lang='lat' dir='ltr'><strong>item</strong></span> 
     </span>
     <span class='ocr_line' id='line_1_9' title="bbox 596 1197 3212 1281; baseline 0 -23"><span class='ocrx_word' id='word_1_63' title='bbox 596 1198 742 1258; x_wconf 87' lang='lat' dir='ltr'><strong>haec</strong></span> <span class='ocrx_word' id='word_1_64' title='bbox 807 1201 934 1278; x_wconf 89' lang='lat' dir='ltr'><strong>ipsa</strong></span> <span class='ocrx_word' id='word_1_65' title='bbox 990 1199 1322 1258; x_wconf 90' lang='lat' dir='ltr'><strong>communis</strong></span> <span class='ocrx_word' id='word_1_66' title='bbox 1387 1199 1625 1277; x_wconf 89' lang='lat' dir='ltr'><strong>generis</strong></span> <span class='ocrx_word' id='word_1_67' title='bbox 1680 1197 1859 1258; x_wconf 84' lang='lat' dir='ltr'><strong>verba</strong></span> <span class='ocrx_word' id='word_1_68' title='bbox 1919 1200 2154 1278; x_wconf 89' lang='lat' dir='ltr'><strong>saepius</strong></span> <span class='ocrx_word' id='word_1_69' title='bbox 2209 1201 2621 1281; x_wconf 82' lang='lat' dir='ltr'><strong>inveniuntur,</strong></span> <span class='ocrx_word' id='word_1_70' title='bbox 2676 1201 2901 1279; x_wconf 87' lang='lat' dir='ltr'><strong>partior</strong></span> <span class='ocrx_word' id='word_1_71' title='bbox 2957 1198 3212 1278; x_wconf 86' lang='lat' dir='ltr'><strong>populor</strong></span> 
     </span>
     <span class='ocr_line' id='line_1_10' title="bbox 599 1303 870 1385; baseline 0 -20"><span class='ocrx_word' id='word_1_72' title='bbox 599 1303 870 1385; x_wconf 90' lang='lat' dir='ltr'><strong>praedor.</strong></span> 
     </span>
    </p>

    <p class='ocr_par' dir='ltr' id='par_1_6' title="bbox 545 1411 3295 2220">
     <span class='ocr_line' id='line_1_11' title="bbox 775 1411 3210 1501; baseline -0 -29"><span class='ocrx_word' id='word_1_73' title='bbox 775 1412 940 1474; x_wconf 89' lang='lat' dir='ltr'><strong>Pono</strong></span> <span class='ocrx_word' id='word_1_74' title='bbox 989 1411 1337 1491; x_wconf 87' lang='lat' dir='ltr'><strong>simpliciter</strong></span> <span class='ocrx_word' id='word_1_75' title='bbox 1383 1411 1602 1495; x_wconf 89' lang='lat' dir='ltr'><strong>aliquid</strong></span> <span class='ocrx_word' id='word_1_76' title='bbox 1651 1420 1937 1473; x_wconf 77' lang='lat' dir='ltr'><strong>statuens,</strong></span> <span class='ocrx_word' id='word_1_77' title='bbox 2011 1411 2261 1492; x_wconf 87' lang='lat' dir='ltr'><strong>dispono</strong></span> <span class='ocrx_word' id='word_1_78' title='bbox 2309 1411 2529 1501; x_wconf 77' lang='lat' dir='ltr'><strong>aliquid</strong></span> <span class='ocrx_word' id='word_1_79' title='bbox 2576 1413 2775 1491; x_wconf 90' lang='lat' dir='ltr'><strong>operis</strong></span> <span class='ocrx_word' id='word_1_80' title='bbox 2830 1412 3210 1490; x_wconf 85' lang='lat' dir='ltr'><strong>impensioris</strong></span> 
     </span>
     <span class='ocr_line' id='line_1_12' title="bbox 603 1518 3293 1599; baseline -0 -20"><span class='ocrx_word' id='word_1_81' title='bbox 603 1518 695 1579; x_wconf 88' lang='lat' dir='ltr'><strong>vel</strong></span> <span class='ocrx_word' id='word_1_82' title='bbox 753 1518 983 1579; x_wconf 88' lang='lat' dir='ltr'><strong>consilii</strong></span> <span class='ocrx_word' id='word_1_83' title='bbox 1039 1520 1332 1579; x_wconf 78' lang='lat' dir='ltr'><strong>facturus:</strong></span> <span class='ocrx_word' id='word_1_84' title='bbox 1387 1526 1480 1580; x_wconf 90' lang='lat' dir='ltr'><strong>est</strong></span> <span class='ocrx_word' id='word_1_85' title='bbox 1533 1521 1712 1580; x_wconf 89' lang='lat' dir='ltr'><strong>etiam</strong></span> <span class='ocrx_word' id='word_1_86' title='bbox 1755 1519 2072 1599; x_wconf 88' lang='lat' dir='ltr'><strong>disponere</strong></span> <span class='ocrx_word' id='word_1_87' title='bbox 2121 1518 2379 1580; x_wconf 76' lang='lat' dir='ltr'><strong>foederis</strong></span> <span class='ocrx_word' id='word_1_88' title='bbox 2432 1518 2693 1579; x_wconf 89' lang='lat' dir='ltr'><strong>ineundi.</strong></span> <span class='ocrx_word' id='word_1_89' title='bbox 2766 1537 3034 1598; x_wconf 88' lang='lat' dir='ltr'><strong>propono</strong></span> <span class='ocrx_word' id='word_1_90' title='bbox 3089 1536 3210 1578; x_wconf 90' lang='lat' dir='ltr'><strong>non</strong></span> <span class='ocrx_word' id='word_1_91' title='bbox 3240 1526 3293 1564; x_wconf 88' lang='lat'><strong>¹⁰</strong></span> 
     </span>
     <span class='ocr_line' id='line_1_13' title="bbox 597 1624 3212 1707; baseline 0 -22"><span class='ocrx_word' id='word_1_92' title='bbox 597 1642 920 1704; x_wconf 81' lang='lat' dir='ltr'><strong>numquam</strong></span> <span class='ocrx_word' id='word_1_93' title='bbox 975 1625 1048 1685; x_wconf 88' lang='lat' dir='ltr'><strong>ad</strong></span> <span class='ocrx_word' id='word_1_94' title='bbox 1102 1624 1587 1704; x_wconf 85' lang='lat' dir='ltr'><strong>interrogandum</strong></span> <span class='ocrx_word' id='word_1_95' title='bbox 1643 1630 1907 1706; x_wconf 86' lang='lat' dir='ltr'><strong>pertinet</strong></span> <span class='ocrx_word' id='word_1_96' title='bbox 1962 1634 2022 1688; x_wconf 88' lang='lat' dir='ltr'><strong>et</strong></span> <span class='ocrx_word' id='word_1_97' title='bbox 2076 1626 2502 1707; x_wconf 79' lang='lat' dir='ltr'><strong>quaestionem.</strong></span> <span class='ocrx_word' id='word_1_98' title='bbox 2577 1624 2807 1705; x_wconf 84' lang='lat' dir='ltr'><strong>adpone</strong></span> <span class='ocrx_word' id='word_1_99' title='bbox 2865 1625 3212 1687; x_wconf 89' lang='lat' dir='ltr'><strong>adiectionis</strong></span> 
     </span>
     <span class='ocr_line' id='line_1_14' title="bbox 602 1730 3210 1819; baseline 0 -28"><span class='ocrx_word' id='word_1_100' title='bbox 602 1739 721 1813; x_wconf 87' lang='lat' dir='ltr'><strong>est,</strong></span> <span class='ocrx_word' id='word_1_101' title='bbox 766 1733 1005 1811; x_wconf 89' lang='lat' dir='ltr'><strong>impono</strong></span> <span class='ocrx_word' id='word_1_102' title='bbox 1054 1730 1345 1793; x_wconf 88' lang='lat' dir='ltr'><strong>insuendi.</strong></span> <span class='ocrx_word' id='word_1_103' title='bbox 1421 1749 1761 1817; x_wconf 80' lang='lat' dir='ltr'><strong>superpono</strong></span> <span class='ocrx_word' id='word_1_104' title='bbox 1810 1730 2066 1812; x_wconf 80' lang='lat' dir='ltr'><strong>aliquem</strong></span> <span class='ocrx_word' id='word_1_105' title='bbox 2104 1750 2348 1819; x_wconf 83' lang='lat' dir='ltr'><strong>censum</strong></span> <span class='ocrx_word' id='word_1_106' title='bbox 2396 1731 2488 1791; x_wconf 83' lang='lat' dir='ltr'><strong>vel</strong></span> <span class='ocrx_word' id='word_1_107' title='bbox 2535 1730 2796 1792; x_wconf 88' lang='lat' dir='ltr'><strong>laborem</strong></span> <span class='ocrx_word' id='word_1_108' title='bbox 2842 1733 2948 1792; x_wconf 89' lang='lat' dir='ltr'><strong>uni</strong></span> <span class='ocrx_word' id='word_1_109' title='bbox 2994 1733 3210 1810; x_wconf 89' lang='lat' dir='ltr'><strong>cuique</strong></span> 
     </span>
     <span class='ocr_line' id='line_1_15' title="bbox 545 1827 3211 1919; baseline -0.001 -20"><span class='ocrx_word' id='word_1_110' title='bbox 545 1857 554 1862; x_wconf 91' lang='lat'>·</span> <span class='ocrx_word' id='word_1_111' title='bbox 601 1837 890 1899; x_wconf 70' lang='lat' dir='ltr'><strong>indicens</strong></span> <span class='ocrx_word' id='word_1_112' title='bbox 966 1857 1267 1918; x_wconf 83' lang='lat' dir='ltr'><strong>praepono</strong></span> <span class='ocrx_word' id='word_1_113' title='bbox 1316 1838 1534 1918; x_wconf 86' lang='lat' dir='ltr'><strong>aliquid</strong></span> <span class='ocrx_word' id='word_1_114' title='bbox 1591 1840 1967 1919; x_wconf 83' lang='lat' dir='ltr'><strong>praeferens:</strong></span> <span class='ocrx_word' id='word_1_115' title='bbox 2027 1841 2112 1899; x_wconf 91' lang='lat' dir='ltr'><strong>sic</strong></span> <span class='ocrx_word' id='word_1_116' title='bbox 2158 1848 2219 1900; x_wconf 91' lang='lat' dir='ltr'><strong>et</strong></span> <span class='ocrx_word' id='word_1_117' title='bbox 2265 1847 2576 1918; x_wconf 82' lang='lat' dir='ltr'><strong>antepono.</strong></span> <span class='ocrx_word' id='word_1_118' title='bbox 2649 1846 2943 1918; x_wconf 82' lang='lat' dir='ltr'><strong>postpono</strong></span> <span class='ocrx_word' id='word_1_119' title='bbox 2990 1827 3211 1917; x_wconf 81' lang='lat' dir='ltr'><strong>aliquid</strong></span> 
     </span>
     <span class='ocr_line' id='line_1_16' title="bbox 599 1943 3212 2027; baseline -0.001 -21"><span class='ocrx_word' id='word_1_120' title='bbox 599 1946 851 2006; x_wconf 84' lang='lat' dir='ltr'><strong>inferius</strong></span> <span class='ocrx_word' id='word_1_121' title='bbox 911 1943 1196 2006; x_wconf 80' lang='lat' dir='ltr'><strong>iudicans,</strong></span> <span class='ocrx_word' id='word_1_122' title='bbox 1279 1964 1569 2025; x_wconf 89' lang='lat' dir='ltr'><strong>compono</strong></span> <span class='ocrx_word' id='word_1_123' title='bbox 1624 1946 1875 2008; x_wconf 88' lang='lat' dir='ltr'><strong>ornandi</strong></span> <span class='ocrx_word' id='word_1_124' title='bbox 1931 1955 2032 2007; x_wconf 87' lang='lat' dir='ltr'><strong>aut</strong></span> <span class='ocrx_word' id='word_1_125' title='bbox 2086 1946 2305 2026; x_wconf 89' lang='lat' dir='ltr'><strong>eloquii</strong></span> <span class='ocrx_word' id='word_1_126' title='bbox 2360 1953 2461 2007; x_wconf 89' lang='lat' dir='ltr'><strong>aut</strong></span> <span class='ocrx_word' id='word_1_127' title='bbox 2517 1945 2748 2006; x_wconf 84' lang='lat' dir='ltr'><strong>artificii</strong></span> <span class='ocrx_word' id='word_1_128' title='bbox 2807 1954 2925 2027; x_wconf 87' lang='lat' dir='ltr'><strong>est,</strong></span> <span class='ocrx_word' id='word_1_129' title='bbox 2988 1957 3212 2024; x_wconf 87' lang='lat' dir='ltr'><strong>sepono</strong></span> 
     </span>
     <span class='ocr_line' id='line_1_17' title="bbox 601 2049 3295 2133; baseline 0 -22"><span class='ocrx_word' id='word_1_130' title='bbox 601 2051 931 2131; x_wconf 88' lang='lat' dir='ltr'><strong>separandi.</strong></span> <span class='ocrx_word' id='word_1_131' title='bbox 1005 2070 1275 2133; x_wconf 87' lang='lat' dir='ltr'><strong>suppono</strong></span> <span class='ocrx_word' id='word_1_132' title='bbox 1337 2052 1555 2133; x_wconf 89' lang='lat' dir='ltr'><strong>aliquid</strong></span> <span class='ocrx_word' id='word_1_133' title='bbox 1613 2052 1827 2114; x_wconf 85' lang='lat' dir='ltr'><strong>subtus</strong></span> <span class='ocrx_word' id='word_1_134' title='bbox 1882 2053 2189 2114; x_wconf 76' lang='lat' dir='ltr'><strong>inducens,</strong></span> <span class='ocrx_word' id='word_1_135' title='bbox 2261 2052 2494 2132; x_wconf 90' lang='lat' dir='ltr'><strong>depono</strong></span> <span class='ocrx_word' id='word_1_136' title='bbox 2544 2049 2932 2112; x_wconf 80' lang='lat' dir='ltr'><strong>labefactandi</strong></span> <span class='ocrx_word' id='word_1_137' title='bbox 2984 2058 3076 2111; x_wconf 92' lang='lat' dir='ltr'><strong>est</strong></span> <span class='ocrx_word' id='word_1_138' title='bbox 3122 2049 3212 2111; x_wconf 88' lang='lat' dir='ltr'><strong>vel</strong></span> <span class='ocrx_word' id='word_1_139' title='bbox 3242 2057 3295 2098; x_wconf 81' lang='lat'><strong>¹⁵</strong></span> 
     </span>
     <span class='ocr_line' id='line_1_18' title="bbox 602 2158 1105 2220; baseline 0.002 -2"><span class='ocrx_word' id='word_1_140' title='bbox 602 2159 720 2219; x_wconf 82' lang='lat' dir='ltr'><strong>vita</strong></span> <span class='ocrx_word' id='word_1_141' title='bbox 765 2158 1105 2220; x_wconf 85' lang='lat' dir='ltr'><strong>excedendi.</strong></span> 
     </span>
    </p>

    <p class='ocr_par' dir='ltr' id='par_1_7' title="bbox 604 2264 3207 2454">
     <span class='ocr_line' id='line_1_19' title="bbox 778 2264 3207 2346; baseline 0 -21"><span class='ocrx_word' id='word_1_142' title='bbox 778 2264 1138 2345; x_wconf 82' lang='lat' dir='ltr'><strong>Peregrinus</strong></span> <span class='ocrx_word' id='word_1_143' title='bbox 1177 2284 1393 2327; x_wconf 90' lang='lat' dir='ltr'><strong>nomen</strong></span> <span class='ocrx_word' id='word_1_144' title='bbox 1433 2285 1607 2346; x_wconf 88' lang='lat' dir='ltr'><strong>saepe</strong></span> <span class='ocrx_word' id='word_1_145' title='bbox 1648 2269 1876 2330; x_wconf 87' lang='lat' dir='ltr'><strong>socium</strong></span> <span class='ocrx_word' id='word_1_146' title='bbox 1913 2266 2091 2327; x_wconf 87' lang='lat' dir='ltr'><strong>habet</strong></span> <span class='ocrx_word' id='word_1_147' title='bbox 2127 2274 2188 2328; x_wconf 88' lang='lat' dir='ltr'><strong>et</strong></span> <span class='ocrx_word' id='word_1_148' title='bbox 2223 2267 2606 2327; x_wconf 87' lang='lat' dir='ltr'><strong>coniunctum</strong></span> <span class='ocrx_word' id='word_1_149' title='bbox 2646 2265 2759 2326; x_wconf 90' lang='lat' dir='ltr'><strong>sibi</strong></span> <span class='ocrx_word' id='word_1_150' title='bbox 2797 2283 3010 2326; x_wconf 88' lang='lat' dir='ltr'><strong>nomen</strong></span> <span class='ocrx_word' id='word_1_151' title='bbox 3051 2264 3207 2327; x_wconf 89' lang='lat' dir='ltr'><strong>aliud</strong></span> 
     </span>
     <span class='ocr_line' id='line_1_20' title="bbox 604 2371 2543 2454; baseline 0.001 -24"><span class='ocrx_word' id='word_1_152' title='bbox 604 2371 783 2434; x_wconf 86' lang='lat' dir='ltr'><strong>dativi</strong></span> <span class='ocrx_word' id='word_1_153' title='bbox 829 2388 1035 2451; x_wconf 65' lang='lat' dir='ltr'><strong>casim,</strong></span> <span class='ocrx_word' id='word_1_154' title='bbox 1084 2382 1149 2434; x_wconf 89' lang='lat' dir='ltr'><strong>ut</strong></span> <span class='ocrx_word' id='word_1_155' title='bbox 1194 2375 1382 2434; x_wconf 88' lang='lat' dir='ltr'><strong>sancti</strong></span> <span class='ocrx_word' id='word_1_156' title='bbox 1429 2372 1711 2435; x_wconf 90' lang='lat' dir='ltr'><strong>dicuntur</strong></span> <span class='ocrx_word' id='word_1_157' title='bbox 1757 2376 2059 2454; x_wconf 81' lang='lat' dir='ltr'><strong>peregrini</strong></span> <span class='ocrx_word' id='word_1_158' title='bbox 2105 2373 2245 2434; x_wconf 90' lang='lat' dir='ltr'><strong>huic</strong></span> <span class='ocrx_word' id='word_1_159' title='bbox 2291 2371 2543 2432; x_wconf 88' lang='lat' dir='ltr'><strong>saeculo.</strong></span> 
     </span>
    </p>

    <p class='ocr_par' dir='ltr' id='par_1_8' title="bbox 779 2476 3021 2567">
     <span class='ocr_line' id='line_1_21' title="bbox 779 2476 3021 2567; baseline 0.001 -30"><span class='ocrx_word' id='word_1_160' title='bbox 779 2476 1162 2561; x_wconf 79' lang='lat' dir='ltr'><strong>Praestolari‚‘</strong></span> <span class='ocrx_word' id='word_1_161' title='bbox 1207 2499 1326 2541; x_wconf 90' lang='lat' dir='ltr'><strong>non</strong></span> <span class='ocrx_word' id='word_1_162' title='bbox 1372 2482 1752 2563; x_wconf 82' lang='lat' dir='ltr'><strong>praestulari,</strong></span> <span class='ocrx_word' id='word_1_163' title='bbox 1800 2482 1936 2560; x_wconf 89' lang='lat' dir='ltr'><strong>quia</strong></span> <span class='ocrx_word' id='word_1_164' title='bbox 1984 2482 2142 2558; x_wconf 79' lang='lat' dir='ltr'><strong>venit</strong></span> <span class='ocrx_word' id='word_1_165' title='bbox 2189 2499 2221 2541; x_wconf 93' lang='lat' dir='ltr'><strong>a</strong></span> <span class='ocrx_word' id='word_1_166' title='bbox 2269 2478 2448 2540; x_wconf 87' lang='lat' dir='ltr'><strong>verbo</strong></span> <span class='ocrx_word' id='word_1_167' title='bbox 2494 2488 2732 2567; x_wconf 86' lang='lat' dir='ltr'><strong>praesto</strong></span> <span class='ocrx_word' id='word_1_168' title='bbox 2779 2498 2929 2540; x_wconf 89' lang='lat' dir='ltr'><strong>sum.</strong></span> <span class='ocrx_word' id='word_1_169' title='bbox 3016 2549 3021 2555; x_wconf 89' lang='lat'>.</span> 
     </span>
    </p>

    <p class='ocr_par' dir='ltr' id='par_1_9' title="bbox 659 2583 3294 2668">
     <span class='ocr_line' id='line_1_22' title="bbox 659 2583 3294 2668; baseline 0.001 -24"><span class='ocrx_word' id='word_1_170' title='bbox 659 2645 672 2661; x_wconf 73' lang='grc'><em>,</em></span> <span class='ocrx_word' id='word_1_171' title='bbox 780 2583 1004 2664; x_wconf 87' lang='lat' dir='ltr'><strong>Puppis</strong></span> <span class='ocrx_word' id='word_1_172' title='bbox 1042 2589 1440 2648; x_wconf 87' lang='lat' dir='ltr'><strong>accusativum</strong></span> <span class='ocrx_word' id='word_1_173' title='bbox 1480 2605 1681 2648; x_wconf 88' lang='lat' dir='ltr'><strong>casum</strong></span> <span class='ocrx_word' id='word_1_174' title='bbox 1720 2589 1780 2648; x_wconf 86' lang='lat' dir='ltr'><strong>in</strong></span> <span class='ocrx_word' id='word_1_175' title='bbox 1811 2606 1904 2648; x_wconf 89' lang='lat' dir='ltr'><strong>em</strong></span> <span class='ocrx_word' id='word_1_176' title='bbox 1945 2594 2006 2647; x_wconf 84' lang='lat' dir='ltr'><strong>et</strong></span> <span class='ocrx_word' id='word_1_177' title='bbox 2040 2588 2102 2647; x_wconf 90' lang='lat' dir='ltr'><strong>in</strong></span> <span class='ocrx_word' id='word_1_178' title='bbox 2132 2589 2212 2647; x_wconf 89' lang='lat' dir='ltr'><strong>im</strong></span> <span class='ocrx_word' id='word_1_179' title='bbox 2240 2588 2443 2668; x_wconf 83' lang='lat' dir='ltr'><strong>mittit,</strong></span> <span class='ocrx_word' id='word_1_180' title='bbox 2478 2584 2795 2647; x_wconf 81' lang='lat' dir='ltr'><strong>ablativum</strong></span> <span class='ocrx_word' id='word_1_181' title='bbox 2832 2587 2893 2646; x_wconf 90' lang='lat' dir='ltr'><strong>in</strong></span> <span class='ocrx_word' id='word_1_182' title='bbox 2924 2604 2957 2646; x_wconf 93' lang='lat' dir='ltr'><strong>e</strong></span> <span class='ocrx_word' id='word_1_183' title='bbox 2995 2589 3145 2647; x_wconf 90' lang='lat' dir='ltr'><strong>etin</strong></span> <span class='ocrx_word' id='word_1_184' title='bbox 3175 2589 3211 2647; x_wconf 92' lang='lat' dir='ltr'><strong>i.</strong></span> <span class='ocrx_word' id='word_1_185' title='bbox 3240 2592 3294 2631; x_wconf 71' lang='lat'><strong>²⁰</strong></span> 
     </span>
    </p>

    <p class='ocr_par' dir='ltr' id='par_1_10' title="bbox 779 2690 1817 2775">
     <span class='ocr_line' id='line_1_23' title="bbox 779 2690 1817 2775; baseline 0.003 -24"><span class='ocrx_word' id='word_1_186' title='bbox 779 2690 973 2752; x_wconf 88' lang='lat' dir='ltr'><strong>Psalle</strong></span> <span class='ocrx_word' id='word_1_187' title='bbox 1021 2694 1357 2774; x_wconf 82' lang='lat' dir='ltr'><strong>perfectum</strong></span> <span class='ocrx_word' id='word_1_188' title='bbox 1402 2695 1543 2755; x_wconf 86' lang='lat' dir='ltr'><strong>facit</strong></span> <span class='ocrx_word' id='word_1_189' title='bbox 1587 2694 1817 2775; x_wconf 90' lang='lat' dir='ltr'><strong>psallui.</strong></span> 
     </span>
    </p>

    <p class='ocr_par' dir='ltr' id='par_1_11' title="bbox 601 2798 3213 2984">
     <span class='ocr_line' id='line_1_24' title="bbox 779 2798 3213 2883; baseline 0.002 -25"><span class='ocrx_word' id='word_1_190' title='bbox 779 2798 985 2860; x_wconf 90' lang='lat' dir='ltr'><strong>Potior</strong></span> <span class='ocrx_word' id='word_1_191' title='bbox 1030 2803 1256 2881; x_wconf 90' lang='lat' dir='ltr'><strong>potitus</strong></span> <span class='ocrx_word' id='word_1_192' title='bbox 1304 2820 1436 2863; x_wconf 88' lang='lat' dir='ltr'><strong>sum</strong></span> <span class='ocrx_word' id='word_1_193' title='bbox 1484 2811 1543 2864; x_wconf 93' lang='lat' dir='ltr'><strong>et</strong></span> <span class='ocrx_word' id='word_1_194' title='bbox 1589 2803 1870 2882; x_wconf 81' lang='lat' dir='ltr'><strong>perfruor</strong></span> <span class='ocrx_word' id='word_1_195' title='bbox 1914 2803 2260 2882; x_wconf 82' lang='lat' dir='ltr'><strong>perfructus</strong></span> <span class='ocrx_word' id='word_1_196' title='bbox 2308 2819 2439 2862; x_wconf 90' lang='lat' dir='ltr'><strong>sum</strong></span> <span class='ocrx_word' id='word_1_197' title='bbox 2486 2819 2558 2861; x_wconf 82' lang='lat' dir='ltr'><strong>ex</strong></span> <span class='ocrx_word' id='word_1_198' title='bbox 2607 2819 2725 2862; x_wconf 90' lang='lat' dir='ltr'><strong>uno</strong></span> <span class='ocrx_word' id='word_1_199' title='bbox 2773 2819 2987 2880; x_wconf 89' lang='lat' dir='ltr'><strong>graeco</strong></span> <span class='ocrx_word' id='word_1_200' title='bbox 3036 2803 3213 2883; x_wconf 83' lang='lat' dir='ltr'><strong>venit,</strong></span> 
     </span>
     <span class='ocr_line' id='line_1_25' title="bbox 601 2897 1359 2984; baseline 0.009 -21"><span class='ocrx_word' id='word_1_201' title='bbox 601 2905 761 2984; x_wconf 89' lang='lat' dir='ltr'><strong>quod</strong></span> <span class='ocrx_word' id='word_1_202' title='bbox 809 2912 902 2966; x_wconf 87' lang='lat' dir='ltr'><strong>est</strong></span> <span class='ocrx_word' id='word_1_203' title='bbox 946 2897 1282 2971; x_wconf 79' lang='grc' dir='ltr'><strong><em>ἀπολαύω.</em></strong></span> <span class='ocrx_word' id='word_1_204' title='bbox 1352 2920 1359 2933; x_wconf 88' lang='grc'><em>·</em></span> 
     </span>
    </p>

    <p class='ocr_par' dir='ltr' id='par_1_12' title="bbox 780 3012 1274 3077">
     <span class='ocr_line' id='line_1_26' title="bbox 780 3012 1274 3077; baseline 0.008 -4"><span class='ocrx_word' id='word_1_205' title='bbox 780 3012 1081 3075; x_wconf 88' lang='lat' dir='ltr'><strong>Praecello</strong></span> <span class='ocrx_word' id='word_1_206' title='bbox 1129 3015 1274 3077; x_wconf 77' lang='lat' dir='ltr'><strong>aliis,</strong></span> 
     </span>
    </p>

    <p class='ocr_par' dir='ltr' id='par_1_13' title="bbox 782 3118 3292 3203">
     <span class='ocr_line' id='line_1_27' title="bbox 782 3118 3292 3203; baseline 0.002 -23"><span class='ocrx_word' id='word_1_207' title='bbox 782 3118 1040 3182; x_wconf 88' lang='lat' dir='ltr'><strong>Pascuas</strong></span> <span class='ocrx_word' id='word_1_208' title='bbox 1086 3141 1305 3202; x_wconf 85' lang='lat' dir='ltr'><strong>genere</strong></span> <span class='ocrx_word' id='word_1_209' title='bbox 1354 3124 1638 3184; x_wconf 84' lang='lat' dir='ltr'><strong>feminino</strong></span> <span class='ocrx_word' id='word_1_210' title='bbox 1686 3132 1747 3185; x_wconf 88' lang='lat' dir='ltr'><strong>et</strong></span> <span class='ocrx_word' id='word_1_211' title='bbox 1791 3142 2010 3203; x_wconf 89' lang='lat' dir='ltr'><strong>pascua</strong></span> <span class='ocrx_word' id='word_1_212' title='bbox 2057 3131 2270 3184; x_wconf 85' lang='lat' dir='ltr'><strong>neutro</strong></span> <span class='ocrx_word' id='word_1_213' title='bbox 2317 3121 2626 3201; x_wconf 87' lang='lat' dir='ltr'><strong>pluraliter</strong></span> <span class='ocrx_word' id='word_1_214' title='bbox 2671 3122 2940 3184; x_wconf 75' lang='lat' dir='ltr'><strong>dicimus⁸</strong></span> <span class='ocrx_word' id='word_1_215' title='bbox 3241 3125 3292 3165; x_wconf 78' lang='lat'><strong>²⁵</strong></span> 
     </span>
    </p>

    <p class='ocr_par' dir='ltr' id='par_1_14' title="bbox 601 3226 3218 3631">
     <span class='ocr_line' id='line_1_28' title="bbox 779 3226 3213 3309; baseline 0.001 -22"><span class='ocrx_word' id='word_1_216' title='bbox 779 3226 1082 3289; x_wconf 85' lang='lat' dir='ltr'><strong>Primitiae</strong></span> <span class='ocrx_word' id='word_1_217' title='bbox 1130 3248 1381 3291; x_wconf 91' lang='lat' dir='ltr'><strong>numero</strong></span> <span class='ocrx_word' id='word_1_218' title='bbox 1439 3238 1667 3291; x_wconf 88' lang='lat' dir='ltr'><strong>tantum</strong></span> <span class='ocrx_word' id='word_1_219' title='bbox 1722 3229 1938 3309; x_wconf 90' lang='lat' dir='ltr'><strong>plurali</strong></span> <span class='ocrx_word' id='word_1_220' title='bbox 1993 3230 2292 3308; x_wconf 87' lang='lat' dir='ltr'><strong>dicuntur,</strong></span> <span class='ocrx_word' id='word_1_221' title='bbox 2348 3228 2451 3289; x_wconf 90' lang='lat' dir='ltr'><strong>sed</strong></span> <span class='ocrx_word' id='word_1_222' title='bbox 2500 3229 2852 3307; x_wconf 86' lang='lat' dir='ltr'><strong>aliquotiens</strong></span> <span class='ocrx_word' id='word_1_223' title='bbox 2899 3227 3213 3309; x_wconf 89' lang='lat' dir='ltr'><strong>singularis</strong></span> 
     </span>
     <span class='ocr_line' id='line_1_29' title="bbox 601 3328 3213 3419; baseline 0.001 -28"><span class='ocrx_word' id='word_1_224' title='bbox 601 3330 1065 3417; x_wconf 83' lang='lat' dir='ltr'><strong>intellegentiae,</strong></span> <span class='ocrx_word' id='word_1_225' title='bbox 1111 3344 1179 3397; x_wconf 93' lang='lat' dir='ltr'><strong>ut</strong></span> <span class='ocrx_word' id='word_1_226' title='bbox 1225 3338 1286 3396; x_wconf 91' lang='lat' dir='ltr'><strong>in</strong></span> <span class='ocrx_word' id='word_1_227' title='bbox 1332 3336 1555 3416; x_wconf 88' lang='lat' dir='ltr'><strong>psalmo</strong></span> <span class='ocrx_word' id='word_1_228' title='bbox 1606 3329 1750 3419; x_wconf 89' lang='lat'><em>(77,</em></span> <span class='ocrx_word' id='word_1_229' title='bbox 1789 3337 1886 3396; x_wconf 84' lang='lat'><strong>51.</strong></span> <span class='ocrx_word' id='word_1_230' title='bbox 1934 3336 2091 3409; x_wconf 65' lang='lat'><strong>104,</strong></span> <span class='ocrx_word' id='word_1_231' title='bbox 2128 3328 2251 3418; x_wconf 81' lang='lat'><strong>36)</strong></span> <span class='ocrx_word' id='word_1_232' title='bbox 2299 3330 2693 3414; x_wconf 76' lang='lat' dir='ltr'><strong>‘primitias</strong></span> <span class='ocrx_word' id='word_1_233' title='bbox 2739 3335 2965 3394; x_wconf 90' lang='lat' dir='ltr'><strong>omnis</strong></span> <span class='ocrx_word' id='word_1_234' title='bbox 3012 3333 3213 3394; x_wconf 87' lang='lat' dir='ltr'><strong>labo-</strong></span> 
     </span>
     <span class='ocr_line' id='line_1_30' title="bbox 605 3432 3218 3524; baseline 0.002 -28"><span class='ocrx_word' id='word_1_235' title='bbox 605 3432 770 3498; x_wconf 88' lang='lat' dir='ltr'><strong>ris&#39;:</strong></span> <span class='ocrx_word' id='word_1_236' title='bbox 815 3441 877 3499; x_wconf 90' lang='lat' dir='ltr'><strong>in</strong></span> <span class='ocrx_word' id='word_1_237' title='bbox 925 3458 1138 3520; x_wconf 75' lang='lat' dir='ltr'><strong>graeco</strong></span> <span class='ocrx_word' id='word_1_238' title='bbox 1187 3444 1345 3502; x_wconf 89' lang='lat' dir='ltr'><strong>enim</strong></span> <span class='ocrx_word' id='word_1_239' title='bbox 1394 3441 1773 3522; x_wconf 86' lang='lat' dir='ltr'><strong>singulariter</strong></span> <span class='ocrx_word' id='word_1_240' title='bbox 1820 3432 2127 3523; x_wconf 77' lang='grc' dir='ltr'><strong><em>ἀπαρχήν</em></strong></span> <span class='ocrx_word' id='word_1_241' title='bbox 2173 3440 2380 3501; x_wconf 87' lang='lat' dir='ltr'><strong>hahes:</strong></span> <span class='ocrx_word' id='word_1_242' title='bbox 2442 3443 2528 3501; x_wconf 89' lang='lat' dir='ltr'><strong>sic</strong></span> <span class='ocrx_word' id='word_1_243' title='bbox 2573 3449 2634 3501; x_wconf 91' lang='lat' dir='ltr'><strong>et</strong></span> <span class='ocrx_word' id='word_1_244' title='bbox 2679 3443 2741 3501; x_wconf 90' lang='lat' dir='ltr'><strong>in</strong></span> <span class='ocrx_word' id='word_1_245' title='bbox 2787 3439 3052 3520; x_wconf 90' lang='lat' dir='ltr'><strong>apostolo</strong></span> <span class='ocrx_word' id='word_1_246' title='bbox 3099 3433 3218 3524; x_wconf 83' lang='lat' dir='ltr'><strong>(ad</strong></span> 
     </span>
     <span class='ocr_line' id='line_1_31' title="bbox 610 3534 2145 3631; baseline 0.005 -29"><span class='ocrx_word' id='word_1_247' title='bbox 610 3534 879 3605; x_wconf 72' lang='lat' dir='ltr'><strong>Corinth.</strong></span> <span class='ocrx_word' id='word_1_248' title='bbox 927 3547 969 3605; x_wconf 94' lang='lat' dir='ltr'><em>I</em></span> <span class='ocrx_word' id='word_1_249' title='bbox 1007 3547 1106 3628; x_wconf 78' lang='grc'><strong>15,</strong></span> <span class='ocrx_word' id='word_1_250' title='bbox 1153 3540 1268 3631; x_wconf 82' lang='grc'><strong>23)</strong></span> <span class='ocrx_word' id='word_1_251' title='bbox 1317 3543 1714 3628; x_wconf 76' lang='lat' dir='ltr'><strong>‘primitiae</strong></span> <span class='ocrx_word' id='word_1_252' title='bbox 1764 3542 2145 3626; x_wconf 85' lang='lat' dir='ltr'><strong>Christus’.</strong></span> 
     </span>
    </p>

    <p class='ocr_par' dir='ltr' id='par_1_15' title="bbox 599 3649 3288 3951">
     <span class='ocr_line' id='line_1_32' title="bbox 780 3649 3288 3734; baseline 0 -21"><span class='ocrx_word' id='word_1_253' title='bbox 780 3649 950 3722; x_wconf 86' lang='lat' dir='ltr'><strong>Quod</strong></span> <span class='ocrx_word' id='word_1_254' title='bbox 999 3660 1058 3713; x_wconf 89' lang='lat' dir='ltr'><strong>et</strong></span> <span class='ocrx_word' id='word_1_255' title='bbox 1106 3656 1242 3732; x_wconf 90' lang='lat' dir='ltr'><strong>quia</strong></span> <span class='ocrx_word' id='word_1_256' title='bbox 1289 3663 1351 3715; x_wconf 93' lang='lat' dir='ltr'><strong>et</strong></span> <span class='ocrx_word' id='word_1_257' title='bbox 1398 3673 1506 3716; x_wconf 91' lang='lat' dir='ltr'><strong>cur</strong></span> <span class='ocrx_word' id='word_1_258' title='bbox 1544 3663 1604 3715; x_wconf 88' lang='lat' dir='ltr'><strong>et</strong></span> <span class='ocrx_word' id='word_1_259' title='bbox 1651 3674 1835 3734; x_wconf 88' lang='lat' dir='ltr'><strong>quare</strong></span> <span class='ocrx_word' id='word_1_260' title='bbox 1873 3653 2070 3715; x_wconf 85' lang='lat' dir='ltr'><strong>verbis</strong></span> <span class='ocrx_word' id='word_1_261' title='bbox 2108 3653 2419 3715; x_wconf 89' lang='lat' dir='ltr'><strong>subiuncta</strong></span> <span class='ocrx_word' id='word_1_262' title='bbox 2467 3653 2780 3732; x_wconf 87' lang='lat' dir='ltr'><strong>aliquando</strong></span> <span class='ocrx_word' id='word_1_263' title='bbox 2825 3652 3208 3714; x_wconf 87' lang='lat' dir='ltr'><strong>indicativum</strong></span> <span class='ocrx_word' id='word_1_264' title='bbox 3235 3656 3288 3697; x_wconf 73' lang='lat'><strong>³⁰</strong></span> 
     </span>
     <span class='ocr_line' id='line_1_33' title="bbox 599 3755 3212 3842; baseline 0.002 -26"><span class='ocrx_word' id='word_1_265' title='bbox 599 3756 846 3819; x_wconf 84' lang='lat' dir='ltr'><strong>verbum</strong></span> <span class='ocrx_word' id='word_1_266' title='bbox 894 3759 1168 3842; x_wconf 85' lang='lat' dir='ltr'><strong>trahunt,</strong></span> <span class='ocrx_word' id='word_1_267' title='bbox 1212 3761 1525 3841; x_wconf 87' lang='lat' dir='ltr'><strong>aliquando</strong></span> <span class='ocrx_word' id='word_1_268' title='bbox 1573 3764 2046 3824; x_wconf 77' lang='lat' dir='ltr'><strong>coniunctivum:</strong></span> <span class='ocrx_word' id='word_1_269' title='bbox 2098 3760 2421 3839; x_wconf 89' lang='lat' dir='ltr'><strong>Gregorius</strong></span> <span class='ocrx_word' id='word_1_270' title='bbox 2468 3755 2797 3821; x_wconf 76' lang='lat' dir='ltr'><strong>‘noverat</strong></span> <span class='ocrx_word' id='word_1_271' title='bbox 2843 3762 3010 3839; x_wconf 89' lang='lat' dir='ltr'><strong>quia</strong></span> <span class='ocrx_word' id='word_1_272' title='bbox 3056 3763 3212 3822; x_wconf 89' lang='lat' dir='ltr'><strong>sine</strong></span> 
     </span>
     <span class='ocr_line' id='line_1_34' title="bbox 600 3862 3215 3951; baseline 0.002 -28"><span class='ocrx_word' id='word_1_273' title='bbox 600 3863 808 3944; x_wconf 88' lang='lat' dir='ltr'><strong>culpa</strong></span> <span class='ocrx_word' id='word_1_274' title='bbox 855 3884 1015 3927; x_wconf 89' lang='lat' dir='ltr'><strong>esse</strong></span> <span class='ocrx_word' id='word_1_275' title='bbox 1063 3869 1174 3928; x_wconf 84' lang='lat' dir='ltr'><strong>vix</strong></span> <span class='ocrx_word' id='word_1_276' title='bbox 1232 3864 1588 3951; x_wconf 85' lang='lat' dir='ltr'><strong>possunt’‚</strong></span> <span class='ocrx_word' id='word_1_277' title='bbox 1647 3877 1708 3930; x_wconf 92' lang='lat' dir='ltr'><strong>et</strong></span> <span class='ocrx_word' id='word_1_278' title='bbox 1763 3886 2007 3929; x_wconf 89' lang='lat' dir='ltr'><strong>rursum</strong></span> <span class='ocrx_word' id='word_1_279' title='bbox 2056 3862 2387 3929; x_wconf 70' lang='lat' dir='ltr'><strong>‘noverat</strong></span> <span class='ocrx_word' id='word_1_280' title='bbox 2442 3868 2605 3946; x_wconf 88' lang='lat' dir='ltr'><strong>quia</strong></span> <span class='ocrx_word' id='word_1_281' title='bbox 2661 3866 2992 3929; x_wconf 89' lang='lat' dir='ltr'><strong>diluendi</strong></span> <span class='ocrx_word' id='word_1_282' title='bbox 3046 3877 3215 3929; x_wconf 88' lang='lat' dir='ltr'><strong>sunt</strong></span> 
     </span>
    </p>
   </div>
   <div class='ocr_carea' id='block_1_3' title="bbox 606 4038 3225 4906">
    <p class='ocr_par' dir='ltr' id='par_1_16' title="bbox 606 4038 3225 4906">
     <span class='ocr_line' id='line_1_35' title="bbox 748 4038 3219 4110; baseline 0.001 -19"><span class='ocrx_word' id='word_1_283' title='bbox 748 4043 774 4091; x_wconf 86' lang='lat'>1</span> <span class='ocrx_word' id='word_1_284' title='bbox 808 4054 953 4107; x_wconf 83' lang='lat' dir='ltr'><strong>quae</strong></span> <span class='ocrx_word' id='word_1_285' title='bbox 982 4042 1071 4095; x_wconf 74' lang='lat' dir='ltr'><strong>est</strong></span> <span class='ocrx_word' id='word_1_286' title='bbox 1093 4040 1431 4110; x_wconf 86' lang='lat' dir='ltr'><strong>supplicium</strong></span> <span class='ocrx_word' id='word_1_287' title='bbox 1463 4040 1588 4094; x_wconf 89' lang='lat' dir='ltr'><strong>ML</strong></span> <span class='ocrx_word' id='word_1_288' title='bbox 1688 4046 1720 4094; x_wconf 88' lang='lat'><strong>3</strong></span> <span class='ocrx_word' id='word_1_289' title='bbox 1749 4039 1975 4110; x_wconf 88' lang='lat' dir='ltr'><strong>pignus]</strong></span> <span class='ocrx_word' id='word_1_290' title='bbox 2005 4056 2225 4109; x_wconf 83' lang='lat' dir='ltr'><strong>pugnus</strong></span> <span class='ocrx_word' id='word_1_291' title='bbox 2248 4039 2322 4093; x_wconf 94' lang='lat' dir='ltr'><em>M</em></span> <span class='ocrx_word' id='word_1_292' title='bbox 2419 4045 2451 4093; x_wconf 87' lang='grc'>9</span> <span class='ocrx_word' id='word_1_293' title='bbox 2480 4038 2828 4110; x_wconf 69' lang='lat' dir='ltr'><strong>simpliciter]</strong></span> <span class='ocrx_word' id='word_1_294' title='bbox 2861 4038 3122 4094; x_wconf 79' lang='lat' dir='ltr'><strong>similiter</strong></span> <span class='ocrx_word' id='word_1_295' title='bbox 3142 4039 3219 4093; x_wconf 85' lang='lat' dir='ltr'><em>M</em></span> 
     </span>
     <span class='ocr_line' id='line_1_36' title="bbox 710 4117 3217 4189; baseline 0.001 -17"><span class='ocrx_word' id='word_1_296' title='bbox 710 4117 973 4189; x_wconf 81' lang='lat' dir='ltr'><strong>dispono]</strong></span> <span class='ocrx_word' id='word_1_297' title='bbox 1023 4118 1323 4189; x_wconf 87' lang='lat' dir='ltr'><strong>disponens</strong></span> <span class='ocrx_word' id='word_1_298' title='bbox 1365 4121 1438 4174; x_wconf 90' lang='lat' dir='ltr'><em>M</em></span> <span class='ocrx_word' id='word_1_299' title='bbox 1581 4126 1643 4172; x_wconf 91' lang='lat'><strong>11</strong></span> <span class='ocrx_word' id='word_1_300' title='bbox 1691 4118 1766 4172; x_wconf 84' lang='lat' dir='ltr'><strong>ad</strong></span> <span class='ocrx_word' id='word_1_301' title='bbox 1810 4117 2266 4188; x_wconf 73' lang='lat' dir='ltr'><strong>interrogandum</strong></span> <span class='ocrx_word' id='word_1_302' title='bbox 2314 4118 2790 4189; x_wconf 71' lang='lat' dir='ltr'><strong>(interrogandam</strong></span> <span class='ocrx_word' id='word_1_303' title='bbox 2827 4118 2926 4189; x_wconf 88' lang='lat' dir='ltr'><strong>M)</strong></span> <span class='ocrx_word' id='word_1_304' title='bbox 2970 4117 3217 4188; x_wconf 69' lang='lat' dir='ltr'><strong>pertinet</strong></span> 
     </span>
     <span class='ocr_line' id='line_1_37' title="bbox 606 4196 3214 4269; baseline 0 -18"><span class='ocrx_word' id='word_1_305' title='bbox 606 4198 992 4267; x_wconf 74' lang='lat' dir='ltr'><strong>quaestionem</strong></span> <span class='ocrx_word' id='word_1_306' title='bbox 1029 4199 1168 4252; x_wconf 87' lang='lat' dir='ltr'><strong>PM</strong></span> <span class='ocrx_word' id='word_1_307' title='bbox 1200 4198 1274 4254; x_wconf 83' lang='lat' dir='ltr'><strong>ad</strong></span> <span class='ocrx_word' id='word_1_308' title='bbox 1309 4196 1769 4269; x_wconf 75' lang='lat' dir='ltr'><strong>interrogandam</strong></span> <span class='ocrx_word' id='word_1_309' title='bbox 1805 4197 2192 4267; x_wconf 75' lang='lat' dir='ltr'><strong>quaestionem</strong></span> <span class='ocrx_word' id='word_1_310' title='bbox 2229 4198 2282 4252; x_wconf 92' lang='lat' dir='ltr'><em>L</em></span> <span class='ocrx_word' id='word_1_311' title='bbox 2456 4205 2522 4253; x_wconf 81' lang='lat'><strong>12</strong></span> <span class='ocrx_word' id='word_1_312' title='bbox 2559 4198 2658 4253; x_wconf 88' lang='lat' dir='ltr'><strong>uni</strong></span> <span class='ocrx_word' id='word_1_313' title='bbox 2696 4198 2924 4269; x_wconf 84' lang='lat' dir='ltr'><strong>cuique]</strong></span> <span class='ocrx_word' id='word_1_314' title='bbox 2963 4197 3063 4252; x_wconf 89' lang='lat' dir='ltr'><strong>uni</strong></span> <span class='ocrx_word' id='word_1_315' title='bbox 3099 4198 3214 4252; x_wconf 85' lang='lat' dir='ltr'><strong>cui-</strong></span> 
     </span>
     <span class='ocr_line' id='line_1_38' title="bbox 607 4277 3218 4348; baseline 0 -16"><span class='ocrx_word' id='word_1_316' title='bbox 607 4294 845 4348; x_wconf 85' lang='lat' dir='ltr'><strong>cumque</strong></span> <span class='ocrx_word' id='word_1_317' title='bbox 883 4279 980 4338; x_wconf 57' lang='lat' dir='ltr'><strong>§L</strong></span> <span class='ocrx_word' id='word_1_318' title='bbox 1016 4279 1106 4334; x_wconf 88' lang='lat' dir='ltr'><strong>.ui.</strong></span> <span class='ocrx_word' id='word_1_319' title='bbox 1146 4277 1346 4347; x_wconf 89' lang='lat' dir='ltr'><strong>cuique</strong></span> <span class='ocrx_word' id='word_1_320' title='bbox 1386 4278 1462 4333; x_wconf 91' lang='lat' dir='ltr'><em>M</em></span> <span class='ocrx_word' id='word_1_321' title='bbox 1500 4278 1559 4332; x_wconf 87' lang='lat' dir='ltr'><strong>ui</strong></span> <span class='ocrx_word' id='word_1_322' title='bbox 1596 4277 1990 4346; x_wconf 85' lang='lat' dir='ltr'><strong>cuiuscumque</strong></span> <span class='ocrx_word' id='word_1_323' title='bbox 2029 4277 2079 4330; x_wconf 89' lang='lat' dir='ltr'><strong><em>P</em></strong></span> <span class='ocrx_word' id='word_1_324' title='bbox 2224 4286 2287 4333; x_wconf 89' lang='lat'><strong>13</strong></span> <span class='ocrx_word' id='word_1_325' title='bbox 2336 4295 2617 4348; x_wconf 81' lang='lat' dir='ltr'><strong>praepono</strong></span> <span class='ocrx_word' id='word_1_326' title='bbox 2656 4278 2917 4348; x_wconf 72' lang='lat' dir='ltr'><strong>aliquem⁸</strong></span> <span class='ocrx_word' id='word_1_327' title='bbox 2943 4278 3019 4332; x_wconf 92' lang='lat' dir='ltr'><em>M</em></span> <span class='ocrx_word' id='word_1_328' title='bbox 3157 4281 3218 4333; x_wconf 76' lang='lat' dir='ltr'><strong>et</strong></span> 
     </span>
     <span class='ocr_line' id='line_1_39' title="bbox 606 4356 3122 4430; baseline -0 -18"><span class='ocrx_word' id='word_1_329' title='bbox 606 4374 708 4413; x_wconf 85' lang='lat' dir='ltr'><strong>om.</strong></span> <span class='ocrx_word' id='word_1_330' title='bbox 747 4358 803 4411; x_wconf 89' lang='lat' dir='ltr'><strong><em>P</em></strong></span> <span class='ocrx_word' id='word_1_331' title='bbox 938 4361 1215 4430; x_wconf 77' lang='lat' dir='ltr'><strong>postpono</strong></span> <span class='ocrx_word' id='word_1_332' title='bbox 1253 4358 1472 4428; x_wconf 85' lang='lat' dir='ltr'><strong>aliquid</strong></span> <span class='ocrx_word' id='word_1_333' title='bbox 1509 4358 1604 4417; x_wconf 60' lang='lat' dir='ltr'><strong>§L</strong></span> <span class='ocrx_word' id='word_1_334' title='bbox 1638 4361 1915 4428; x_wconf 78' lang='lat' dir='ltr'><strong>postpono</strong></span> <span class='ocrx_word' id='word_1_335' title='bbox 1953 4356 2101 4413; x_wconf 90' lang='lat' dir='ltr'><strong>enim</strong></span> <span class='ocrx_word' id='word_1_336' title='bbox 2140 4359 2295 4414; x_wconf 85' lang='lat' dir='ltr'><strong>aliud</strong></span> <span class='ocrx_word' id='word_1_337' title='bbox 2334 4360 2409 4413; x_wconf 93' lang='grc' dir='ltr'><em>Μ</em></span> <span class='ocrx_word' id='word_1_338' title='bbox 2442 4374 2589 4428; x_wconf 89' lang='lat' dir='ltr'><strong>pono</strong></span> <span class='ocrx_word' id='word_1_339' title='bbox 2627 4358 2773 4413; x_wconf 89' lang='lat' dir='ltr'><strong>enim</strong></span> <span class='ocrx_word' id='word_1_340' title='bbox 2813 4357 3027 4427; x_wconf 86' lang='lat' dir='ltr'><strong>aliquid</strong></span> <span class='ocrx_word' id='word_1_341' title='bbox 3064 4357 3122 4411; x_wconf 89' lang='lat' dir='ltr'><strong><em>P</em></strong></span> 
     </span>
     <span class='ocr_line' id='line_1_40' title="bbox 608 4435 3217 4508; baseline 0 -18"><span class='ocrx_word' id='word_1_342' title='bbox 608 4441 674 4490; x_wconf 84' lang='lat'><strong>15</strong></span> <span class='ocrx_word' id='word_1_343' title='bbox 720 4437 1018 4507; x_wconf 84' lang='lat' dir='ltr'><strong>separandi</strong></span> <span class='ocrx_word' id='word_1_344' title='bbox 1064 4441 1150 4494; x_wconf 75' lang='lat' dir='ltr'><strong>est</strong></span> <span class='ocrx_word' id='word_1_345' title='bbox 1195 4440 1251 4493; x_wconf 90' lang='lat' dir='ltr'><strong><em>P</em></strong></span> <span class='ocrx_word' id='word_1_346' title='bbox 1388 4439 1606 4508; x_wconf 90' lang='lat' dir='ltr'><strong>depono</strong></span> <span class='ocrx_word' id='word_1_347' title='bbox 1643 4468 1710 4476; x_wconf 93' lang='lat'>—</span> <span class='ocrx_word' id='word_1_348' title='bbox 1750 4436 2054 4492; x_wconf 87' lang='lat' dir='ltr'><strong>excedendi</strong></span> <span class='ocrx_word' id='word_1_349' title='bbox 2099 4453 2199 4491; x_wconf 88' lang='lat' dir='ltr'><strong>om.</strong></span> <span class='ocrx_word' id='word_1_350' title='bbox 2241 4438 2314 4492; x_wconf 89' lang='lat' dir='ltr'><em>M</em></span> <span class='ocrx_word' id='word_1_351' title='bbox 2456 4445 2521 4493; x_wconf 85' lang='lat'><strong>1‘1</strong></span> <span class='ocrx_word' id='word_1_352' title='bbox 2572 4438 2745 4493; x_wconf 75' lang='lat' dir='ltr'><strong>habet</strong></span> <span class='ocrx_word' id='word_1_353' title='bbox 2779 4452 2879 4491; x_wconf 86' lang='lat' dir='ltr'><strong>om.</strong></span> <span class='ocrx_word' id='word_1_354' title='bbox 2919 4435 3015 4494; x_wconf 62' lang='lat' dir='ltr'><strong>§L</strong></span> <span class='ocrx_word' id='word_1_355' title='bbox 3157 4438 3217 4492; x_wconf 74' lang='lat' dir='ltr'><strong>et</strong></span> 
     </span>
     <span class='ocr_line' id='line_1_41' title="bbox 606 4516 3218 4589; baseline 0 -18"><span class='ocrx_word' id='word_1_356' title='bbox 606 4531 705 4573; x_wconf 85' lang='lat' dir='ltr'><strong>om.</strong></span> <span class='ocrx_word' id='word_1_357' title='bbox 746 4517 803 4570; x_wconf 90' lang='lat' dir='ltr'><em>P</em></span> <span class='ocrx_word' id='word_1_358' title='bbox 924 4524 989 4573; x_wconf 89' lang='grc'><strong>19</strong></span> <span class='ocrx_word' id='word_1_359' title='bbox 1026 4517 1376 4575; x_wconf 75' lang='lat' dir='ltr'><strong>Praestolare</strong></span> <span class='ocrx_word' id='word_1_360' title='bbox 1415 4521 1502 4575; x_wconf 77' lang='lat' dir='ltr'><strong>est·</strong></span> <span class='ocrx_word' id='word_1_361' title='bbox 1535 4534 1648 4574; x_wconf 88' lang='lat' dir='ltr'><strong>non</strong></span> <span class='ocrx_word' id='word_1_362' title='bbox 1685 4517 1741 4570; x_wconf 91' lang='lat' dir='ltr'><em>P</em></span> <span class='ocrx_word' id='word_1_363' title='bbox 1842 4518 1996 4589; x_wconf 87' lang='lat' dir='ltr'><strong>quia]</strong></span> <span class='ocrx_word' id='word_1_364' title='bbox 2035 4534 2177 4587; x_wconf 83' lang='lat' dir='ltr'><strong>quae</strong></span> <span class='ocrx_word' id='word_1_365' title='bbox 2216 4518 2294 4571; x_wconf 88' lang='lat' dir='ltr'><em>M</em></span> <span class='ocrx_word' id='word_1_366' title='bbox 2394 4524 2460 4573; x_wconf 79' lang='lat'><strong>21</strong></span> <span class='ocrx_word' id='word_1_367' title='bbox 2501 4517 2703 4589; x_wconf 81' lang='lat' dir='ltr'><strong>psallul</strong></span> <span class='ocrx_word' id='word_1_368' title='bbox 2741 4532 2881 4571; x_wconf 80' lang='lat' dir='ltr'><strong>corr.</strong></span> <span class='ocrx_word' id='word_1_369' title='bbox 2920 4516 3111 4587; x_wconf 83' lang='lat' dir='ltr'><strong>psallii</strong></span> <span class='ocrx_word' id='word_1_370' title='bbox 3141 4518 3218 4571; x_wconf 90' lang='lat' dir='ltr'><em>M</em></span> 
     </span>
     <span class='ocr_line' id='line_1_42' title="bbox 689 4594 3216 4670; baseline 0 -20"><span class='ocrx_word' id='word_1_371' title='bbox 689 4602 757 4651; x_wconf 76' lang='lat'><strong>23</strong></span> <span class='ocrx_word' id='word_1_372' title='bbox 786 4594 1065 4658; x_wconf 69' lang='grc' dir='ltr'>ὸΠΟΙ-ΟΕ</span> <span class='ocrx_word' id='word_1_373' title='bbox 1091 4600 1144 4653; x_wconf 85' lang='lat' dir='ltr'><em>L</em></span> <span class='ocrx_word' id='word_1_374' title='bbox 1171 4600 1408 4670; x_wconf 85' lang='lat' dir='ltr'><strong>apoleuo</strong></span> <span class='ocrx_word' id='word_1_375' title='bbox 1438 4599 1494 4654; x_wconf 92' lang='lat' dir='ltr'><strong><em>P</em></strong></span> <span class='ocrx_word' id='word_1_376' title='bbox 1514 4596 1717 4668; x_wconf 80' lang='lat' dir='ltr'><strong>apoleu</strong></span> <span class='ocrx_word' id='word_1_377' title='bbox 1749 4596 1826 4650; x_wconf 90' lang='lat' dir='ltr'><em>M</em></span> <span class='ocrx_word' id='word_1_378' title='bbox 1908 4605 1976 4652; x_wconf 83' lang='lat'><strong>24</strong></span> <span class='ocrx_word' id='word_1_379' title='bbox 2005 4597 2284 4667; x_wconf 83' lang='lat' dir='ltr'><strong>praecello</strong></span> <span class='ocrx_word' id='word_1_380' title='bbox 2310 4596 2438 4652; x_wconf 83' lang='lat' dir='ltr'><strong>aliis</strong></span> <span class='ocrx_word' id='word_1_381' title='bbox 2467 4614 2567 4652; x_wconf 88' lang='lat' dir='ltr'><strong>om.</strong></span> <span class='ocrx_word' id='word_1_382' title='bbox 2588 4598 2640 4651; x_wconf 91' lang='lat' dir='ltr'><em>L</em></span> <span class='ocrx_word' id='word_1_383' title='bbox 2752 4602 2822 4650; x_wconf 81' lang='grc'><strong>26</strong></span> <span class='ocrx_word' id='word_1_384' title='bbox 2851 4595 3216 4668; x_wconf 76' lang='lat' dir='ltr'><strong>singulariter</strong></span> 
     </span>
     <span class='ocr_line' id='line_1_43' title="bbox 615 4674 3217 4748; baseline 0 -19"><span class='ocrx_word' id='word_1_385' title='bbox 615 4675 1029 4746; x_wconf 70' lang='lat' dir='ltr'><strong>intellegendae</strong></span> <span class='ocrx_word' id='word_1_386' title='bbox 1059 4680 1257 4734; x_wconf 71' lang='lat' dir='ltr'><strong>Albim·</strong></span> <span class='ocrx_word' id='word_1_387' title='bbox 1293 4680 1527 4748; x_wconf 76' lang='lat' dir='ltr'><strong>orthoyr.</strong></span> <span class='ocrx_word' id='word_1_388' title='bbox 1556 4694 1618 4747; x_wconf 74' lang='lat' dir='ltr'><strong>p.</strong></span> <span class='ocrx_word' id='word_1_389' title='bbox 1649 4681 1779 4744; x_wconf 86' lang='lat'><em>307,</em></span> <span class='ocrx_word' id='word_1_390' title='bbox 1797 4683 1865 4732; x_wconf 90' lang='lat'><strong>11</strong></span> <span class='ocrx_word' id='word_1_391' title='bbox 1896 4677 2095 4746; x_wconf 85' lang='lat' dir='ltr'><strong>singul.</strong></span> <span class='ocrx_word' id='word_1_392' title='bbox 2126 4674 2528 4746; x_wconf 65' lang='lat' dir='ltr'><strong>intelligendae</strong></span> <span class='ocrx_word' id='word_1_393' title='bbox 2556 4677 2702 4732; x_wconf 74' lang='lat' dir='ltr'><strong>sieut</strong></span> <span class='ocrx_word' id='word_1_394' title='bbox 2737 4675 2794 4730; x_wconf 89' lang='lat' dir='ltr'><strong>in</strong></span> <span class='ocrx_word' id='word_1_395' title='bbox 2832 4676 3092 4746; x_wconf 81' lang='lat' dir='ltr'><strong>apostolo</strong></span> <span class='ocrx_word' id='word_1_396' title='bbox 3120 4676 3217 4734; x_wconf 77' lang='lat' dir='ltr'><strong>s‘L</strong></span> 
     </span>
     <span class='ocr_line' id='line_1_44' title="bbox 708 4753 3225 4813; baseline -0 -4"><span class='ocrx_word' id='word_1_397' title='bbox 708 4762 775 4811; x_wconf 79' lang='lat'><strong>2⁷</strong></span> <span class='ocrx_word' id='word_1_398' title='bbox 816 4761 942 4811; x_wconf 72' lang='grc' dir='ltr'><em>οῑῖεῐ</em></span> <span class='ocrx_word' id='word_1_399' title='bbox 974 4755 1193 4812; x_wconf 85' lang='lat' dir='ltr'><strong>labores</strong></span> <span class='ocrx_word' id='word_1_400' title='bbox 1231 4758 1287 4811; x_wconf 89' lang='lat' dir='ltr'><strong><em>P</em></strong></span> <span class='ocrx_word' id='word_1_401' title='bbox 1422 4765 1490 4813; x_wconf 78' lang='lat'><strong>28</strong></span> <span class='ocrx_word' id='word_1_402' title='bbox 1528 4757 1704 4812; x_wconf 69' lang='lat' dir='ltr'><strong>habet</strong></span> <span class='ocrx_word' id='word_1_403' title='bbox 1743 4757 1819 4810; x_wconf 89' lang='lat' dir='ltr'><em>M</em></span> <span class='ocrx_word' id='word_1_404' title='bbox 1958 4760 2028 4808; x_wconf 87' lang='lat'><strong>30</strong></span> <span class='ocrx_word' id='word_1_405' title='bbox 2064 4753 2311 4808; x_wconf 62' lang='lat' dir='ltr'><strong>subiectae</strong></span> <span class='ocrx_word' id='word_1_406' title='bbox 2351 4755 2426 4808; x_wconf 92' lang='lat' dir='ltr'><em>M</em></span> <span class='ocrx_word' id='word_1_407' title='bbox 2548 4762 2611 4808; x_wconf 91' lang='lat'><strong>31</strong></span> <span class='ocrx_word' id='word_1_408' title='bbox 2654 4754 3133 4810; x_wconf 73' lang='lat' dir='ltr'><strong>coniunctatiuum</strong></span> <span class='ocrx_word' id='word_1_409' title='bbox 3166 4756 3225 4808; x_wconf 88' lang='lat' dir='ltr'><strong><em>P</em></strong></span> 
     </span>
     <span class='ocr_line' id='line_1_45' title="bbox 708 4833 3218 4906; baseline 0 -19"><span class='ocrx_word' id='word_1_410' title='bbox 708 4834 1032 4905; x_wconf 84' lang='lat' dir='ltr'><strong>Gregorius]</strong></span> <span class='ocrx_word' id='word_1_411' title='bbox 1071 4852 1296 4906; x_wconf 85' lang='lat' dir='ltr'><strong>grecum</strong></span> <span class='ocrx_word' id='word_1_412' title='bbox 1336 4835 1392 4889; x_wconf 93' lang='lat' dir='ltr'><strong><em>P</em></strong></span> <span class='ocrx_word' id='word_1_413' title='bbox 1509 4835 1657 4906; x_wconf 88' lang='lat' dir='ltr'><strong>quod</strong></span> <span class='ocrx_word' id='word_1_414' title='bbox 1696 4833 1814 4890; x_wconf 87' lang='lat' dir='ltr'><strong>sine</strong></span> <span class='ocrx_word' id='word_1_415' title='bbox 1853 4836 1927 4889; x_wconf 90' lang='lat' dir='ltr'><em>M</em></span> <span class='ocrx_word' id='word_1_416' title='bbox 2046 4841 2113 4901; x_wconf 68' lang='lat'><strong>32</strong></span> <span class='ocrx_word' id='word_1_417' title='bbox 2150 4836 2382 4905; x_wconf 80' lang='lat' dir='ltr'><strong>possunt</strong></span> <span class='ocrx_word' id='word_1_418' title='bbox 2418 4834 2474 4887; x_wconf 97' lang='lat' dir='ltr'><strong><em>P</em></strong></span> <span class='ocrx_word' id='word_1_419' title='bbox 2503 4834 2719 4903; x_wconf 79' lang='lat' dir='ltr'><strong>possint</strong></span> <span class='ocrx_word' id='word_1_420' title='bbox 2754 4837 2825 4889; x_wconf 90' lang='lat' dir='ltr'><em>M</em></span> <span class='ocrx_word' id='word_1_421' title='bbox 2854 4837 3084 4905; x_wconf 68' lang='lat' dir='ltr'><strong>pos-eni.</strong></span> <span class='ocrx_word' id='word_1_422' title='bbox 3120 4834 3218 4892; x_wconf 62' lang='lat' dir='ltr'><strong>§L</strong></span> 
     </span>
    </p>
   </div>
   <div class='ocr_carea' id='block_1_4' title="bbox 3582 4047 3587 5453">
    <p class='ocr_par' dir='ltr' id='par_1_17' title="bbox 3582 4047 3587 5453">
     <span class='ocr_line' id='line_1_46' title="bbox 3582 4047 3587 5453; baseline 0 0"><span class='ocrx_word' id='word_1_423' title='bbox 3582 4047 3587 5453; x_wconf 95' lang='lat' dir='ltr'><strong> </strong></span> 
     </span>
    </p>
   </div>
  </div>
 </body>
</html>
