<?xml version="1.0" encoding="UTF-8"?>
<!DOCTYPE html PUBLIC "-//W3C//DTD XHTML 1.0 Transitional//EN"
    "http://www.w3.org/TR/xhtml1/DTD/xhtml1-transitional.dtd">
<html xmlns="http://www.w3.org/1999/xhtml" xml:lang="en" lang="en">
 <head>
  <title>
</title>
<meta http-equiv="Content-Type" content="text/html;charset=utf-8" />
  <meta name='ocr-system' content='tesseract 3.04.00' />
  <meta name='ocr-capabilities' content='ocr_page ocr_carea ocr_par ocr_line ocrx_word'/>
</head>
<body>
  <div class='ocr_page' id='page_1' title='image "./grammaticilatin09keilgoog_0148.png"; bbox 0 0 3613 5528; ppageno 0'>
   <div class='ocr_carea' id='block_1_1' title="bbox 593 431 2108 496">
    <p class='ocr_par' dir='ltr' id='par_1_1' title="bbox 593 431 2108 496">
     <span class='ocr_line' id='line_1_1' title="bbox 593 431 2108 496; baseline -0.004 0"><span class='ocrx_word' id='word_1_1' title='bbox 593 431 716 496; x_wconf 81' lang='lat'><strong>138</strong></span> <span class='ocrx_word' id='word_1_2' title='bbox 1653 436 2108 493; x_wconf 82' lang='lat' dir='ltr'><strong>CASSIODORH</strong></span> 
     </span>
    </p>
   </div>
   <div class='ocr_carea' id='block_1_2' title="bbox 574 620 3193 4967">
    <p class='ocr_par' dir='ltr' id='par_1_2' title="bbox 579 620 3193 1451">
     <span class='ocr_line' id='line_1_2' title="bbox 588 620 3193 702; baseline -0.001 -19"><span class='ocrx_word' id='word_1_3' title='bbox 588 623 907 702; x_wconf 78' lang='lat' dir='ltr'>scriptione</span> <span class='ocrx_word' id='word_1_4' title='bbox 954 624 1178 702; x_wconf 79' lang='lat' dir='ltr'><strong>primae</strong></span> <span class='ocrx_word' id='word_1_5' title='bbox 1225 624 1410 701; x_wconf 89' lang='lat' dir='ltr'><strong>partis</strong></span> <span class='ocrx_word' id='word_1_6' title='bbox 1457 624 1517 681; x_wconf 88' lang='lat' dir='ltr'><strong>in</strong></span> <span class='ocrx_word' id='word_1_7' title='bbox 1565 621 1714 682; x_wconf 87' lang='lat' dir='ltr'><strong>libro</strong></span> <span class='ocrx_word' id='word_1_8' title='bbox 1764 621 2036 683; x_wconf 89' lang='lat' dir='ltr'><strong>Politiani</strong></span> <span class='ocrx_word' id='word_1_9' title='bbox 2083 620 2405 683; x_wconf 86' lang='lat' dir='ltr'><strong>Sardianus</strong></span> <span class='ocrx_word' id='word_1_10' title='bbox 2452 622 2686 683; x_wconf 87' lang='lat' dir='ltr'><strong>dicitur.</strong></span> <span class='ocrx_word' id='word_1_11' title='bbox 2775 623 2934 701; x_wconf 87' lang='lat' dir='ltr'><strong>ipsae</strong></span> <span class='ocrx_word' id='word_1_12' title='bbox 2995 630 3193 681; x_wconf 83' lang='lat' dir='ltr'><strong>autem</strong></span> 
     </span>
     <span class='ocr_line' id='line_1_3' title="bbox 585 727 3189 810; baseline -0.001 -21"><span class='ocrx_word' id='word_1_13' title='bbox 585 728 848 809; x_wconf 84' lang='lat' dir='ltr'><strong>regulae,</strong></span> <span class='ocrx_word' id='word_1_14' title='bbox 895 728 1110 808; x_wconf 89' lang='lat' dir='ltr'><strong>quibus</strong></span> <span class='ocrx_word' id='word_1_15' title='bbox 1157 731 1575 808; x_wconf 87' lang='lat' dir='ltr'><strong>grammaticus</strong></span> <span class='ocrx_word' id='word_1_16' title='bbox 1614 731 1852 810; x_wconf 89' lang='lat' dir='ltr'><strong>copiosa</strong></span> <span class='ocrx_word' id='word_1_17' title='bbox 1900 730 2294 810; x_wconf 85' lang='lat' dir='ltr'><strong>disputatione</strong></span> <span class='ocrx_word' id='word_1_18' title='bbox 2343 747 2452 808; x_wconf 84' lang='lat' dir='ltr'><strong>per</strong></span> <span class='ocrx_word' id='word_1_19' title='bbox 2491 730 2647 789; x_wconf 89' lang='lat' dir='ltr'><strong>varia</strong></span> <span class='ocrx_word' id='word_1_20' title='bbox 2684 746 2903 809; x_wconf 81' lang='lat' dir='ltr'><strong>genera</strong></span> <span class='ocrx_word' id='word_1_21' title='bbox 2944 727 3189 787; x_wconf 88' lang='lat' dir='ltr'><strong>vocabu-</strong></span> 
     </span>
     <span class='ocr_line' id='line_1_4' title="bbox 583 834 3192 917; baseline -0 -22"><span class='ocrx_word' id='word_1_22' title='bbox 583 834 775 896; x_wconf 90' lang='lat' dir='ltr'><strong>lorum</strong></span> <span class='ocrx_word' id='word_1_23' title='bbox 814 843 875 896; x_wconf 92' lang='lat' dir='ltr'><strong>et</strong></span> <span class='ocrx_word' id='word_1_24' title='bbox 921 834 1272 915; x_wconf 74' lang='lat' dir='ltr'>syllabarum</span> <span class='ocrx_word' id='word_1_25' title='bbox 1320 837 1591 898; x_wconf 88' lang='lat' dir='ltr'><strong>instituta</strong></span> <span class='ocrx_word' id='word_1_26' title='bbox 1638 838 1969 917; x_wconf 86' lang='lat' dir='ltr'><strong>praecepit,</strong></span> <span class='ocrx_word' id='word_1_27' title='bbox 2016 836 2116 897; x_wconf 88' lang='lat' dir='ltr'><strong>ubi</strong></span> <span class='ocrx_word' id='word_1_28' title='bbox 2157 835 2193 896; x_wconf 92' lang='lat' dir='ltr'><strong>b</strong></span> <span class='ocrx_word' id='word_1_29' title='bbox 2235 834 2324 895; x_wconf 84' lang='lat' dir='ltr'><strong>vel</strong></span> <span class='ocrx_word' id='word_1_30' title='bbox 2364 854 2395 893; x_wconf 87' lang='lat' dir='ltr'>v</span> <span class='ocrx_word' id='word_1_31' title='bbox 2435 834 2627 897; x_wconf 89' lang='lat' dir='ltr'><strong>littera</strong></span> <span class='ocrx_word' id='word_1_32' title='bbox 2666 834 2977 895; x_wconf 87' lang='lat' dir='ltr'><strong>scribenda</strong></span> <span class='ocrx_word' id='word_1_33' title='bbox 3016 843 3192 914; x_wconf 85' lang='lat' dir='ltr'><strong>esset,</strong></span> 
     </span>
     <span class='ocr_line' id='line_1_5' title="bbox 580 941 3191 1023; baseline -0.002 -18"><span class='ocrx_word' id='word_1_34' title='bbox 580 962 721 1005; x_wconf 91' lang='lat' dir='ltr'><strong>sane</strong></span> <span class='ocrx_word' id='word_1_35' title='bbox 761 943 1201 1023; x_wconf 87' lang='lat' dir='ltr'><strong>demonstrant,</strong></span> <span class='ocrx_word' id='word_1_36' title='bbox 1239 960 1415 1021; x_wconf 85' lang='lat' dir='ltr'><strong>quam</strong></span> <span class='ocrx_word' id='word_1_37' title='bbox 1454 943 1700 1003; x_wconf 83' lang='lat' dir='ltr'><strong>confusa</strong></span> <span class='ocrx_word' id='word_1_38' title='bbox 1738 944 1798 1002; x_wconf 91' lang='lat' dir='ltr'><strong>in</strong></span> <span class='ocrx_word' id='word_1_39' title='bbox 1839 941 1932 1002; x_wconf 86' lang='lat' dir='ltr'><strong>his</strong></span> <span class='ocrx_word' id='word_1_40' title='bbox 1969 944 2343 1021; x_wconf 88' lang='lat' dir='ltr'><strong>potissimum</strong></span> <span class='ocrx_word' id='word_1_41' title='bbox 2385 941 2602 1002; x_wconf 88' lang='lat' dir='ltr'><strong>litteris</strong></span> <span class='ocrx_word' id='word_1_42' title='bbox 2649 942 2947 1002; x_wconf 83' lang='lat' dir='ltr'><strong>inferioris</strong></span> <span class='ocrx_word' id='word_1_43' title='bbox 2985 944 3191 1002; x_wconf 87' lang='lat' dir='ltr'><strong>aetatis</strong></span> 
     </span>
     <span class='ocr_line' id='line_1_6' title="bbox 581 1047 3190 1127; baseline -0.002 -15"><span class='ocrx_word' id='word_1_44' title='bbox 581 1050 949 1112; x_wconf 75' lang='lat' dir='ltr'>consuetudo</span> <span class='ocrx_word' id='word_1_45' title='bbox 995 1049 1179 1109; x_wconf 85' lang='lat' dir='ltr'><strong>suerit</strong></span> <span class='ocrx_word' id='word_1_46' title='bbox 1226 1056 1285 1108; x_wconf 84' lang='lat' dir='ltr'><strong>et</strong></span> <span class='ocrx_word' id='word_1_47' title='bbox 1332 1047 1548 1127; x_wconf 85' lang='lat' dir='ltr'><strong>quibus</strong></span> <span class='ocrx_word' id='word_1_48' title='bbox 1587 1047 1915 1110; x_wconf 91' lang='lat' dir='ltr'><strong>rationibus</strong></span> <span class='ocrx_word' id='word_1_49' title='bbox 1954 1049 2023 1110; x_wconf 89' lang='lat' dir='ltr'><strong>ad</strong></span> <span class='ocrx_word' id='word_1_50' title='bbox 2074 1067 2200 1108; x_wconf 88' lang='lat' dir='ltr'><strong>eam</strong></span> <span class='ocrx_word' id='word_1_51' title='bbox 2239 1047 2732 1109; x_wconf 88' lang='lat' dir='ltr'><strong>consuetudinem</strong></span> <span class='ocrx_word' id='word_1_52' title='bbox 2779 1047 3190 1126; x_wconf 77' lang='lat' dir='ltr'>corrigendam</span> 
     </span>
     <span class='ocr_line' id='line_1_7' title="bbox 580 1136 3189 1239; baseline -0.002 -21"><span class='ocrx_word' id='word_1_53' title='bbox 580 1159 946 1239; x_wconf 77' lang='lat' dir='ltr'>grammatici</span> <span class='ocrx_word' id='word_1_54' title='bbox 1005 1159 1097 1217; x_wconf 90' lang='lat' dir='ltr'><strong>usi</strong></span> <span class='ocrx_word' id='word_1_55' title='bbox 1154 1157 1299 1237; x_wconf 86' lang='lat' dir='ltr'><strong>sint,</strong></span> <span class='ocrx_word' id='word_1_56' title='bbox 1356 1164 1415 1216; x_wconf 88' lang='lat' dir='ltr'><strong>et</strong></span> <span class='ocrx_word' id='word_1_57' title='bbox 1468 1164 1715 1236; x_wconf 90' lang='lat' dir='ltr'><strong>propter</strong></span> <span class='ocrx_word' id='word_1_58' title='bbox 1762 1155 2027 1235; x_wconf 85' lang='lat' dir='ltr'><strong>exempla</strong></span> <span class='ocrx_word' id='word_1_59' title='bbox 2082 1136 2369 1234; x_wconf 63' lang='lat' dir='ltr'><strong>quaedam</strong></span> <span class='ocrx_word' id='word_1_60' title='bbox 2425 1157 2486 1215; x_wconf 93' lang='lat' dir='ltr'><strong>in</strong></span> <span class='ocrx_word' id='word_1_61' title='bbox 2536 1174 2603 1215; x_wconf 82' lang='lat' dir='ltr'><strong>ea</strong></span> <span class='ocrx_word' id='word_1_62' title='bbox 2650 1174 2714 1215; x_wconf 89' lang='lat' dir='ltr'><strong>re</strong></span> <span class='ocrx_word' id='word_1_63' title='bbox 2763 1156 3056 1234; x_wconf 89' lang='lat' dir='ltr'><strong>adscripta</strong></span> <span class='ocrx_word' id='word_1_64' title='bbox 3115 1174 3189 1213; x_wconf 89' lang='lat' dir='ltr'><strong>ne</strong></span> 
     </span>
     <span class='ocr_line' id='line_1_8' title="bbox 579 1261 3188 1343; baseline -0.002 -17"><span class='ocrx_word' id='word_1_65' title='bbox 579 1283 739 1326; x_wconf 87' lang='lat' dir='ltr'><strong>nunc</strong></span> <span class='ocrx_word' id='word_1_66' title='bbox 793 1263 1030 1343; x_wconf 86' lang='lat' dir='ltr'><strong>quidem</strong></span> <span class='ocrx_word' id='word_1_67' title='bbox 1088 1281 1334 1343; x_wconf 90' lang='lat' dir='ltr'><strong>prorsus</strong></span> <span class='ocrx_word' id='word_1_68' title='bbox 1390 1262 1629 1323; x_wconf 89' lang='lat' dir='ltr'><strong>inutiles</strong></span> <span class='ocrx_word' id='word_1_69' title='bbox 1685 1272 1841 1323; x_wconf 90' lang='lat' dir='ltr'><strong>sunt.</strong></span> <span class='ocrx_word' id='word_1_70' title='bbox 1921 1270 2186 1324; x_wconf 88' lang='lat' dir='ltr'><strong>ceterum</strong></span> <span class='ocrx_word' id='word_1_71' title='bbox 2244 1280 2429 1342; x_wconf 86' lang='lat' dir='ltr'><strong>pauca</strong></span> <span class='ocrx_word' id='word_1_72' title='bbox 2476 1263 2829 1341; x_wconf 81' lang='lat' dir='ltr'><strong>antiquioris</strong></span> <span class='ocrx_word' id='word_1_73' title='bbox 2886 1261 3188 1323; x_wconf 87' lang='lat' dir='ltr'><strong>doctrinae</strong></span> 
     </span>
     <span class='ocr_line' id='line_1_9' title="bbox 580 1370 2078 1451; baseline 0 -23"><span class='ocrx_word' id='word_1_74' title='bbox 580 1374 823 1451; x_wconf 86' lang='lat' dir='ltr'><strong>vestigia</strong></span> <span class='ocrx_word' id='word_1_75' title='bbox 870 1374 929 1432; x_wconf 91' lang='lat' dir='ltr'><strong>in</strong></span> <span class='ocrx_word' id='word_1_76' title='bbox 978 1370 1090 1431; x_wconf 90' lang='lat' dir='ltr'><strong>hoc</strong></span> <span class='ocrx_word' id='word_1_77' title='bbox 1138 1370 1561 1430; x_wconf 89' lang='lat' dir='ltr'><strong>commentario</strong></span> <span class='ocrx_word' id='word_1_78' title='bbox 1607 1377 1912 1450; x_wconf 77' lang='lat' dir='ltr'><strong>apparent.</strong></span> <span class='ocrx_word' id='word_1_79' title='bbox 2072 1438 2078 1447; x_wconf 26' lang='lat'>⁶</span> 
     </span>
    </p>

    <p class='ocr_par' dir='ltr' id='par_1_3' title="bbox 577 1474 3190 2925">
     <span class='ocr_line' id='line_1_10' title="bbox 757 1474 3190 1556; baseline -0.001 -19"><span class='ocrx_word' id='word_1_80' title='bbox 757 1476 1020 1556; x_wconf 78' lang='lat' dir='ltr'><strong>Martyrii</strong></span> <span class='ocrx_word' id='word_1_81' title='bbox 1059 1478 1497 1537; x_wconf 86' lang='lat' dir='ltr'><strong>commentariis</strong></span> <span class='ocrx_word' id='word_1_82' title='bbox 1535 1475 1758 1536; x_wconf 88' lang='lat' dir='ltr'><strong>similes</strong></span> <span class='ocrx_word' id='word_1_83' title='bbox 1806 1484 1946 1536; x_wconf 93' lang='lat' dir='ltr'><strong>sunt</strong></span> <span class='ocrx_word' id='word_1_84' title='bbox 1983 1474 2333 1555; x_wconf 77' lang='lat' dir='ltr'><strong>Eutychis</strong></span> <span class='ocrx_word' id='word_1_85' title='bbox 2382 1475 2616 1555; x_wconf 86' lang='lat' dir='ltr'><strong>regulae</strong></span> <span class='ocrx_word' id='word_1_86' title='bbox 2664 1476 2736 1536; x_wconf 91' lang='lat' dir='ltr'><strong>de</strong></span> <span class='ocrx_word' id='word_1_87' title='bbox 2776 1476 3190 1556; x_wconf 75' lang='lat' dir='ltr'><strong>adspiratione,</strong></span> 
     </span>
     <span class='ocr_line' id='line_1_11' title="bbox 583 1581 3186 1665; baseline -0.002 -20"><span class='ocrx_word' id='word_1_88' title='bbox 583 1603 730 1665; x_wconf 89' lang='lat' dir='ltr'><strong>quas</strong></span> <span class='ocrx_word' id='word_1_89' title='bbox 774 1593 911 1665; x_wconf 90' lang='lat' dir='ltr'><strong>post</strong></span> <span class='ocrx_word' id='word_1_90' title='bbox 957 1584 1087 1644; x_wconf 90' lang='lat' dir='ltr'><strong>illos</strong></span> <span class='ocrx_word' id='word_1_91' title='bbox 1134 1583 1543 1644; x_wconf 86' lang='lat' dir='ltr'><strong>Cassiodorius</strong></span> <span class='ocrx_word' id='word_1_92' title='bbox 1590 1585 1804 1662; x_wconf 89' lang='lat' dir='ltr'><strong>posuit.</strong></span> <span class='ocrx_word' id='word_1_93' title='bbox 1892 1582 1993 1642; x_wconf 87' lang='lat' dir='ltr'><strong>sed</strong></span> <span class='ocrx_word' id='word_1_94' title='bbox 2043 1584 2094 1642; x_wconf 94' lang='lat' dir='ltr'><strong>is</strong></span> <span class='ocrx_word' id='word_1_95' title='bbox 2132 1582 2204 1643; x_wconf 90' lang='lat' dir='ltr'><strong>de</strong></span> <span class='ocrx_word' id='word_1_96' title='bbox 2252 1582 2648 1662; x_wconf 84' lang='lat' dir='ltr'><strong>adspiratione</strong></span> <span class='ocrx_word' id='word_1_97' title='bbox 2698 1582 2941 1643; x_wconf 90' lang='lat' dir='ltr'><strong>uberius</strong></span> <span class='ocrx_word' id='word_1_98' title='bbox 2988 1581 3186 1661; x_wconf 89' lang='lat' dir='ltr'><strong>dispu-</strong></span> 
     </span>
     <span class='ocr_line' id='line_1_12' title="bbox 580 1688 3190 1773; baseline -0.001 -23"><span class='ocrx_word' id='word_1_99' title='bbox 580 1699 829 1773; x_wconf 89' lang='lat' dir='ltr'><strong>taverat,</strong></span> <span class='ocrx_word' id='word_1_100' title='bbox 896 1692 1069 1751; x_wconf 90' lang='lat' dir='ltr'><strong>cuius</strong></span> <span class='ocrx_word' id='word_1_101' title='bbox 1136 1689 1550 1768; x_wconf 84' lang='lat' dir='ltr'><strong>disputationis</strong></span> <span class='ocrx_word' id='word_1_102' title='bbox 1607 1707 1897 1750; x_wconf 90' lang='lat' dir='ltr'><strong>summam</strong></span> <span class='ocrx_word' id='word_1_103' title='bbox 1954 1691 2014 1750; x_wconf 90' lang='lat' dir='ltr'><strong>in</strong></span> <span class='ocrx_word' id='word_1_104' title='bbox 2072 1691 2186 1749; x_wconf 85' lang='lat' dir='ltr'><strong>tine</strong></span> <span class='ocrx_word' id='word_1_105' title='bbox 2254 1688 2390 1750; x_wconf 91' lang='lat' dir='ltr'><strong>libri</strong></span> <span class='ocrx_word' id='word_1_106' title='bbox 2454 1690 2688 1749; x_wconf 89' lang='lat' dir='ltr'><strong>omissis</strong></span> <span class='ocrx_word' id='word_1_107' title='bbox 2745 1688 3075 1749; x_wconf 87' lang='lat' dir='ltr'><strong>rationibus</strong></span> <span class='ocrx_word' id='word_1_108' title='bbox 3131 1696 3190 1748; x_wconf 90' lang='lat' dir='ltr'><strong>et</strong></span> 
     </span>
     <span class='ocr_line' id='line_1_13' title="bbox 582 1791 3189 1877; baseline -0.001 -19"><span class='ocrx_word' id='word_1_109' title='bbox 582 1798 934 1858; x_wconf 80' lang='lat' dir='ltr'><strong>testimoniis</strong></span> <span class='ocrx_word' id='word_1_110' title='bbox 993 1805 1261 1857; x_wconf 89' lang='lat' dir='ltr'><strong>veterum</strong></span> <span class='ocrx_word' id='word_1_111' title='bbox 1329 1798 1496 1875; x_wconf 90' lang='lat' dir='ltr'><strong>quasi</strong></span> <span class='ocrx_word' id='word_1_112' title='bbox 1557 1815 1667 1875; x_wconf 91' lang='lat' dir='ltr'><strong>per</strong></span> <span class='ocrx_word' id='word_1_113' title='bbox 1727 1798 2054 1877; x_wconf 86' lang='lat' dir='ltr'><strong>epitomen,</strong></span> <span class='ocrx_word' id='word_1_114' title='bbox 2115 1798 2271 1857; x_wconf 90' lang='lat' dir='ltr'><strong>sicut</strong></span> <span class='ocrx_word' id='word_1_115' title='bbox 2328 1799 2455 1876; x_wconf 88' lang='lat' dir='ltr'><strong>ipse</strong></span> <span class='ocrx_word' id='word_1_116' title='bbox 2517 1796 2830 1876; x_wconf 79' lang='lat' dir='ltr'><strong>profitetur</strong></span> <span class='ocrx_word' id='word_1_117' title='bbox 2892 1814 2946 1875; x_wconf 93' lang='lat' dir='ltr'><strong>p.</strong></span> <span class='ocrx_word' id='word_1_118' title='bbox 2995 1791 3189 1875; x_wconf 97' lang='grc'><strong>2311,</strong></span> 
     </span>
     <span class='ocr_line' id='line_1_14' title="bbox 580 1902 3186 1983; baseline -0.002 -18"><span class='ocrx_word' id='word_1_119' title='bbox 580 1903 1126 1983; x_wconf 85' lang='lat' dir='ltr'><strong>comprehenderat.</strong></span> <span class='ocrx_word' id='word_1_120' title='bbox 1210 1902 1419 1964; x_wconf 85' lang='lat' dir='ltr'><strong>eodem</strong></span> <span class='ocrx_word' id='word_1_121' title='bbox 1473 1905 1777 1982; x_wconf 88' lang='lat' dir='ltr'><strong>pertinent</strong></span> <span class='ocrx_word' id='word_1_122' title='bbox 1839 1922 1987 1982; x_wconf 87' lang='lat' dir='ltr'><strong>quae</strong></span> <span class='ocrx_word' id='word_1_123' title='bbox 2043 1902 2114 1963; x_wconf 89' lang='lat' dir='ltr'><strong>ad</strong></span> <span class='ocrx_word' id='word_1_124' title='bbox 2183 1902 2523 1964; x_wconf 88' lang='lat' dir='ltr'><strong>uberiorem</strong></span> <span class='ocrx_word' id='word_1_125' title='bbox 2580 1902 3039 1981; x_wconf 88' lang='lat' dir='ltr'><strong>disputationem</strong></span> <span class='ocrx_word' id='word_1_126' title='bbox 3097 1920 3186 1961; x_wconf 92' lang='lat' dir='ltr'><strong>re-</strong></span> 
     </span>
     <span class='ocr_line' id='line_1_15' title="bbox 580 2006 3186 2092; baseline -0.001 -21"><span class='ocrx_word' id='word_1_127' title='bbox 580 2013 838 2091; x_wconf 90' lang='lat' dir='ltr'><strong>spiciens</strong></span> <span class='ocrx_word' id='word_1_128' title='bbox 895 2010 1130 2092; x_wconf 84' lang='lat' dir='ltr'><strong>scribit,</strong></span> <span class='ocrx_word' id='word_1_129' title='bbox 1187 2029 1244 2090; x_wconf 90' lang='lat' dir='ltr'><strong>p.</strong></span> <span class='ocrx_word' id='word_1_130' title='bbox 1283 2006 1449 2071; x_wconf 86' lang='grc'><strong>2311</strong></span> <span class='ocrx_word' id='word_1_131' title='bbox 1512 2008 1586 2069; x_wconf 88' lang='lat' dir='ltr'><strong>de</strong></span> <span class='ocrx_word' id='word_1_132' title='bbox 1640 2009 2036 2089; x_wconf 87' lang='lat' dir='ltr'><strong>adspiratione</strong></span> <span class='ocrx_word' id='word_1_133' title='bbox 2095 2012 2154 2070; x_wconf 92' lang='lat' dir='ltr'><strong>in</strong></span> <span class='ocrx_word' id='word_1_134' title='bbox 2211 2011 2553 2089; x_wconf 89' lang='lat' dir='ltr'><strong>compositis</strong></span> <span class='ocrx_word' id='word_1_135' title='bbox 2610 2008 2908 2069; x_wconf 81' lang='lat' dir='ltr'><strong>vocabulis</strong></span> <span class='ocrx_word' id='word_1_136' title='bbox 2973 2010 3186 2068; x_wconf 90' lang='lat' dir='ltr'><strong>omissa</strong></span> 
     </span>
     <span class='ocr_line' id='line_1_16' title="bbox 577 2113 3189 2195; baseline -0.003 -15"><span class='ocrx_word' id='word_1_137' title='bbox 577 2122 738 2180; x_wconf 83' lang='lat' dir='ltr'><strong>sieut</strong></span> <span class='ocrx_word' id='word_1_138' title='bbox 779 2121 1061 2195; x_wconf 83' lang='lat' dir='ltr'><strong>superius</strong></span> <span class='ocrx_word' id='word_1_139' title='bbox 1109 2120 1337 2178; x_wconf 82' lang='lat' dir='ltr'><strong>dietum</strong></span> <span class='ocrx_word' id='word_1_140' title='bbox 1382 2124 1469 2178; x_wconf 86' lang='lat' dir='ltr'><strong>est</strong></span> <span class='ocrx_word' id='word_1_141' title='bbox 1515 2126 1575 2177; x_wconf 89' lang='lat' dir='ltr'><strong>et</strong></span> <span class='ocrx_word' id='word_1_142' title='bbox 1621 2115 1834 2178; x_wconf 89' lang='lat' dir='ltr'><strong>deinde</strong></span> <span class='ocrx_word' id='word_1_143' title='bbox 1881 2117 1954 2178; x_wconf 88' lang='lat' dir='ltr'><strong>de</strong></span> <span class='ocrx_word' id='word_1_144' title='bbox 2003 2136 2051 2177; x_wconf 83' lang='lat' dir='ltr'><strong>v.</strong></span> <span class='ocrx_word' id='word_1_145' title='bbox 2084 2120 2398 2193; x_wconf 80' lang='lat' dir='ltr'><strong>prehendo</strong></span> <span class='ocrx_word' id='word_1_146' title='bbox 2446 2120 2756 2178; x_wconf 76' lang='lat' dir='ltr'><strong>vehemens</strong></span> <span class='ocrx_word' id='word_1_147' title='bbox 2794 2123 2855 2175; x_wconf 90' lang='lat' dir='ltr'><strong>et</strong></span> <span class='ocrx_word' id='word_1_148' title='bbox 2897 2113 3189 2174; x_wconf 84' lang='lat' dir='ltr'><strong>similibus</strong></span> 
     </span>
     <span class='ocr_line' id='line_1_17' title="bbox 577 2221 3188 2303; baseline -0.003 -18"><span class='ocrx_word' id='word_1_149' title='bbox 577 2228 737 2286; x_wconf 84' lang='lat' dir='ltr'><strong>sicut</strong></span> <span class='ocrx_word' id='word_1_150' title='bbox 783 2232 925 2286; x_wconf 81' lang='lat' dir='ltr'><strong>ante</strong></span> <span class='ocrx_word' id='word_1_151' title='bbox 970 2228 1231 2285; x_wconf 78' lang='lat' dir='ltr'><strong>relatum</strong></span> <span class='ocrx_word' id='word_1_152' title='bbox 1278 2231 1367 2285; x_wconf 83' lang='lat' dir='ltr'><strong>est</strong></span> <span class='ocrx_word' id='word_1_153' title='bbox 1412 2231 1472 2284; x_wconf 87' lang='lat' dir='ltr'><strong>et</strong></span> <span class='ocrx_word' id='word_1_154' title='bbox 1507 2242 1563 2303; x_wconf 88' lang='lat' dir='ltr'><strong>p.</strong></span> <span class='ocrx_word' id='word_1_155' title='bbox 1593 2221 1771 2285; x_wconf 86' lang='grc'><strong>2312</strong></span> <span class='ocrx_word' id='word_1_156' title='bbox 1818 2227 1893 2285; x_wconf 85' lang='lat' dir='ltr'><strong>de</strong></span> <span class='ocrx_word' id='word_1_157' title='bbox 1939 2227 2089 2299; x_wconf 70' lang='lat' dir='ltr'><strong>aqizi</strong></span> <span class='ocrx_word' id='word_1_158' title='bbox 2134 2228 2290 2285; x_wconf 82' lang='lat' dir='ltr'><strong>enim</strong></span> <span class='ocrx_word' id='word_1_159' title='bbox 2337 2227 2551 2300; x_wconf 76' lang='grc' dir='ltr'><strong>Ιιαρεο,</strong></span> <span class='ocrx_word' id='word_1_160' title='bbox 2600 2226 2668 2283; x_wconf 81' lang='lat' dir='ltr'><strong>id</strong></span> <span class='ocrx_word' id='word_1_161' title='bbox 2710 2230 2797 2282; x_wconf 79' lang='lat' dir='ltr'><strong>est</strong></span> <span class='ocrx_word' id='word_1_162' title='bbox 2844 2224 3086 2291; x_wconf 79' lang='lat' dir='ltr'><strong>vellere,</strong></span> <span class='ocrx_word' id='word_1_163' title='bbox 3126 2223 3188 2280; x_wconf 83' lang='lat' dir='ltr'><strong>in</strong></span> 
     </span>
     <span class='ocr_line' id='line_1_18' title="bbox 577 2327 3189 2410; baseline -0.002 -20"><span class='ocrx_word' id='word_1_164' title='bbox 577 2333 994 2407; x_wconf 79' lang='lat' dir='ltr'><strong>superioribus</strong></span> <span class='ocrx_word' id='word_1_165' title='bbox 1054 2334 1280 2391; x_wconf 80' lang='lat' dir='ltr'><strong>dictum</strong></span> <span class='ocrx_word' id='word_1_166' title='bbox 1340 2337 1456 2390; x_wconf 86' lang='lat' dir='ltr'><strong>est:</strong></span> <span class='ocrx_word' id='word_1_167' title='bbox 1515 2348 1870 2410; x_wconf 85' lang='lat' dir='ltr'><strong>quamquam</strong></span> <span class='ocrx_word' id='word_1_168' title='bbox 1933 2331 2074 2392; x_wconf 91' lang='lat' dir='ltr'><strong>illud</strong></span> <span class='ocrx_word' id='word_1_169' title='bbox 2139 2331 2210 2391; x_wconf 87' lang='lat' dir='ltr'><strong>de</strong></span> <span class='ocrx_word' id='word_1_170' title='bbox 2274 2352 2322 2391; x_wconf 85' lang='lat' dir='ltr'><strong>v.</strong></span> <span class='ocrx_word' id='word_1_171' title='bbox 2377 2332 2694 2407; x_wconf 75' lang='lat' dir='ltr'><strong>prehendo</strong></span> <span class='ocrx_word' id='word_1_172' title='bbox 2755 2327 2824 2387; x_wconf 89' lang='lat' dir='ltr'><strong>ad</strong></span> <span class='ocrx_word' id='word_1_173' title='bbox 2894 2327 3189 2406; x_wconf 88' lang='lat' dir='ltr'><strong>Papiriani</strong></span> 
     </span>
     <span class='ocr_line' id='line_1_19' title="bbox 580 2434 3188 2518; baseline -0.001 -22"><span class='ocrx_word' id='word_1_174' title='bbox 580 2446 857 2517; x_wconf 90' lang='lat' dir='ltr'><strong>excerpta</strong></span> <span class='ocrx_word' id='word_1_175' title='bbox 895 2457 950 2518; x_wconf 93' lang='lat' dir='ltr'><strong>p.</strong></span> <span class='ocrx_word' id='word_1_176' title='bbox 990 2434 1161 2498; x_wconf 88' lang='grc'><strong>2291</strong></span> <span class='ocrx_word' id='word_1_177' title='bbox 1203 2435 1419 2496; x_wconf 81' lang='lat' dir='ltr'><strong>referri</strong></span> <span class='ocrx_word' id='word_1_178' title='bbox 1455 2445 1705 2515; x_wconf 88' lang='lat' dir='ltr'><strong>poterat.</strong></span> <span class='ocrx_word' id='word_1_179' title='bbox 1784 2438 2194 2499; x_wconf 87' lang='lat' dir='ltr'><strong>Cassiodorius</strong></span> <span class='ocrx_word' id='word_1_180' title='bbox 2233 2447 2428 2499; x_wconf 83' lang='lat' dir='ltr'><strong>autem</strong></span> <span class='ocrx_word' id='word_1_181' title='bbox 2468 2436 2750 2517; x_wconf 89' lang='lat' dir='ltr'><strong>ampliore</strong></span> <span class='ocrx_word' id='word_1_182' title='bbox 2791 2434 3188 2514; x_wconf 90' lang='lat' dir='ltr'><strong>disputatione</strong></span> 
     </span>
     <span class='ocr_line' id='line_1_20' title="bbox 579 2541 3190 2623; baseline -0.002 -20"><span class='ocrx_word' id='word_1_183' title='bbox 579 2545 796 2603; x_wconf 88' lang='lat' dir='ltr'><strong>omissa</strong></span> <span class='ocrx_word' id='word_1_184' title='bbox 844 2541 1078 2621; x_wconf 87' lang='lat' dir='ltr'><strong>regulas</strong></span> <span class='ocrx_word' id='word_1_185' title='bbox 1124 2561 1155 2602; x_wconf 88' lang='lat' dir='ltr'><strong>a</strong></span> <span class='ocrx_word' id='word_1_186' title='bbox 1203 2544 1585 2621; x_wconf 84' lang='lat' dir='ltr'><strong>grammatico</strong></span> <span class='ocrx_word' id='word_1_187' title='bbox 1632 2545 1991 2622; x_wconf 86' lang='lat' dir='ltr'><strong>compositas</strong></span> <span class='ocrx_word' id='word_1_188' title='bbox 2037 2545 2281 2623; x_wconf 90' lang='lat' dir='ltr'><strong>recepit.</strong></span> <span class='ocrx_word' id='word_1_189' title='bbox 2356 2543 2427 2603; x_wconf 88' lang='lat' dir='ltr'><strong>de</strong></span> <span class='ocrx_word' id='word_1_190' title='bbox 2475 2542 2742 2622; x_wconf 78' lang='lat' dir='ltr'><strong>Eutyche</strong></span> <span class='ocrx_word' id='word_1_191' title='bbox 2789 2542 3190 2621; x_wconf 84' lang='lat' dir='ltr'><strong>grammatico,</strong></span> 
     </span>
     <span class='ocr_line' id='line_1_21' title="bbox 579 2647 3186 2730; baseline -0.002 -20"><span class='ocrx_word' id='word_1_192' title='bbox 579 2651 682 2728; x_wconf 86' lang='lat' dir='ltr'><strong>qui</strong></span> <span class='ocrx_word' id='word_1_193' title='bbox 737 2657 925 2710; x_wconf 89' lang='lat' dir='ltr'><strong>artem</strong></span> <span class='ocrx_word' id='word_1_194' title='bbox 984 2648 1057 2709; x_wconf 92' lang='lat' dir='ltr'><strong>de</strong></span> <span class='ocrx_word' id='word_1_195' title='bbox 1112 2648 1292 2709; x_wconf 85' lang='lat' dir='ltr'><strong>verbo</strong></span> <span class='ocrx_word' id='word_1_196' title='bbox 1350 2650 1618 2730; x_wconf 81' lang='lat' dir='ltr'><strong>scripsit,</strong></span> <span class='ocrx_word' id='word_1_197' title='bbox 1673 2649 1794 2709; x_wconf 87' lang='lat' dir='ltr'><strong>dixi</strong></span> <span class='ocrx_word' id='word_1_198' title='bbox 1849 2668 2091 2728; x_wconf 86' lang='lat' dir='ltr'><strong>gramm.</strong></span> <span class='ocrx_word' id='word_1_199' title='bbox 2139 2650 2234 2711; x_wconf 91' lang='lat' dir='ltr'><strong>lat.</strong></span> <span class='ocrx_word' id='word_1_200' title='bbox 2283 2669 2331 2710; x_wconf 87' lang='lat' dir='ltr'><strong>v.</strong></span> <span class='ocrx_word' id='word_1_201' title='bbox 2380 2649 2426 2705; x_wconf 94' lang='lat' dir='ltr'>V</span> <span class='ocrx_word' id='word_1_202' title='bbox 2482 2669 2535 2729; x_wconf 92' lang='lat' dir='ltr'><strong>p.</strong></span> <span class='ocrx_word' id='word_1_203' title='bbox 2582 2647 2729 2710; x_wconf 89' lang='lat'><strong>444.</strong></span> <span class='ocrx_word' id='word_1_204' title='bbox 2805 2666 2940 2708; x_wconf 89' lang='lat' dir='ltr'><strong>nam</strong></span> <span class='ocrx_word' id='word_1_205' title='bbox 2996 2647 3186 2707; x_wconf 88' lang='lat' dir='ltr'><strong>eidem</strong></span> 
     </span>
     <span class='ocr_line' id='line_1_22' title="bbox 580 2754 3186 2838; baseline -0.001 -21"><span class='ocrx_word' id='word_1_206' title='bbox 580 2759 1041 2819; x_wconf 88' lang='lat' dir='ltr'><strong>commentarius</strong></span> <span class='ocrx_word' id='word_1_207' title='bbox 1102 2754 1174 2816; x_wconf 88' lang='lat' dir='ltr'><strong>de</strong></span> <span class='ocrx_word' id='word_1_208' title='bbox 1236 2754 1659 2838; x_wconf 82' lang='lat' dir='ltr'><strong>adspiratione,</strong></span> <span class='ocrx_word' id='word_1_209' title='bbox 1721 2757 1891 2818; x_wconf 89' lang='lat' dir='ltr'><strong>cuius</strong></span> <span class='ocrx_word' id='word_1_210' title='bbox 1952 2766 2231 2837; x_wconf 83' lang='lat' dir='ltr'><strong>excerpta</strong></span> <span class='ocrx_word' id='word_1_211' title='bbox 2292 2756 2495 2818; x_wconf 85' lang='lat' dir='ltr'><strong>relicta</strong></span> <span class='ocrx_word' id='word_1_212' title='bbox 2558 2764 2725 2838; x_wconf 87' lang='lat' dir='ltr'><strong>sunt,</strong></span> <span class='ocrx_word' id='word_1_213' title='bbox 2793 2754 3022 2816; x_wconf 89' lang='lat' dir='ltr'><strong>videtur</strong></span> <span class='ocrx_word' id='word_1_214' title='bbox 3085 2756 3186 2816; x_wconf 92' lang='lat' dir='ltr'><strong>tri·</strong></span> 
     </span>
     <span class='ocr_line' id='line_1_23' title="bbox 580 2862 1049 2925; baseline 0 -2"><span class='ocrx_word' id='word_1_215' title='bbox 580 2862 852 2925; x_wconf 89' lang='lat' dir='ltr'><strong>buendus</strong></span> <span class='ocrx_word' id='word_1_216' title='bbox 899 2881 1049 2924; x_wconf 90' lang='lat' dir='ltr'><strong>esse.</strong></span> 
     </span>
    </p>

    <p class='ocr_par' dir='ltr' id='par_1_4' title="bbox 574 2969 3187 4967">
     <span class='ocr_line' id='line_1_24' title="bbox 755 2969 3186 3050; baseline -0 -20"><span class='ocrx_word' id='word_1_217' title='bbox 755 2970 1096 3031; x_wconf 88' lang='lat' dir='ltr'><strong>Caesellii</strong></span> <span class='ocrx_word' id='word_1_218' title='bbox 1145 2970 1465 3030; x_wconf 85' lang='lat' dir='ltr'><strong>Vindicis</strong></span> <span class='ocrx_word' id='word_1_219' title='bbox 1521 2970 1805 3030; x_wconf 84' lang='lat' dir='ltr'><strong>lectiones</strong></span> <span class='ocrx_word' id='word_1_220' title='bbox 1853 2972 2123 3050; x_wconf 89' lang='lat' dir='ltr'><strong>antiquas</strong></span> <span class='ocrx_word' id='word_1_221' title='bbox 2172 2970 2260 3029; x_wconf 81' lang='lat' dir='ltr'><strong>vel</strong></span> <span class='ocrx_word' id='word_1_222' title='bbox 2318 2971 2806 3030; x_wconf 88' lang='lat' dir='ltr'><strong>commentarium</strong></span> <span class='ocrx_word' id='word_1_223' title='bbox 2866 2969 3186 3030; x_wconf 88' lang='lat' dir='ltr'><strong>lectionum</strong></span> 
     </span>
     <span class='ocr_line' id='line_1_25' title="bbox 578 3075 3187 3158; baseline 0 -21"><span class='ocrx_word' id='word_1_224' title='bbox 578 3079 953 3155; x_wconf 85' lang='lat' dir='ltr'><strong>antiquarum</strong></span> <span class='ocrx_word' id='word_1_225' title='bbox 992 3080 1229 3157; x_wconf 86' lang='lat' dir='ltr'><strong>saepius</strong></span> <span class='ocrx_word' id='word_1_226' title='bbox 1267 3084 1691 3138; x_wconf 86' lang='lat' dir='ltr'><strong>commemorat</strong></span> <span class='ocrx_word' id='word_1_227' title='bbox 1727 3076 1978 3158; x_wconf 82' lang='lat' dir='ltr'><strong>GelliuS,</strong></span> <span class='ocrx_word' id='word_1_228' title='bbox 2026 3095 2280 3156; x_wconf 84' lang='lat' dir='ltr'><strong>eumque</strong></span> <span class='ocrx_word' id='word_1_229' title='bbox 2320 3096 2454 3138; x_wconf 89' lang='lat' dir='ltr'><strong>cum</strong></span> <span class='ocrx_word' id='word_1_230' title='bbox 2496 3076 2566 3136; x_wconf 91' lang='lat' dir='ltr'><strong>ab</strong></span> <span class='ocrx_word' id='word_1_231' title='bbox 2606 3075 2733 3137; x_wconf 89' lang='lat' dir='ltr'><strong>aliis</strong></span> <span class='ocrx_word' id='word_1_232' title='bbox 2771 3079 3187 3158; x_wconf 78' lang='lat' dir='ltr'><strong>grammaticiS,</strong></span> 
     </span>
     <span class='ocr_line' id='line_1_26' title="bbox 578 3179 3185 3265; baseline 0 -22"><span class='ocrx_word' id='word_1_233' title='bbox 578 3186 677 3263; x_wconf 83' lang='lat' dir='ltr'><strong>qui</strong></span> <span class='ocrx_word' id='word_1_234' title='bbox 731 3179 946 3245; x_wconf 74' lang='lat' dir='ltr'><strong>‘multa</strong></span> <span class='ocrx_word' id='word_1_235' title='bbox 1002 3186 1059 3244; x_wconf 92' lang='lat' dir='ltr'><strong>in</strong></span> <span class='ocrx_word' id='word_1_236' title='bbox 1110 3182 1393 3244; x_wconf 87' lang='lat' dir='ltr'><strong>Caesellio</strong></span> <span class='ocrx_word' id='word_1_237' title='bbox 1452 3184 1942 3265; x_wconf 86' lang='lat' dir='ltr'><strong>reprehendendo</strong></span> <span class='ocrx_word' id='word_1_238' title='bbox 2001 3188 2175 3245; x_wconf 91' lang='lat' dir='ltr'><strong>etiam</strong></span> <span class='ocrx_word' id='word_1_239' title='bbox 2232 3203 2340 3265; x_wconf 88' lang='lat' dir='ltr'><strong>per</strong></span> <span class='ocrx_word' id='word_1_240' title='bbox 2395 3182 2745 3244; x_wconf 88' lang='lat' dir='ltr'><strong>calumniam</strong></span> <span class='ocrx_word' id='word_1_241' title='bbox 2803 3179 3185 3244; x_wconf 87' lang='lat' dir='ltr'><strong>rimarentur&#39;</strong></span> 
     </span>
     <span class='ocr_line' id='line_1_27' title="bbox 578 3283 3187 3374; baseline -0 -23"><span class='ocrx_word' id='word_1_242' title='bbox 578 3284 669 3372; x_wconf 88' lang='lat'><strong>(6,</strong></span> <span class='ocrx_word' id='word_1_243' title='bbox 697 3285 789 3373; x_wconf 88' lang='grc'><strong>2),</strong></span> <span class='ocrx_word' id='word_1_244' title='bbox 828 3298 953 3351; x_wconf 91' lang='lat' dir='ltr'><strong>tum</strong></span> <span class='ocrx_word' id='word_1_245' title='bbox 991 3309 1023 3350; x_wconf 87' lang='lat' dir='ltr'><strong>a</strong></span> <span class='ocrx_word' id='word_1_246' title='bbox 1061 3289 1341 3351; x_wconf 90' lang='lat' dir='ltr'><strong>Terentio</strong></span> <span class='ocrx_word' id='word_1_247' title='bbox 1374 3290 1617 3371; x_wconf 87' lang='lat' dir='ltr'><strong>Scauro,</strong></span> <span class='ocrx_word' id='word_1_248' title='bbox 1656 3293 1757 3370; x_wconf 90' lang='lat' dir='ltr'><strong>qui</strong></span> <span class='ocrx_word' id='word_1_249' title='bbox 1786 3291 1859 3352; x_wconf 87' lang='lat' dir='ltr'><strong>de</strong></span> <span class='ocrx_word' id='word_1_250' title='bbox 1899 3290 2167 3350; x_wconf 89' lang='lat' dir='ltr'><strong>Caesellii</strong></span> <span class='ocrx_word' id='word_1_251' title='bbox 2196 3290 2504 3351; x_wconf 86' lang='lat' dir='ltr'><strong>erroribus</strong></span> <span class='ocrx_word' id='word_1_252' title='bbox 2533 3293 2854 3370; x_wconf 88' lang='lat' dir='ltr'><strong>scripserat</strong></span> <span class='ocrx_word' id='word_1_253' title='bbox 2885 3285 3020 3374; x_wconf 83' lang='grc'><strong>(11,</strong></span> <span class='ocrx_word' id='word_1_254' title='bbox 3055 3283 3187 3371; x_wconf 82' lang='lat'><strong>15),</strong></span> 
     </span>
     <span class='ocr_line' id='line_1_28' title="bbox 581 3395 3186 3478; baseline -0 -22"><span class='ocrx_word' id='word_1_255' title='bbox 581 3403 642 3457; x_wconf 86' lang='lat' dir='ltr'><strong>et</strong></span> <span class='ocrx_word' id='word_1_256' title='bbox 696 3415 728 3456; x_wconf 89' lang='lat' dir='ltr'><strong>a</strong></span> <span class='ocrx_word' id='word_1_257' title='bbox 786 3396 1047 3477; x_wconf 89' lang='lat' dir='ltr'><strong>Sulpicio</strong></span> <span class='ocrx_word' id='word_1_258' title='bbox 1094 3396 1441 3477; x_wconf 81' lang='lat' dir='ltr'><strong>Apollinari,</strong></span> <span class='ocrx_word' id='word_1_259' title='bbox 1498 3414 1673 3474; x_wconf 87' lang='lat' dir='ltr'><strong>quem</strong></span> <span class='ocrx_word' id='word_1_260' title='bbox 1731 3397 2044 3457; x_wconf 89' lang='lat' dir='ltr'><strong>docentem</strong></span> <span class='ocrx_word' id='word_1_261' title='bbox 2100 3396 2404 3457; x_wconf 83' lang='lat' dir='ltr'><strong>audiverat</strong></span> <span class='ocrx_word' id='word_1_262' title='bbox 2449 3397 2700 3478; x_wconf 77' lang='lat' dir='ltr'><strong>GelliuS,</strong></span> <span class='ocrx_word' id='word_1_263' title='bbox 2755 3395 3186 3476; x_wconf 88' lang='lat' dir='ltr'><strong>reprehensum</strong></span> 
     </span>
     <span class='ocr_line' id='line_1_29' title="bbox 576 3499 3183 3585; baseline 0 -23"><span class='ocrx_word' id='word_1_264' title='bbox 576 3521 707 3562; x_wconf 84' lang='lat' dir='ltr'><strong>esse</strong></span> <span class='ocrx_word' id='word_1_265' title='bbox 754 3503 899 3563; x_wconf 90' lang='lat' dir='ltr'><strong>dicit</strong></span> <span class='ocrx_word' id='word_1_266' title='bbox 942 3512 1097 3564; x_wconf 92' lang='lat' dir='ltr'><strong>noct.</strong></span> <span class='ocrx_word' id='word_1_267' title='bbox 1145 3511 1245 3564; x_wconf 89' lang='lat' dir='ltr'><strong>att.</strong></span> <span class='ocrx_word' id='word_1_268' title='bbox 1293 3501 1362 3583; x_wconf 90' lang='grc'><strong>2,</strong></span> <span class='ocrx_word' id='word_1_269' title='bbox 1404 3500 1502 3563; x_wconf 94' lang='grc'><strong>16.</strong></span> <span class='ocrx_word' id='word_1_270' title='bbox 1551 3500 1610 3583; x_wconf 86' lang='grc'><strong>3,</strong></span> <span class='ocrx_word' id='word_1_271' title='bbox 1654 3499 1752 3584; x_wconf 87' lang='grc'><strong>16,</strong></span> <span class='ocrx_word' id='word_1_272' title='bbox 1796 3500 1892 3563; x_wconf 94' lang='grc'><strong>11.</strong></span> <span class='ocrx_word' id='word_1_273' title='bbox 1942 3500 2001 3584; x_wconf 90' lang='grc'><strong>6,</strong></span> <span class='ocrx_word' id='word_1_274' title='bbox 2040 3500 2099 3564; x_wconf 91' lang='grc'><strong>2.</strong></span> <span class='ocrx_word' id='word_1_275' title='bbox 2146 3500 2206 3585; x_wconf 88' lang='grc'><strong>9,</strong></span> <span class='ocrx_word' id='word_1_276' title='bbox 2250 3501 2345 3563; x_wconf 88' lang='grc'><strong>14.</strong></span> <span class='ocrx_word' id='word_1_277' title='bbox 2400 3503 2509 3585; x_wconf 94' lang='grc'><strong>11,</strong></span> <span class='ocrx_word' id='word_1_278' title='bbox 2555 3501 2650 3565; x_wconf 84' lang='grc'><strong>15.</strong></span> <span class='ocrx_word' id='word_1_279' title='bbox 2705 3500 2803 3585; x_wconf 88' lang='grc'><strong>18,</strong></span> <span class='ocrx_word' id='word_1_280' title='bbox 2848 3500 2944 3563; x_wconf 90' lang='grc'><strong>11.</strong></span> <span class='ocrx_word' id='word_1_281' title='bbox 2985 3499 3087 3577; x_wconf 87' lang='grc'><strong>20,</strong></span> <span class='ocrx_word' id='word_1_282' title='bbox 3126 3500 3183 3562; x_wconf 85' lang='grc'><strong>2.</strong></span> 
     </span>
     <span class='ocr_line' id='line_1_30' title="bbox 576 3608 3183 3689; baseline 0 -20"><span class='ocrx_word' id='word_1_283' title='bbox 576 3609 791 3670; x_wconf 86' lang='lat' dir='ltr'><strong>deinde</strong></span> <span class='ocrx_word' id='word_1_284' title='bbox 837 3612 899 3669; x_wconf 90' lang='lat' dir='ltr'><strong>in</strong></span> <span class='ocrx_word' id='word_1_285' title='bbox 949 3612 1244 3689; x_wconf 87' lang='lat' dir='ltr'><strong>excerptis</strong></span> <span class='ocrx_word' id='word_1_286' title='bbox 1292 3608 1424 3670; x_wconf 85' lang='lat' dir='ltr'><strong>iulii</strong></span> <span class='ocrx_word' id='word_1_287' title='bbox 1470 3608 1719 3670; x_wconf 84' lang='lat' dir='ltr'><strong>Romani</strong></span> <span class='ocrx_word' id='word_1_288' title='bbox 1765 3610 1919 3689; x_wconf 87' lang='lat' dir='ltr'><strong>apud</strong></span> <span class='ocrx_word' id='word_1_289' title='bbox 1969 3609 2301 3671; x_wconf 87' lang='lat' dir='ltr'><strong>Charisium</strong></span> <span class='ocrx_word' id='word_1_290' title='bbox 2351 3608 2486 3670; x_wconf 91' lang='lat' dir='ltr'><strong>libri</strong></span> <span class='ocrx_word' id='word_1_291' title='bbox 2534 3612 2662 3670; x_wconf 87' lang='lat' dir='ltr'><strong>eius</strong></span> <span class='ocrx_word' id='word_1_292' title='bbox 2708 3609 2915 3670; x_wconf 90' lang='lat' dir='ltr'><strong>ordine</strong></span> <span class='ocrx_word' id='word_1_293' title='bbox 2965 3609 3183 3670; x_wconf 88' lang='lat' dir='ltr'><strong>littera·</strong></span> 
     </span>
     <span class='ocr_line' id='line_1_31' title="bbox 576 3712 3186 3797; baseline 0 -21"><span class='ocrx_word' id='word_1_294' title='bbox 576 3734 709 3777; x_wconf 91' lang='lat' dir='ltr'><strong>rum</strong></span> <span class='ocrx_word' id='word_1_295' title='bbox 778 3715 1047 3795; x_wconf 90' lang='lat' dir='ltr'><strong>dispositi</strong></span> <span class='ocrx_word' id='word_1_296' title='bbox 1113 3715 1482 3794; x_wconf 83' lang='lat' dir='ltr'><strong>appellantur</strong></span> <span class='ocrx_word' id='word_1_297' title='bbox 1548 3725 1665 3796; x_wconf 87' lang='lat' dir='ltr'><strong>ter,</strong></span> <span class='ocrx_word' id='word_1_298' title='bbox 1730 3736 1784 3796; x_wconf 92' lang='lat' dir='ltr'><strong>p.</strong></span> <span class='ocrx_word' id='word_1_299' title='bbox 1848 3714 2000 3796; x_wconf 79' lang='grc'><strong>117,</strong></span> <span class='ocrx_word' id='word_1_300' title='bbox 2061 3712 2140 3777; x_wconf 90' lang='grc'><strong>13</strong></span> <span class='ocrx_word' id='word_1_301' title='bbox 2214 3717 2448 3778; x_wconf 68' lang='lat' dir='ltr'><strong>Vindex</strong></span> <span class='ocrx_word' id='word_1_302' title='bbox 2512 3735 2550 3776; x_wconf 87' lang='lat' dir='ltr'><strong>a</strong></span> <span class='ocrx_word' id='word_1_303' title='bbox 2614 3719 2856 3778; x_wconf 77' lang='lat' dir='ltr'><strong>litterae</strong></span> <span class='ocrx_word' id='word_1_304' title='bbox 2918 3719 3074 3778; x_wconf 86' lang='lat' dir='ltr'><strong>libro</strong></span> <span class='ocrx_word' id='word_1_305' title='bbox 3137 3719 3186 3797; x_wconf 91' lang='lat' dir='ltr'><strong>I,</strong></span> 
     </span>
     <span class='ocr_line' id='line_1_32' title="bbox 574 3818 3185 3904; baseline 0 -22"><span class='ocrx_word' id='word_1_306' title='bbox 574 3841 629 3900; x_wconf 88' lang='lat' dir='ltr'><strong>p.</strong></span> <span class='ocrx_word' id='word_1_307' title='bbox 664 3818 807 3902; x_wconf 79' lang='lat'><strong>195,</strong></span> <span class='ocrx_word' id='word_1_308' title='bbox 844 3819 929 3883; x_wconf 90' lang='grc'><strong>26</strong></span> <span class='ocrx_word' id='word_1_309' title='bbox 976 3823 1297 3883; x_wconf 78' lang='lat' dir='ltr'><strong>Caesellius</strong></span> <span class='ocrx_word' id='word_1_310' title='bbox 1341 3824 1575 3884; x_wconf 67' lang='lat' dir='ltr'><strong>Vindex</strong></span> <span class='ocrx_word' id='word_1_311' title='bbox 1610 3826 1766 3885; x_wconf 84' lang='lat' dir='ltr'><strong>libro</strong></span> <span class='ocrx_word' id='word_1_312' title='bbox 1806 3826 1866 3898; x_wconf 89' lang='lat' dir='ltr'><strong>I,</strong></span> <span class='ocrx_word' id='word_1_313' title='bbox 1904 3844 1959 3904; x_wconf 91' lang='lat' dir='ltr'><strong>p.</strong></span> <span class='ocrx_word' id='word_1_314' title='bbox 1999 3821 2148 3904; x_wconf 88' lang='grc'><strong>239,</strong></span> <span class='ocrx_word' id='word_1_315' title='bbox 2186 3820 2266 3883; x_wconf 89' lang='grc'><strong>21</strong></span> <span class='ocrx_word' id='word_1_316' title='bbox 2318 3825 2642 3884; x_wconf 76' lang='lat' dir='ltr'><strong>Caesellius</strong></span> <span class='ocrx_word' id='word_1_317' title='bbox 2685 3823 2920 3883; x_wconf 69' lang='lat' dir='ltr'><strong>Vindex</strong></span> <span class='ocrx_word' id='word_1_318' title='bbox 2954 3825 3110 3884; x_wconf 82' lang='lat' dir='ltr'><strong>libro</strong></span> <span class='ocrx_word' id='word_1_319' title='bbox 3148 3827 3185 3894; x_wconf 77' lang='lat' dir='ltr'><em>b</em></span> 
     </span>
     <span class='ocr_line' id='line_1_33' title="bbox 575 3927 3182 4010; baseline 0 -20"><span class='ocrx_word' id='word_1_320' title='bbox 575 3932 832 3990; x_wconf 75' lang='lat' dir='ltr'><strong>litterae.</strong></span> <span class='ocrx_word' id='word_1_321' title='bbox 889 3928 1228 3989; x_wconf 88' lang='lat' dir='ltr'><strong>Priscianus</strong></span> <span class='ocrx_word' id='word_1_322' title='bbox 1267 3932 1327 3990; x_wconf 93' lang='lat' dir='ltr'><strong>in</strong></span> <span class='ocrx_word' id='word_1_323' title='bbox 1359 3939 1523 3990; x_wconf 86' lang='lat' dir='ltr'><strong>sexto</strong></span> <span class='ocrx_word' id='word_1_324' title='bbox 1561 3929 1712 3990; x_wconf 89' lang='lat' dir='ltr'><strong>libro</strong></span> <span class='ocrx_word' id='word_1_325' title='bbox 1752 3928 1845 3990; x_wconf 90' lang='lat' dir='ltr'><strong>bis</strong></span> <span class='ocrx_word' id='word_1_326' title='bbox 1875 3929 2140 3991; x_wconf 88' lang='lat' dir='ltr'><strong>eiusdem</strong></span> <span class='ocrx_word' id='word_1_327' title='bbox 2170 3936 2556 3990; x_wconf 88' lang='lat' dir='ltr'><strong>stromateum</strong></span> <span class='ocrx_word' id='word_1_328' title='bbox 2585 3928 2855 4008; x_wconf 86' lang='lat' dir='ltr'><strong>appellat,</strong></span> <span class='ocrx_word' id='word_1_329' title='bbox 2882 3949 2937 4008; x_wconf 90' lang='lat' dir='ltr'><strong>p.</strong></span> <span class='ocrx_word' id='word_1_330' title='bbox 2965 3927 3113 4010; x_wconf 86' lang='grc'><strong>210,</strong></span> <span class='ocrx_word' id='word_1_331' title='bbox 3146 3928 3182 3991; x_wconf 85' lang='grc'>7</span> 
     </span>
     <span class='ocr_line' id='line_1_34' title="bbox 576 4033 3183 4115; baseline -0 -18"><span class='ocrx_word' id='word_1_332' title='bbox 576 4038 835 4097; x_wconf 79' lang='lat' dir='ltr'><strong>ostendit</strong></span> <span class='ocrx_word' id='word_1_333' title='bbox 879 4039 992 4097; x_wconf 80' lang='lat' dir='ltr'><strong>hoc</strong></span> <span class='ocrx_word' id='word_1_334' title='bbox 1039 4039 1220 4097; x_wconf 86' lang='lat' dir='ltr'><strong>etiam</strong></span> <span class='ocrx_word' id='word_1_335' title='bbox 1264 4038 1587 4097; x_wconf 81' lang='lat' dir='ltr'><strong>Caesellius</strong></span> <span class='ocrx_word' id='word_1_336' title='bbox 1639 4037 1875 4098; x_wconf 71' lang='lat' dir='ltr'><strong>Vindex</strong></span> <span class='ocrx_word' id='word_1_337' title='bbox 1922 4041 1983 4097; x_wconf 79' lang='lat' dir='ltr'><strong>in</strong></span> <span class='ocrx_word' id='word_1_338' title='bbox 2029 4043 2354 4097; x_wconf 82' lang='lat' dir='ltr'><strong>stromateo</strong></span> <span class='ocrx_word' id='word_1_339' title='bbox 2402 4045 2462 4097; x_wconf 90' lang='lat' dir='ltr'><strong>et</strong></span> <span class='ocrx_word' id='word_1_340' title='bbox 2507 4055 2561 4114; x_wconf 90' lang='lat' dir='ltr'><strong>p.</strong></span> <span class='ocrx_word' id='word_1_341' title='bbox 2602 4033 2760 4115; x_wconf 86' lang='grc'><strong>230,</strong></span> <span class='ocrx_word' id='word_1_342' title='bbox 2803 4034 2878 4096; x_wconf 91' lang='grc'><strong>11</strong></span> <span class='ocrx_word' id='word_1_343' title='bbox 2929 4045 2995 4096; x_wconf 82' lang='lat' dir='ltr'><strong>ut</strong></span> <span class='ocrx_word' id='word_1_344' title='bbox 3039 4039 3183 4096; x_wconf 78' lang='lat' dir='ltr'><strong>Cae-</strong></span> 
     </span>
     <span class='ocr_line' id='line_1_35' title="bbox 575 4140 3182 4224; baseline -0.001 -20"><span class='ocrx_word' id='word_1_345' title='bbox 575 4146 778 4204; x_wconf 78' lang='lat' dir='ltr'><strong>sellius</strong></span> <span class='ocrx_word' id='word_1_346' title='bbox 826 4146 888 4202; x_wconf 84' lang='lat' dir='ltr'><strong>in</strong></span> <span class='ocrx_word' id='word_1_347' title='bbox 933 4150 1255 4204; x_wconf 84' lang='lat' dir='ltr'><strong>stromateo</strong></span> <span class='ocrx_word' id='word_1_348' title='bbox 1303 4146 1503 4223; x_wconf 83' lang='lat' dir='ltr'><strong>docet,</strong></span> <span class='ocrx_word' id='word_1_349' title='bbox 1550 4143 1732 4204; x_wconf 89' lang='lat' dir='ltr'><strong>semel</strong></span> <span class='ocrx_word' id='word_1_350' title='bbox 1778 4161 1998 4203; x_wconf 90' lang='lat' dir='ltr'><strong>nomen</strong></span> <span class='ocrx_word' id='word_1_351' title='bbox 2045 4142 2236 4203; x_wconf 92' lang='lat' dir='ltr'><strong>solum</strong></span> <span class='ocrx_word' id='word_1_352' title='bbox 2283 4145 2475 4224; x_wconf 90' lang='lat' dir='ltr'><strong>pouit,</strong></span> <span class='ocrx_word' id='word_1_353' title='bbox 2521 4161 2577 4220; x_wconf 89' lang='lat' dir='ltr'><strong>p.</strong></span> <span class='ocrx_word' id='word_1_354' title='bbox 2607 4140 2758 4223; x_wconf 88' lang='grc'><strong>229,</strong></span> <span class='ocrx_word' id='word_1_355' title='bbox 2798 4140 2879 4204; x_wconf 94' lang='grc'><strong>10</strong></span> <span class='ocrx_word' id='word_1_356' title='bbox 2924 4152 2990 4204; x_wconf 80' lang='lat' dir='ltr'><strong>ut</strong></span> <span class='ocrx_word' id='word_1_357' title='bbox 3039 4147 3182 4203; x_wconf 78' lang='lat' dir='ltr'><strong>Gae-</strong></span> 
     </span>
     <span class='ocr_line' id='line_1_36' title="bbox 576 4248 3185 4329; baseline -0.001 -19"><span class='ocrx_word' id='word_1_358' title='bbox 576 4252 742 4311; x_wconf 80' lang='lat' dir='ltr'><strong>sellio</strong></span> <span class='ocrx_word' id='word_1_359' title='bbox 806 4250 1045 4310; x_wconf 75' lang='lat' dir='ltr'><strong>Vindici</strong></span> <span class='ocrx_word' id='word_1_360' title='bbox 1087 4254 1309 4326; x_wconf 77' lang='lat' dir='ltr'><strong>placet.</strong></span> <span class='ocrx_word' id='word_1_361' title='bbox 1395 4267 1543 4328; x_wconf 90' lang='lat' dir='ltr'><strong>quae</strong></span> <span class='ocrx_word' id='word_1_362' title='bbox 1601 4250 1841 4328; x_wconf 86' lang='lat' dir='ltr'><strong>quidem</strong></span> <span class='ocrx_word' id='word_1_363' title='bbox 1896 4250 2091 4309; x_wconf 90' lang='lat' dir='ltr'><strong>omnia</strong></span> <span class='ocrx_word' id='word_1_364' title='bbox 2148 4248 2218 4308; x_wconf 88' lang='lat' dir='ltr'><strong>ad</strong></span> <span class='ocrx_word' id='word_1_365' title='bbox 2276 4266 2460 4310; x_wconf 89' lang='lat' dir='ltr'><strong>unum</strong></span> <span class='ocrx_word' id='word_1_366' title='bbox 2519 4248 2894 4328; x_wconf 89' lang='lat' dir='ltr'><strong>eundemque</strong></span> <span class='ocrx_word' id='word_1_367' title='bbox 2950 4248 3185 4329; x_wconf 90' lang='lat' dir='ltr'><strong>librum,</strong></span> 
     </span>
     <span class='ocr_line' id='line_1_37' title="bbox 577 4353 3184 4436; baseline -0.001 -20"><span class='ocrx_word' id='word_1_368' title='bbox 577 4373 755 4434; x_wconf 85' lang='lat' dir='ltr'><strong>quem</strong></span> <span class='ocrx_word' id='word_1_369' title='bbox 809 4358 1079 4434; x_wconf 87' lang='lat' dir='ltr'><strong>antiquas</strong></span> <span class='ocrx_word' id='word_1_370' title='bbox 1149 4355 1433 4416; x_wconf 81' lang='lat' dir='ltr'><strong>lectiones</strong></span> <span class='ocrx_word' id='word_1_371' title='bbox 1490 4353 1739 4435; x_wconf 83' lang='lat' dir='ltr'><strong>Gellius,</strong></span> <span class='ocrx_word' id='word_1_372' title='bbox 1799 4362 2185 4415; x_wconf 86' lang='lat' dir='ltr'><strong>stromateum</strong></span> <span class='ocrx_word' id='word_1_373' title='bbox 2239 4353 2580 4414; x_wconf 87' lang='lat' dir='ltr'><strong>Priscianus</strong></span> <span class='ocrx_word' id='word_1_374' title='bbox 2637 4354 2809 4436; x_wconf 85' lang='lat' dir='ltr'><strong>dixit,</strong></span> <span class='ocrx_word' id='word_1_375' title='bbox 2873 4354 3184 4415; x_wconf 81' lang='lat' dir='ltr'><strong>referenda</strong></span> 
     </span>
     <span class='ocr_line' id='line_1_38' title="bbox 577 4459 3182 4544; baseline -0 -23"><span class='ocrx_word' id='word_1_376' title='bbox 577 4481 737 4544; x_wconf 89' lang='lat' dir='ltr'><strong>esse,</strong></span> <span class='ocrx_word' id='word_1_377' title='bbox 793 4471 859 4524; x_wconf 93' lang='lat' dir='ltr'><strong>ut</strong></span> <span class='ocrx_word' id='word_1_378' title='bbox 914 4464 1103 4522; x_wconf 87' lang='lat' dir='ltr'><strong>visum</strong></span> <span class='ocrx_word' id='word_1_379' title='bbox 1165 4470 1256 4522; x_wconf 88' lang='lat' dir='ltr'><strong>est</strong></span> <span class='ocrx_word' id='word_1_380' title='bbox 1312 4460 1549 4521; x_wconf 90' lang='lat' dir='ltr'><strong>Osanno</strong></span> <span class='ocrx_word' id='word_1_381' title='bbox 1611 4459 1789 4521; x_wconf 85' lang='lat' dir='ltr'><strong>Beitr.</strong></span> <span class='ocrx_word' id='word_1_382' title='bbox 1849 4480 1893 4520; x_wconf 88' lang='lat' dir='ltr'><strong>z.</strong></span> <span class='ocrx_word' id='word_1_383' title='bbox 1949 4461 2167 4539; x_wconf 87' lang='lat' dir='ltr'><strong>griech.</strong></span> <span class='ocrx_word' id='word_1_384' title='bbox 2227 4480 2282 4521; x_wconf 90' lang='lat' dir='ltr'><strong>u.</strong></span> <span class='ocrx_word' id='word_1_385' title='bbox 2340 4478 2521 4521; x_wconf 91' lang='lat' dir='ltr'><strong>roem.</strong></span> <span class='ocrx_word' id='word_1_386' title='bbox 2582 4459 2964 4540; x_wconf 81' lang='lat' dir='ltr'><strong>Litteraturg.</strong></span> <span class='ocrx_word' id='word_1_387' title='bbox 3027 4479 3076 4521; x_wconf 86' lang='lat' dir='ltr'><strong>v.</strong></span> <span class='ocrx_word' id='word_1_388' title='bbox 3132 4459 3182 4520; x_wconf 89' lang='lat'><strong>11</strong></span> 
     </span>
     <span class='ocr_line' id='line_1_39' title="bbox 576 4563 3184 4648; baseline -0.001 -18"><span class='ocrx_word' id='word_1_389' title='bbox 576 4588 632 4648; x_wconf 90' lang='lat' dir='ltr'><strong>p.</strong></span> <span class='ocrx_word' id='word_1_390' title='bbox 681 4566 810 4630; x_wconf 87' lang='grc'><strong>329</strong></span> <span class='ocrx_word' id='word_1_391' title='bbox 859 4577 920 4629; x_wconf 87' lang='lat' dir='ltr'><strong>et</strong></span> <span class='ocrx_word' id='word_1_392' title='bbox 965 4567 1287 4629; x_wconf 85' lang='lat' dir='ltr'><strong>Ritschelio</strong></span> <span class='ocrx_word' id='word_1_393' title='bbox 1334 4585 1563 4647; x_wconf 84' lang='lat' dir='ltr'><strong>parerg.</strong></span> <span class='ocrx_word' id='word_1_394' title='bbox 1611 4565 1798 4627; x_wconf 88' lang='lat' dir='ltr'><strong>Plaut.</strong></span> <span class='ocrx_word' id='word_1_395' title='bbox 1846 4586 1901 4646; x_wconf 92' lang='lat' dir='ltr'><strong>p.</strong></span> <span class='ocrx_word' id='word_1_396' title='bbox 1941 4563 2102 4647; x_wconf 86' lang='lat'><strong>360,</strong></span> <span class='ocrx_word' id='word_1_397' title='bbox 2148 4586 2503 4648; x_wconf 83' lang='lat' dir='ltr'><strong>quamquam</strong></span> <span class='ocrx_word' id='word_1_398' title='bbox 2552 4586 2671 4628; x_wconf 90' lang='lat' dir='ltr'><strong>non</strong></span> <span class='ocrx_word' id='word_1_399' title='bbox 2717 4567 2887 4648; x_wconf 89' lang='lat' dir='ltr'><strong>plane</strong></span> <span class='ocrx_word' id='word_1_400' title='bbox 2935 4575 3184 4647; x_wconf 85' lang='lat' dir='ltr'><strong>certum,</strong></span> 
     </span>
     <span class='ocr_line' id='line_1_40' title="bbox 576 4672 3186 4755; baseline -0.001 -20"><span class='ocrx_word' id='word_1_401' title='bbox 576 4683 772 4735; x_wconf 89' lang='lat' dir='ltr'><strong>tamen</strong></span> <span class='ocrx_word' id='word_1_402' title='bbox 828 4684 1075 4755; x_wconf 87' lang='lat' dir='ltr'><strong>propter</strong></span> <span class='ocrx_word' id='word_1_403' title='bbox 1131 4673 1577 4736; x_wconf 90' lang='lat' dir='ltr'><strong>similitudinem</strong></span> <span class='ocrx_word' id='word_1_404' title='bbox 1632 4691 1834 4734; x_wconf 88' lang='lat' dir='ltr'><strong>rerum</strong></span> <span class='ocrx_word' id='word_1_405' title='bbox 1893 4692 2042 4753; x_wconf 88' lang='lat' dir='ltr'><strong>quae</strong></span> <span class='ocrx_word' id='word_1_406' title='bbox 2103 4672 2175 4734; x_wconf 90' lang='lat' dir='ltr'><strong>ab</strong></span> <span class='ocrx_word' id='word_1_407' title='bbox 2223 4673 2340 4734; x_wconf 91' lang='lat' dir='ltr'><strong>illis</strong></span> <span class='ocrx_word' id='word_1_408' title='bbox 2399 4677 2800 4754; x_wconf 83' lang='lat' dir='ltr'><strong>grammaticis</strong></span> <span class='ocrx_word' id='word_1_409' title='bbox 2857 4676 3186 4734; x_wconf 83' lang='lat' dir='ltr'><strong>ati&#39;eruntur</strong></span> 
     </span>
     <span class='ocr_line' id='line_1_41' title="bbox 578 4769 3187 4861; baseline 0 -21"><span class='ocrx_word' id='word_1_410' title='bbox 578 4799 718 4841; x_wconf 85' lang='lat' dir='ltr'><strong>sane</strong></span> <span class='ocrx_word' id='word_1_411' title='bbox 767 4779 1068 4860; x_wconf 89' lang='lat' dir='ltr'><strong>probabile</strong></span> <span class='ocrx_word' id='word_1_412' title='bbox 1117 4789 1225 4842; x_wconf 91' lang='lat' dir='ltr'><strong>est.</strong></span> <span class='ocrx_word' id='word_1_413' title='bbox 1298 4769 1644 4861; x_wconf 78' lang='lat' dir='ltr'><strong>spectabant</strong></span> <span class='ocrx_word' id='word_1_414' title='bbox 1689 4789 1886 4841; x_wconf 91' lang='lat' dir='ltr'><strong>autem</strong></span> <span class='ocrx_word' id='word_1_415' title='bbox 1936 4799 2003 4842; x_wconf 89' lang='lat' dir='ltr'><strong>ea</strong></span> <span class='ocrx_word' id='word_1_416' title='bbox 2050 4782 2122 4841; x_wconf 89' lang='lat' dir='ltr'><strong>de</strong></span> <span class='ocrx_word' id='word_1_417' title='bbox 2171 4779 2387 4860; x_wconf 89' lang='lat' dir='ltr'><strong>quibus</strong></span> <span class='ocrx_word' id='word_1_418' title='bbox 2435 4780 2758 4842; x_wconf 87' lang='lat' dir='ltr'><strong>Caesellius</strong></span> <span class='ocrx_word' id='word_1_419' title='bbox 2815 4783 3187 4861; x_wconf 83' lang='lat' dir='ltr'><strong>quaesiverat</strong></span> 
     </span>
     <span class='ocr_line' id='line_1_42' title="bbox 580 4868 3186 4967; baseline 0 -22"><span class='ocrx_word' id='word_1_420' title='bbox 580 4888 828 4946; x_wconf 85' lang='lat' dir='ltr'><strong>maxime</strong></span> <span class='ocrx_word' id='word_1_421' title='bbox 868 4886 938 4946; x_wconf 85' lang='lat' dir='ltr'><strong>ad</strong></span> <span class='ocrx_word' id='word_1_422' title='bbox 987 4904 1321 4947; x_wconf 86' lang='lat' dir='ltr'><strong>sermonem</strong></span> <span class='ocrx_word' id='word_1_423' title='bbox 1360 4888 1906 4965; x_wconf 88' lang='lat' dir='ltr'><strong>antiquissimorum</strong></span> <span class='ocrx_word' id='word_1_424' title='bbox 1955 4895 2262 4967; x_wconf 87' lang='lat' dir='ltr'><strong>poetarum</strong></span> <span class='ocrx_word' id='word_1_425' title='bbox 2302 4890 2785 4967; x_wconf 81' lang='lat' dir='ltr'><strong>et&#39;scriptorum‚</strong></span> <span class='ocrx_word' id='word_1_426' title='bbox 2822 4868 2987 4966; x_wconf 41' lang='lat' dir='ltr'><strong>&#39;apud</strong></span> <span class='ocrx_word' id='word_1_427' title='bbox 3035 4904 3186 4965; x_wconf 90' lang='lat' dir='ltr'><strong>quos</strong></span> 
     </span>
    </p>
   </div>
  </div>
 </body>
</html>
