3613 5528
609 389 700 454 42
754 431 775 440 c
1696 385 1895 441 VELII
1931 385 2155 440 LONGI

607 582 790 637 erant.
869 575 1164 635 Romanae
1211 581 1274 634 et
1317 570 1837 651 Heidelbergensis
1884 570 2161 634 editionis
2208 571 2437 650 copiam
2484 569 2628 630 mihi
2675 570 2818 631 fecit
2862 569 3218 632 bibliotheca

607 659 1024 761 GottingensiS.
3027 764 3031 768 ι

779 788 990 849 Postea
1026 788 1275 850 Ioannes
1315 787 1549 849 Salomo
1589 786 1955 848 Semlerus
2002 789 2064 846 in
2113 793 2393 865 corrupta
2442 784 2740 846 editorum
2787 785 3214 865 exemplarium

602 896 855 957 lectione
886 894 1277 957 ‘emendanda
1339 893 1583 956 multam
1638 911 1881 974 operam
1938 894 2307 972 consumpsit
2352 900 2414 952 et
2455 891 2742 971 plurimas
2788 890 3216 975 adnotationeS,

605 1022 749 1083 quas
796 1001 1112 1064 admodum
1162 1001 1512 1063 adulescens
1572 1003 2027 1081 conscripserat,
2074 1001 2143 1061 ad
2191 999 2436 1060 Petrum
2482 996 2846 1060 Bondamum
2893 1001 3073 1075 misit,
3118 1003 3218 1079 qui

604 1128 808 1171 earum
877 1104 1356 1170 emendationum
1428 1110 1788 1169 mentionem
1862 1108 2003 1168 fecit
2063 1125 2180 1167 var.
2241 1105 2374 1166 lect.
2435 1126 2490 1185 p.
2556 1102 2698 1165 118.
2797 1107 2956 1185 ipsae
3018 1114 3215 1167 autem

601 1215 851 1277 Semleri
908 1215 1314 1277 adnotationes
1371 1234 1490 1277 una
1545 1233 1682 1275 cum
1747 1213 1999 1294 epistula
2062 1213 2132 1273 ad
2191 1212 2583 1295 Bondamum,
2639 1220 2705 1273 ut
2763 1211 3026 1295 videtur,
3080 1212 3214 1273 data

605 1340 764 1383 nunc
821 1324 882 1382 in
930 1319 1206 1383 Leidensi
1266 1321 1620 1384 bibliotheca
1673 1324 1734 1382 in
1792 1320 1995 1380 codice
2053 1319 2438 1380 Perizoniano
2488 1319 2537 1390 Q
2584 1316 2670 1380 92
2732 1327 3058 1381 servantur.
3143 1338 3218 1380 ex

604 1447 721 1507 quo
777 1428 981 1490 codice
1021 1428 1348 1509 epistulam
1407 1428 1661 1490 Semleri
1717 1446 1854 1488 cum
1912 1446 2031 1487 non
2079 1426 2256 1487 nullis
2303 1428 2433 1487 eius
2480 1427 2842 1487 coniecturis
2888 1424 3047 1487 edidi
3091 1425 3214 1487 ind.

602 1535 737 1597 lect.
782 1534 1016 1598 HalenS.
1064 1539 1263 1597 aestiv.
1313 1555 1361 1596 a.
1416 1532 1602 1597 1877.
1688 1552 2045 1614 quamquam
2100 1528 2299 1594 aut'em
2346 1531 2651 1594 Semlerus
2710 1531 3013 1611 complura
3060 1551 3208 1612 quae

603 1650 884 1721 corrupta
930 1645 991 1703 in
1040 1641 1215 1703 editis
1260 1640 1697 1720 exemplaribus
1741 1641 2025 1719 leguntur
2060 1641 2292 1719 primus
2331 1640 2620 1720 correxit,¹
2655 1647 2851 1699 tamen
2890 1657 2962 1699 ex
3000 1657 3210 1719 magno

604 1766 853 1844 numerp
911 1752 1389 1810 coniecturarum
1442 1764 1660 1826 paucas
1716 1747 1914 1807 inveni
1969 1764 2119 1826 quae
2176 1745 2386 1824 dignae
2434 1763 2566 1806 esse
2613 1747 2895 1806 memoria
2945 1746 3210 1806 videren-

604 1863 721 1916 tur.
781 1857 999 1934 optime
1038 1874 1180 1916 vero
1219 1856 1483 1915 omnium
1520 1853 1593 1914 de
1633 1852 2043 1914 emendatione
2081 1851 2219 1913 libri
2255 1855 2475 1913 meruit
2504 1850 2562 1912 C.
2593 1851 2655 1912 L.
2696 1848 3213 1932 Schneiderus',

605 1964 705 2041 qui
764 1965 825 2022 in
885 1964 1261 2042 grammatica
1323 1961 1555 2041 linguae
1614 1959 1828 2020 latinae
1891 1959 2107 2021 multos
2173 1959 2350 2021 huius
2399 1961 2772 2039 ‚grammatici
2831 1960 2994 2021 locos
3054 1979 3086 2020 a
3145 1979 3209 2021 se

605 2068 946 2130 emendatos
995 2067 1278 2129 exhibuit.

780 2175 921 2237 Mihi
977 2178 1038 2236 in
1095 2194 1243 2236 nova
1299 2173 1557 2236 editione
1616 2174 1687 2235 ad
1735 2174 2164 2236 restituendam
2212 2174 2570 2252 scripturam
2615 2172 2837 2233 codicis
2882 2173 3209 2256 BobiensiS,

603 2302 720 2362 quo
768 2286 960 2343 omnis
1006 2284 1184 2344 huius
1229 2281 1367 2342 libri
1412 2283 1695 2342 memoria
1733 2283 2091 2363 continetur,
2138 2281 2323 2341 codex
2360 2279 2676 2361 Parrhasii,
2723 2282 2824 2359 qui
2862 2299 3021 2341 nunc
3059 2280 3206 2341 Nea-

601 2389 897 2469 politanus
935 2388 1009 2448 1v
1046 2391 1093 2449 A
1138 2387 1213 2450 11
1257 2396 1365 2469 est,
1402 2397 1641 2468 paratus
1678 2396 1823 2449 erat.
1899 2407 2015 2468 quo
2054 2386 2314 2448 adhibito
2353 2387 2553 2469 multa,
2590 2405 2739 2466 quae
2788 2387 2923 2447 inde
2971 2406 3000 2447 a
3048 2391 3209 2467 prin·

602 2496 733 2575 cipe
796 2495 1051 2573 editione
1114 2502 1393 2574 corrupta
1456 2496 1834 2577 serebantur,
1893 2499 2142 2556 correxi.
2229 2493 2489 2556 restabat
2549 2504 2745 2555 tamen
2807 2513 3012 2573 magna
3071 2512 3210 2574 pars

607 2603 902 2683 vitiorum,
949 2620 1117 2684 quae,
1164 2603 1441 2681 quoniam
1488 2621 1559 2660 ex
1598 2600 1875 2663 Bobiensi
1922 2602 2125 2664 codice
2174 2603 2243 2664 ad
2291 2600 2692 2682 apographum
2730 2603 3027 2663 Parrhasii
3073 2620 3208 2681 pro-

599 2716 808 2789 pagata
866 2718 1032 2785 sunt,
1088 2710 1429 2771 coniectura
1487 2707 1739 2770 tollenda
1796 2717 1982 2771 erant.
2064 2711 2124 2770 in
2181 2727 2299 2789 quo
2357 2727 2492 2771 cum
2555 2712 2679 2771 veri
2725 2711 2985 2771 inventio
3033 2727 3207 2789 saepe

604 2815 771 2877 valde
811 2817 1092 2897 impedita
1130 2825 1305 2890 esset,
1343 2818 1473 2877 fieri
1510 2836 1629 2878 non
1664 2820 1860 2896 potuit
1896 2819 2039 2897 quin
2068 2817 2251 2878 multa
2279 2819 2456 2878 etiam
2494 2835 2643 2896 quae
2681 2818 2946 2896 quamvis
2983 2819 3211 2877 incerta

601 2925 943 2984 coniectura
992 2923 1081 2984 vel
1126 2942 1158 2983 a
1206 2940 1300 2983 me
1347 2923 1438 2984 vel
1484 2922 1557 2984 ab
1604 2924 1733 2985 aliis
1790 2926 2026 2986 inventa
2074 2932 2243 2986 erant
2290 2927 2730 3005 reciperentur,
2787 2933 2855 2985 ut
2900 2933 3032 3004 apta
3081 2941 3208 2984 ver-

604 3027 817 3090 borum
878 3033 1171 3091 sententia
1230 3031 1587 3092 efficeretur.
1698 3034 1898 3110 itaque
1960 3039 2027 3092 ut
2085 3039 2423 3111 appareret,
2497 3049 2646 3109 quae
2712 3038 2871 3091 esset
2935 3037 3209 3110 receptae

600 3135 872 3198 lectionis
919 3139 1240 3200 auctoritas
1288 3137 1377 3198 vel
1425 3156 1456 3197 a
1504 3156 1621 3215 quo
1670 3137 2052 3199 fundamento
2099 3136 2326 3216 reliqua
2372 3135 2511 3197 libri
2561 3136 2892 3197 emendatio
2940 3137 3210 3198 ducenda

602 3251 793 3324 esset,
848 3253 1049 3323 aptum
1105 3263 1237 3304 esse
1294 3246 1485 3305 visum
1542 3252 1633 3304 est
1690 3247 2047 3324 scripturam
2091 3243 2466 3304 Parrhasiani
2524 3242 2745 3304 codicis
2802 3252 3128 3324 separatam
3178 3263 3210 3303 a

598 3349 826 3429 reliqua
864 3350 1238 3411 adnotatione
1276 3368 1516 3430 ponere.
1591 3350 1786 3429 siquid
1834 3353 1897 3411 in
1943 3353 2132 3430 prima
2178 3351 2400 3412 codicis
2447 3352 2743 3430 scriptura
2788 3370 2819 3410 a
2868 3358 3209 3412 correctore
3290 3386 3300 3394 ·

598 3463 890 3516 mutatum
948 3455 1037 3515 vel
1092 3455 1357 3516 additum
1413 3463 1566 3536 erat,
1625 3456 1865 3517 lectioni
1920 3457 2140 3518 codicis
2197 3459 2477 3518 maiorem
2533 3456 2791 3518 litteram
2846 3459 2895 3516 C
2936 3459 3210 3538 apposui3

603 3579 670 3621 ea
709 3579 858 3640 quae
908 3563 1236 3622 correctori
1281 3559 1574 3622 debentur
1621 3564 1851 3624 minore
1898 3563 2094 3625 littera
2141 3582 2176 3625 c
2222 3564 2516 3644 adscripta
2564 3563 2831 3624 indicavi.
2903 3565 2966 3623 in
3003 3565 3208 3643 paucis

603 3685 752 3745 quae
820 3671 993 3729 tertia
1056 3687 1233 3730 manu
1298 3671 1358 3728 in
1422 3670 1593 3730 initio
1658 3670 1881 3731 codicis
1955 3679 2222 3732 correcta
2298 3690 2429 3732 esse
2502 3671 2785 3731 dicuntur
2859 3672 3208 3731 asteriscum

602 3776 868 3856 apposui,
902 3773 1005 3835 c*.
1074 3777 1135 3835 in
1165 3774 1347 3836 altera
1387 3776 1779 3839 adnotationis
1811 3790 1978 3859 parte
2022 3778 2338 3840 lectionem
2380 3779 2669 3858 principis
2704 3778 2979 3838 editionis
3017 3779 3212 3856 posui,-

602 3888 671 3941 ut
713 3888 773 3941 et
820 3881 961 3959 quid
1007 3879 1219 3941 Vrsino
1276 3885 1336 3942 in
1394 3885 1802 3946 emendatione
1863 3886 2178 3948 verborum
2237 3885 2620 3947 tribuendum
2677 3891 2838 3944 esset
2882 3891 3210 3964 appareret,

601 3995 662 4047 et
708 4005 823 4066 qua
870 3986 1120 4048 lectione
1167 3990 1210 4049 ii
1257 3991 1359 4068 qui
1403 4000 1608 4070 postea
1656 3992 1745 4053 vel
1793 3991 1970 4053 verba
2007 3994 2373 4072 grammatici
2410 3994 2742 4052 citaverunt
2778 3990 2871 4052 vel
2909 3993 2969 4064 in
3009 4009 3208 4051 emen-

602 4092 793 4154 danda
830 4091 1082 4155 lectione
1121 4113 1360 4174 operam
1401 4096 1841 4160 collocaverunt
1885 4101 1979 4159 usi
2027 4106 2227 4160 essent
2273 4100 2732 4179 perspiceretur.
2817 4117 3000 4176 quare
3047 4100 3209 4177 prin·

604 4202 754 4281 cipis
819 4218 1056 4279 quoque
1122 4201 1397 4264 editionis
1458 4204 1915 4284 discrepantiam
1977 4208 2239 4285 exceptis
2295 4204 2537 4285 quidem
2595 4205 2909 4266 levissimis
2966 4203 3209 4283 quibus-

602 4308 735 4369 dam
783 4306 992 4389 rebuS,
1048 4309 1109 4368 in
1166 4308 1382 4388 quibus
1436 4309 1749 4372 lectionem
1806 4330 1983 4372 manu
2042 4313 2251 4391 scripti
2305 4311 2441 4373 libri
2497 4330 2804 4372 revocasse
2862 4310 3211 4391 sufficiebat,

568 4415 762 4476 ”velut
816 4416 887 4474 iis
943 4433 1093 4493 quae
1150 4416 1448 4477 interdum
1495 4420 1555 4478 in
1604 4416 1986 4479 collocatione
2033 4417 2349 4481 verborum
2397 4425 2617 4479 mutata
2672 4426 2867 4499 erant,
2921 4419 3212 4497 integram

504 4558 509 4563 ·
601 4522 869 4584 indicavi.
953 4524 1158 4602 paucis
1218 4522 1392 4605 lociS,
1451 4525 1512 4584 in
1572 4522 1789 4603 quibus
1850 4543 1970 4585 non
2030 4525 2236 4586 inutile
2297 4544 2428 4587 esse
2455 4525 2794 4593 ,videbatur
2849 4526 3004 4585 scire
3068 4523 3210 4603 quid

600 4628 848 4691 Vrsinus
902 4632 963 4690 in
1021 4629 1224 4691 codice
1281 4633 1567 4710 scriptum
1625 4632 1974 4713 invenisset,
2034 4632 2214 4694 huius
2278 4650 2516 4712 quoque
2576 4635 2934 4713 scripturam
2995 4630 3210 4692 addidi.

602 4737 836 4815 saepius
876 4755 944 4796 ex
976 4736 1162 4797 altero
1191 4735 1469 4797 Vaticano
1518 4736 1720 4797 codice
1769 4737 2212 4800 emendationes
2250 4741 2609 4800 correctoris
2646 4739 2948 4818 adscripsi.
3005 4719 3208 4817 uuam-

606 4859 781 4920 quam
830 4860 904 4902 ex
941 4841 1034 4902 his
1074 4860 1310 4920 quoque
1351 4842 1566 4903 multae
1604 4860 1739 4903 cum
1777 4846 2045 4925 principe
2087 4845 2343 4906 editione
2382 4848 2779 4927 consentiunt,
2825 4864 3019 4925 neque
3058 4863 3210 4924 opus
