<?xml version="1.0" encoding="UTF-8"?>
<!DOCTYPE html PUBLIC "-//W3C//DTD XHTML 1.0 Transitional//EN"
    "http://www.w3.org/TR/xhtml1/DTD/xhtml1-transitional.dtd">
<html xmlns="http://www.w3.org/1999/xhtml" xml:lang="en" lang="en">
 <head>
  <title>
</title>
<meta http-equiv="Content-Type" content="text/html;charset=utf-8" />
  <meta name='ocr-system' content='tesseract 3.04.00' />
  <meta name='ocr-capabilities' content='ocr_page ocr_carea ocr_par ocr_line ocrx_word'/>
</head>
<body>
  <div class='ocr_page' id='page_1' title='image "./grammaticilatin09keilgoog_0139.png"; bbox 0 0 3613 5528; ppageno 0'>
   <div class='ocr_carea' id='block_1_1' title="bbox 408 1654 3131 4837">
    <p class='ocr_par' dir='ltr' id='par_1_1' title="bbox 440 1654 3131 2275">
     <span class='ocr_line' id='line_1_1' title="bbox 614 1654 3046 1740; baseline -0.002 -19"><span class='ocrx_word' id='word_1_1' title='bbox 614 1659 970 1722; x_wconf 86' lang='lat' dir='ltr'><em>Cassiodorii</em></span> <span class='ocrx_word' id='word_1_2' title='bbox 1027 1668 1306 1740; x_wconf 86' lang='lat' dir='ltr'><em>excerpta</em></span> <span class='ocrx_word' id='word_1_3' title='bbox 1363 1658 1435 1721; x_wconf 90' lang='lat' dir='ltr'><em>de</em></span> <span class='ocrx_word' id='word_1_4' title='bbox 1491 1657 1908 1739; x_wconf 74' lang='lat' dir='ltr'><strong>orthographia</strong></span> <span class='ocrx_word' id='word_1_5' title='bbox 1967 1676 2081 1719; x_wconf 86' lang='lat' dir='ltr'><em>una</em></span> <span class='ocrx_word' id='word_1_6' title='bbox 2129 1676 2264 1719; x_wconf 92' lang='lat' dir='ltr'><em>cum</em></span> <span class='ocrx_word' id='word_1_7' title='bbox 2314 1657 2538 1719; x_wconf 89' lang='lat' dir='ltr'><em>Scauro</em></span> <span class='ocrx_word' id='word_1_8' title='bbox 2586 1665 2647 1718; x_wconf 91' lang='lat' dir='ltr'><em>et</em></span> <span class='ocrx_word' id='word_1_9' title='bbox 2694 1655 2913 1739; x_wconf 86' lang='lat' dir='ltr'><em>Capro,</em></span> <span class='ocrx_word' id='word_1_10' title='bbox 2973 1654 3046 1716; x_wconf 91' lang='lat' dir='ltr'><em>de</em></span> 
     </span>
     <span class='ocr_line' id='line_1_2' title="bbox 440 1752 3050 1847; baseline -0.002 -21"><span class='ocrx_word' id='word_1_11' title='bbox 440 1765 656 1846; x_wconf 87' lang='lat' dir='ltr'><em>quibus</em></span> <span class='ocrx_word' id='word_1_12' title='bbox 701 1752 870 1827; x_wconf 92' lang='lat' dir='ltr'><em>antea</em></span> <span class='ocrx_word' id='word_1_13' title='bbox 917 1765 1146 1827; x_wconf 86' lang='lat' dir='ltr'><em>dictum</em></span> <span class='ocrx_word' id='word_1_14' title='bbox 1195 1774 1312 1847; x_wconf 84' lang='lat' dir='ltr'><em>est,</em></span> <span class='ocrx_word' id='word_1_15' title='bbox 1366 1767 1585 1845; x_wconf 90' lang='lat' dir='ltr'><em>scripta</em></span> <span class='ocrx_word' id='word_1_16' title='bbox 1644 1775 1785 1827; x_wconf 89' lang='lat' dir='ltr'><em>sunt</em></span> <span class='ocrx_word' id='word_1_17' title='bbox 1841 1768 1904 1825; x_wconf 93' lang='lat' dir='ltr'><em>in</em></span> <span class='ocrx_word' id='word_1_18' title='bbox 1951 1763 2153 1826; x_wconf 88' lang='lat' dir='ltr'><em>codice</em></span> <span class='ocrx_word' id='word_1_19' title='bbox 2201 1764 2554 1825; x_wconf 89' lang='lat' dir='ltr'><em>Beruensi</em></span> <span class='ocrx_word' id='word_1_20' title='bbox 2602 1759 2753 1824; x_wconf 88' lang='lat'><em>330</em></span> <span class='ocrx_word' id='word_1_21' title='bbox 2799 1782 2949 1823; x_wconf 90' lang='lat' dir='ltr'><em>saec.</em></span> <span class='ocrx_word' id='word_1_22' title='bbox 2999 1761 3050 1821; x_wconf 82' lang='lat' dir='ltr'>X</span> 
     </span>
     <span class='ocr_line' id='line_1_3' title="bbox 442 1856 3048 1958; baseline -0.001 -26"><span class='ocrx_word' id='word_1_23' title='bbox 442 1872 476 1932; x_wconf 78' lang='lat' dir='ltr'><em>l.</em></span> <span class='ocrx_word' id='word_1_24' title='bbox 513 1870 793 1953; x_wconf 83' lang='lat'>1—17*‚</span> <span class='ocrx_word' id='word_1_25' title='bbox 840 1876 1057 1950; x_wconf 79' lang='lat' dir='ltr'><strong><em>incipit</em></strong></span> <span class='ocrx_word' id='word_1_26' title='bbox 1095 1876 1386 1949; x_wconf 68' lang='lat' dir='ltr'><em>proloqus</em></span> <span class='ocrx_word' id='word_1_27' title='bbox 1431 1856 1782 1933; x_wconf 66' lang='lat' dir='ltr'><em>Cassiod’ori</em></span> <span class='ocrx_word' id='word_1_28' title='bbox 1826 1873 2144 1934; x_wconf 82' lang='lat' dir='ltr'><em>Senatoris</em></span> <span class='ocrx_word' id='word_1_29' title='bbox 2187 1890 2374 1958; x_wconf 81' lang='lat' dir='ltr'><em>super</em></span> <span class='ocrx_word' id='word_1_30' title='bbox 2420 1872 2924 1947; x_wconf 73' lang='lat' dir='ltr'><em>orthoqraphiam</em></span> <span class='ocrx_word' id='word_1_31' title='bbox 2971 1872 3048 1930; x_wconf 82' lang='lat' dir='ltr'><em>ab</em></span> 
     </span>
     <span class='ocr_line' id='line_1_4' title="bbox 440 1977 3049 2060; baseline -0 -23"><span class='ocrx_word' id='word_1_32' title='bbox 440 1983 566 2055; x_wconf 88' lang='lat' dir='ltr'><em>ipso</em></span> <span class='ocrx_word' id='word_1_33' title='bbox 613 1998 693 2040; x_wconf 76' lang='lat' dir='ltr'><em>ex</em></span> <span class='ocrx_word' id='word_1_34' title='bbox 737 1983 1003 2055; x_wconf 76' lang='lat' dir='ltr'><em>antiquis</em></span> <span class='ocrx_word' id='word_1_35' title='bbox 1050 1984 1361 2041; x_wconf 81' lang='lat' dir='ltr'><em>collectam</em></span> <span class='ocrx_word' id='word_1_36' title='bbox 1418 1981 1561 2039; x_wconf 90' lang='lat' dir='ltr'><em>Cum</em></span> <span class='ocrx_word' id='word_1_37' title='bbox 1614 1983 1773 2040; x_wconf 83' lang='lat' dir='ltr'><em>inter</em></span> <span class='ocrx_word' id='word_1_38' title='bbox 1820 1998 1928 2040; x_wconf 86' lang='lat' dir='ltr'><em>nos</em></span> <span class='ocrx_word' id='word_1_39' title='bbox 1974 1984 2100 2059; x_wconf 79' lang='lat' dir='ltr'><em>sqq.</em></span> <span class='ocrx_word' id='word_1_40' title='bbox 2155 1986 2392 2060; x_wconf 89' lang='lat' dir='ltr'><em>praeter</em></span> <span class='ocrx_word' id='word_1_41' title='bbox 2447 1977 2606 2039; x_wconf 90' lang='lat' dir='ltr'><em>hunc</em></span> <span class='ocrx_word' id='word_1_42' title='bbox 2663 1986 2786 2038; x_wconf 91' lang='lat' dir='ltr'><em>tres</em></span> <span class='ocrx_word' id='word_1_43' title='bbox 2844 1995 3049 2057; x_wconf 90' lang='lat' dir='ltr'><em>super-</em></span> 
     </span>
     <span class='ocr_line' id='line_1_5' title="bbox 440 2079 3131 2167; baseline -0 -22"><span class='ocrx_word' id='word_1_44' title='bbox 440 2095 579 2147; x_wconf 83' lang='lat' dir='ltr'><strong>sunt</strong></span> <span class='ocrx_word' id='word_1_45' title='bbox 633 2085 768 2147; x_wconf 82' lang='lat' dir='ltr'>libri</span> <span class='ocrx_word' id='word_1_46' title='bbox 825 2084 1030 2147; x_wconf 90' lang='lat' dir='ltr'><em>eadem</em></span> <span class='ocrx_word' id='word_1_47' title='bbox 1086 2086 1211 2147; x_wconf 80' lang='lat' dir='ltr'><em>fere</em></span> <span class='ocrx_word' id='word_1_48' title='bbox 1269 2095 1460 2149; x_wconf 89' lang='lat' dir='ltr'><em>aetate</em></span> <span class='ocrx_word' id='word_1_49' title='bbox 1517 2088 1751 2167; x_wconf 85' lang='lat' dir='ltr'><em>scripti,</em></span> <span class='ocrx_word' id='word_1_50' title='bbox 1806 2086 2127 2147; x_wconf 88' lang='lat' dir='ltr'><em>Beruensis</em></span> <span class='ocrx_word' id='word_1_51' title='bbox 2182 2083 2340 2167; x_wconf 83' lang='lat'><strong>243,</strong></span> <span class='ocrx_word' id='word_1_52' title='bbox 2395 2083 2801 2145; x_wconf 90' lang='lat' dir='ltr'><em>Bruxellensis</em></span> <span class='ocrx_word' id='word_1_53' title='bbox 2856 2079 3053 2164; x_wconf 87' lang='lat'><strong>9581,</strong></span> <span class='ocrx_word' id='word_1_54' title='bbox 3123 2116 3131 2123; x_wconf 91' lang='lat'><strong>·</strong></span> 
     </span>
     <span class='ocr_line' id='line_1_6' title="bbox 441 2187 3049 2275; baseline -0 -24"><span class='ocrx_word' id='word_1_55' title='bbox 441 2191 809 2253; x_wconf 84' lang='lat' dir='ltr'><em>Coloniensis</em></span> <span class='ocrx_word' id='word_1_56' title='bbox 855 2189 969 2275; x_wconf 87' lang='lat'><em>83,</em></span> <span class='ocrx_word' id='word_1_57' title='bbox 1016 2201 1075 2253; x_wconf 88' lang='lat' dir='ltr'><em>et</em></span> <span class='ocrx_word' id='word_1_58' title='bbox 1122 2202 1371 2272; x_wconf 90' lang='lat' dir='ltr'><em>quartus</em></span> <span class='ocrx_word' id='word_1_59' title='bbox 1417 2195 1519 2272; x_wconf 88' lang='lat' dir='ltr'><em>qui</em></span> <span class='ocrx_word' id='word_1_60' title='bbox 1566 2192 1660 2253; x_wconf 81' lang='lat' dir='ltr'><em>his</em></span> <span class='ocrx_word' id='word_1_61' title='bbox 1705 2192 2005 2272; x_wconf 89' lang='lat' dir='ltr'><em>aliquanto</em></span> <span class='ocrx_word' id='word_1_62' title='bbox 2051 2195 2348 2254; x_wconf 86' lang='lat' dir='ltr'><em>recentior</em></span> <span class='ocrx_word' id='word_1_63' title='bbox 2385 2200 2478 2252; x_wconf 89' lang='lat' dir='ltr'><em>est</em></span> <span class='ocrx_word' id='word_1_64' title='bbox 2511 2191 2819 2252; x_wconf 81' lang='lat' dir='ltr'>Parisinus</span> <span class='ocrx_word' id='word_1_65' title='bbox 2860 2187 3049 2251; x_wconf 79' lang='lat'><strong>7495.</strong></span> 
     </span>
    </p>

    <p class='ocr_par' dir='ltr' id='par_1_2' title="bbox 440 2295 3060 2914">
     <span class='ocr_line' id='line_1_7' title="bbox 616 2295 3052 2377; baseline -0.001 -18"><span class='ocrx_word' id='word_1_66' title='bbox 616 2299 682 2359; x_wconf 87' lang='lat' dir='ltr'><em>ln</em></span> <span class='ocrx_word' id='word_1_67' title='bbox 730 2298 933 2359; x_wconf 90' lang='lat' dir='ltr'><em>codice</em></span> <span class='ocrx_word' id='word_1_68' title='bbox 982 2298 1333 2359; x_wconf 89' lang='lat' dir='ltr'><em>Beruensi</em></span> <span class='ocrx_word' id='word_1_69' title='bbox 1380 2295 1527 2359; x_wconf 83' lang='lat'><em>243</em></span> <span class='ocrx_word' id='word_1_70' title='bbox 1575 2317 1727 2360; x_wconf 90' lang='lat' dir='ltr'><em>saec.</em></span> <span class='ocrx_word' id='word_1_71' title='bbox 1765 2298 1818 2358; x_wconf 85' lang='lat' dir='ltr'>X</span> <span class='ocrx_word' id='word_1_72' title='bbox 1864 2299 2016 2361; x_wconf 90' lang='lat' dir='ltr'><em>liber</em></span> <span class='ocrx_word' id='word_1_73' title='bbox 2055 2299 2411 2361; x_wconf 90' lang='lat' dir='ltr'><em>Cassiodorii</em></span> <span class='ocrx_word' id='word_1_74' title='bbox 2459 2298 2662 2360; x_wconf 89' lang='lat' dir='ltr'><em>ultima</em></span> <span class='ocrx_word' id='word_1_75' title='bbox 2708 2299 2842 2359; x_wconf 90' lang='lat' dir='ltr'><em>eius</em></span> <span class='ocrx_word' id='word_1_76' title='bbox 2885 2305 3052 2377; x_wconf 90' lang='lat' dir='ltr'><em>parte</em></span> 
     </span>
     <span class='ocr_line' id='line_1_8' title="bbox 441 2390 3055 2488; baseline -0.002 -21"><span class='ocrx_word' id='word_1_77' title='bbox 441 2408 653 2467; x_wconf 87' lang='lat' dir='ltr'><em>amissa</em></span> <span class='ocrx_word' id='word_1_78' title='bbox 718 2407 977 2485; x_wconf 89' lang='lat' dir='ltr'><em>scriptus</em></span> <span class='ocrx_word' id='word_1_79' title='bbox 1046 2413 1138 2465; x_wconf 90' lang='lat' dir='ltr'><em>est</em></span> <span class='ocrx_word' id='word_1_80' title='bbox 1201 2390 1241 2465; x_wconf 78' lang='lat' dir='ltr'><em>f&#39;.</em></span> <span class='ocrx_word' id='word_1_81' title='bbox 1294 2401 1464 2465; x_wconf 90' lang='grc'><em>10-</em></span> <span class='ocrx_word' id='word_1_82' title='bbox 1493 2402 1570 2466; x_wconf 88' lang='lat'><em>19</em></span> <span class='ocrx_word' id='word_1_83' title='bbox 1584 2403 1643 2488; x_wconf 75' lang='lat'><em>²¹¹,</em></span> <span class='ocrx_word' id='word_1_84' title='bbox 1712 2409 1929 2482; x_wconf 81' lang='lat' dir='ltr'><em>incipit</em></span> <span class='ocrx_word' id='word_1_85' title='bbox 1985 2409 2277 2483; x_wconf 75' lang='lat' dir='ltr'><em>proloqus</em></span> <span class='ocrx_word' id='word_1_86' title='bbox 2339 2407 2689 2467; x_wconf 82' lang='lat' dir='ltr'><em>Cassiodori</em></span> <span class='ocrx_word' id='word_1_87' title='bbox 2741 2406 3055 2465; x_wconf 79' lang='lat' dir='ltr'><em>Senatoris</em></span> 
     </span>
     <span class='ocr_line' id='line_1_9' title="bbox 440 2508 3060 2592; baseline -0.001 -19"><span class='ocrx_word' id='word_1_88' title='bbox 440 2532 623 2589; x_wconf 84' lang='lat' dir='ltr'><em>super</em></span> <span class='ocrx_word' id='word_1_89' title='bbox 667 2522 896 2587; x_wconf 70' lang='lat' dir='ltr'><em>ortoyr.</em></span> <span class='ocrx_word' id='word_1_90' title='bbox 952 2513 1097 2571; x_wconf 84' lang='lat' dir='ltr'><em>Cum</em></span> <span class='ocrx_word' id='word_1_91' title='bbox 1159 2515 1319 2572; x_wconf 83' lang='lat' dir='ltr'><em>inter</em></span> <span class='ocrx_word' id='word_1_92' title='bbox 1365 2531 1474 2572; x_wconf 90' lang='lat' dir='ltr'><em>nos</em></span> <span class='ocrx_word' id='word_1_93' title='bbox 1524 2545 1599 2555; x_wconf 92' lang='lat'>—</span> <span class='ocrx_word' id='word_1_94' title='bbox 1651 2531 1706 2592; x_wconf 90' lang='lat' dir='ltr'><em>p.</em></span> <span class='ocrx_word' id='word_1_95' title='bbox 1753 2508 1929 2574; x_wconf 83' lang='lat'>2318</span> <span class='ocrx_word' id='word_1_96' title='bbox 1986 2533 2067 2573; x_wconf 78' lang='lat' dir='ltr'><em>ex</em></span> <span class='ocrx_word' id='word_1_97' title='bbox 2114 2515 2438 2575; x_wconf 84' lang='lat' dir='ltr'><em>Prisciano</em></span> <span class='ocrx_word' id='word_1_98' title='bbox 2488 2514 2894 2589; x_wconf 57' lang='lat' dir='ltr'><em>,qrammatico</em></span> <span class='ocrx_word' id='word_1_99' title='bbox 2950 2512 3060 2586; x_wconf 85' lang='lat' dir='ltr'><em>qui</em></span> 
     </span>
     <span class='ocr_line' id='line_1_10' title="bbox 442 2618 3054 2702; baseline -0.001 -22"><span class='ocrx_word' id='word_1_100' title='bbox 442 2628 645 2681; x_wconf 80' lang='lat' dir='ltr'><em>nostro</em></span> <span class='ocrx_word' id='word_1_101' title='bbox 718 2628 984 2696; x_wconf 84' lang='lat' dir='ltr'><em>tempore</em></span> <span class='ocrx_word' id='word_1_102' title='bbox 1051 2619 1578 2695; x_wconf 79' lang='lat' dir='ltr'><em>Constantinopoli.</em></span> <span class='ocrx_word' id='word_1_103' title='bbox 1668 2619 1779 2680; x_wconf 80' lang='lat' dir='ltr'><em>fuit</em></span> <span class='ocrx_word' id='word_1_104' title='bbox 1848 2619 1988 2680; x_wconf 91' lang='lat' dir='ltr'><em>olim</em></span> <span class='ocrx_word' id='word_1_105' title='bbox 2048 2618 2210 2680; x_wconf 87' lang='lat' dir='ltr'><em>Petri</em></span> <span class='ocrx_word' id='word_1_106' title='bbox 2274 2618 2568 2702; x_wconf 68' lang='lat' dir='ltr'><em>Danielis»,</em></span> <span class='ocrx_word' id='word_1_107' title='bbox 2634 2620 2808 2680; x_wconf 86' lang='lat' dir='ltr'><em>cuius</em></span> <span class='ocrx_word' id='word_1_108' title='bbox 2878 2635 3054 2678; x_wconf 88' lang='lat' dir='ltr'><em>manu</em></span> 
     </span>
     <span class='ocr_line' id='line_1_11' title="bbox 443 2723 3056 2807; baseline -0.001 -20"><span class='ocrx_word' id='word_1_109' title='bbox 443 2725 728 2807; x_wconf 82' lang='lat' dir='ltr'><strong>quaedam</strong></span> <span class='ocrx_word' id='word_1_110' title='bbox 766 2728 826 2787; x_wconf 93' lang='lat' dir='ltr'><em>in</em></span> <span class='ocrx_word' id='word_1_111' title='bbox 865 2734 1129 2788; x_wconf 90' lang='lat' dir='ltr'><em>extrema</em></span> <span class='ocrx_word' id='word_1_112' title='bbox 1167 2724 1389 2788; x_wconf 92' lang='lat' dir='ltr'><em>codicis</em></span> <span class='ocrx_word' id='word_1_113' title='bbox 1430 2728 1639 2806; x_wconf 83' lang='lat' dir='ltr'><em>pagina</em></span> <span class='ocrx_word' id='word_1_114' title='bbox 1679 2728 1899 2806; x_wconf 90' lang='lat' dir='ltr'><em>scripta</em></span> <span class='ocrx_word' id='word_1_115' title='bbox 1940 2735 2107 2788; x_wconf 90' lang='lat' dir='ltr'><em>sunt:</em></span> <span class='ocrx_word' id='word_1_116' title='bbox 2154 2726 2228 2787; x_wconf 81' lang='lat' dir='ltr'><em>ct&#39;.</em></span> <span class='ocrx_word' id='word_1_117' title='bbox 2267 2724 2470 2807; x_wconf 80' lang='lat' dir='ltr'><strong>Hagen</strong></span> <span class='ocrx_word' id='word_1_118' title='bbox 2508 2724 2676 2788; x_wconf 90' lang='lat' dir='ltr'><em>catal.</em></span> <span class='ocrx_word' id='word_1_119' title='bbox 2715 2724 2843 2786; x_wconf 91' lang='lat' dir='ltr'><em>cod.</em></span> <span class='ocrx_word' id='word_1_120' title='bbox 2880 2723 3056 2786; x_wconf 88' lang='lat' dir='ltr'><em>Bern.</em></span> 
     </span>
     <span class='ocr_line' id='line_1_12' title="bbox 446 2829 1625 2914; baseline -0.003 -20"><span class='ocrx_word' id='word_1_121' title='bbox 446 2853 500 2913; x_wconf 87' lang='lat' dir='ltr'><em>p.</em></span> <span class='ocrx_word' id='word_1_122' title='bbox 547 2829 705 2914; x_wconf 85' lang='lat'><strong>283,</strong></span> <span class='ocrx_word' id='word_1_123' title='bbox 752 2832 956 2893; x_wconf 82' lang='lat' dir='ltr'><strong>anecd.</strong></span> <span class='ocrx_word' id='word_1_124' title='bbox 1004 2830 1229 2894; x_wconf 83' lang='lat' dir='ltr'><em>Helvet.</em></span> <span class='ocrx_word' id='word_1_125' title='bbox 1275 2850 1331 2912; x_wconf 91' lang='lat' dir='ltr'><em>p.</em></span> <span class='ocrx_word' id='word_1_126' title='bbox 1379 2829 1625 2892; x_wconf 84' lang='lat' dir='ltr'><strong>CXLIX.</strong></span> 
     </span>
    </p>

    <p class='ocr_par' dir='ltr' id='par_1_3' title="bbox 444 2937 3058 3552">
     <span class='ocr_line' id='line_1_13' title="bbox 623 2937 3056 3020; baseline -0.001 -20"><span class='ocrx_word' id='word_1_127' title='bbox 623 2939 900 3000; x_wconf 88' lang='lat' dir='ltr'><em>Codicem</em></span> <span class='ocrx_word' id='word_1_128' title='bbox 938 2938 1516 3019; x_wconf 79' lang='lat' dir='ltr'><strong>Bruxellensem,</strong></span> <span class='ocrx_word' id='word_1_129' title='bbox 1563 2956 1741 3018; x_wconf 88' lang='lat' dir='ltr'><em>quem</em></span> <span class='ocrx_word' id='word_1_130' title='bbox 1779 2940 1906 3018; x_wconf 91' lang='lat' dir='ltr'><em>ipse</em></span> <span class='ocrx_word' id='word_1_131' title='bbox 1948 2957 2063 2999; x_wconf 91' lang='lat' dir='ltr'><em>uon</em></span> <span class='ocrx_word' id='word_1_132' title='bbox 2103 2939 2247 3020; x_wconf 87' lang='lat' dir='ltr'><em>vidi,</em></span> <span class='ocrx_word' id='word_1_133' title='bbox 2286 2939 2391 3000; x_wconf 89' lang='lat' dir='ltr'><em>sed</em></span> <span class='ocrx_word' id='word_1_134' title='bbox 2429 2958 2461 3000; x_wconf 97' lang='lat' dir='ltr'><em>a</em></span> <span class='ocrx_word' id='word_1_135' title='bbox 2499 2938 2804 3000; x_wconf 87' lang='lat' dir='ltr'><em>Friderico</em></span> <span class='ocrx_word' id='word_1_136' title='bbox 2842 2937 3056 2999; x_wconf 84' lang='lat' dir='ltr'><em>Haasio</em></span> 
     </span>
     <span class='ocr_line' id='line_1_14' title="bbox 444 3041 3057 3125; baseline -0.001 -18"><span class='ocrx_word' id='word_1_137' title='bbox 444 3065 579 3107; x_wconf 90' lang='lat' dir='ltr'><em>cum</em></span> <span class='ocrx_word' id='word_1_138' title='bbox 619 3045 875 3107; x_wconf 76' lang='lat' dir='ltr'><em>editione</em></span> <span class='ocrx_word' id='word_1_139' title='bbox 916 3045 1246 3106; x_wconf 90' lang='lat' dir='ltr'><em>Genevensi</em></span> <span class='ocrx_word' id='word_1_140' title='bbox 1284 3063 1333 3105; x_wconf 97' lang='lat' dir='ltr'><em>a.</em></span> <span class='ocrx_word' id='word_1_141' title='bbox 1368 3041 1541 3106; x_wconf 85' lang='lat'>1650</span> <span class='ocrx_word' id='word_1_142' title='bbox 1577 3043 1858 3105; x_wconf 91' lang='lat' dir='ltr'><em>collatum</em></span> <span class='ocrx_word' id='word_1_143' title='bbox 1905 3043 2219 3125; x_wconf 88' lang='lat' dir='ltr'><strong>habebam,</strong></span> <span class='ocrx_word' id='word_1_144' title='bbox 2266 3044 2516 3108; x_wconf 81' lang='lat' dir='ltr'><em>Haasius</em></span> <span class='ocrx_word' id='word_1_145' title='bbox 2553 3047 2782 3107; x_wconf 90' lang='lat' dir='ltr'><em>decimo</em></span> <span class='ocrx_word' id='word_1_146' title='bbox 2820 3045 3057 3107; x_wconf 88' lang='lat' dir='ltr'><em>saeculo</em></span> 
     </span>
     <span class='ocr_line' id='line_1_15' title="bbox 444 3141 3053 3235; baseline -0.001 -21"><span class='ocrx_word' id='word_1_147' title='bbox 444 3152 667 3214; x_wconf 75' lang='lat' dir='ltr'><em>tribuit.</em></span> <span class='ocrx_word' id='word_1_148' title='bbox 749 3156 811 3214; x_wconf 91' lang='lat' dir='ltr'><em>in</em></span> <span class='ocrx_word' id='word_1_149' title='bbox 858 3152 1121 3233; x_wconf 84' lang='lat' dir='ltr'><em>catalogo</em></span> <span class='ocrx_word' id='word_1_150' title='bbox 1167 3151 1556 3213; x_wconf 82' lang='lat' dir='ltr'><em>bibliothecae</em></span> <span class='ocrx_word' id='word_1_151' title='bbox 1593 3141 1996 3215; x_wconf 87' lang='lat' dir='ltr'><em>Bruxellensis</em></span> <span class='ocrx_word' id='word_1_152' title='bbox 2043 3148 2378 3235; x_wconf 82' lang='lat' dir='ltr'><strong>(catalogue</strong></span> <span class='ocrx_word' id='word_1_153' title='bbox 2424 3153 2531 3213; x_wconf 88' lang='lat' dir='ltr'><em>des</em></span> <span class='ocrx_word' id='word_1_154' title='bbox 2575 3155 2933 3215; x_wconf 73' lang='lat' dir='ltr'><em>manuscrits</em></span> <span class='ocrx_word' id='word_1_155' title='bbox 2979 3151 3053 3213; x_wconf 91' lang='lat' dir='ltr'><em>de</em></span> 
     </span>
     <span class='ocr_line' id='line_1_16' title="bbox 445 3252 3055 3342; baseline -0.001 -21"><span class='ocrx_word' id='word_1_156' title='bbox 445 3261 498 3321; x_wconf 91' lang='lat' dir='ltr'><em>la</em></span> <span class='ocrx_word' id='word_1_157' title='bbox 543 3259 946 3339; x_wconf 78' lang='lat' dir='ltr'><em>bibliotheque</em></span> <span class='ocrx_word' id='word_1_158' title='bbox 993 3258 1100 3320; x_wconf 89' lang='lat' dir='ltr'><em>des</em></span> <span class='ocrx_word' id='word_1_159' title='bbox 1146 3256 1295 3320; x_wconf 87' lang='lat' dir='ltr'><em>dues</em></span> <span class='ocrx_word' id='word_1_160' title='bbox 1340 3259 1413 3320; x_wconf 91' lang='lat' dir='ltr'><em>de</em></span> <span class='ocrx_word' id='word_1_161' title='bbox 1450 3252 1833 3342; x_wconf 83' lang='lat' dir='ltr'><em>Bourgogne)</em></span> <span class='ocrx_word' id='word_1_162' title='bbox 1878 3278 1930 3321; x_wconf 81' lang='lat' dir='ltr'><em>v.</em></span> <span class='ocrx_word' id='word_1_163' title='bbox 1969 3260 1994 3320; x_wconf 89' lang='lat'>1</span> <span class='ocrx_word' id='word_1_164' title='bbox 2032 3280 2087 3341; x_wconf 94' lang='lat' dir='ltr'><em>p.</em></span> <span class='ocrx_word' id='word_1_165' title='bbox 2134 3258 2259 3322; x_wconf 89' lang='grc'><em>192</em></span> <span class='ocrx_word' id='word_1_166' title='bbox 2307 3258 2620 3322; x_wconf 88' lang='lat' dir='ltr'><em>undecimo</em></span> <span class='ocrx_word' id='word_1_167' title='bbox 2672 3258 2908 3321; x_wconf 86' lang='lat' dir='ltr'><em>saeculo</em></span> <span class='ocrx_word' id='word_1_168' title='bbox 2956 3258 3055 3319; x_wconf 91' lang='lat' dir='ltr'><em>ad-</em></span> 
     </span>
     <span class='ocr_line' id='line_1_17' title="bbox 446 3363 3058 3446; baseline 0 -19"><span class='ocrx_word' id='word_1_169' title='bbox 446 3366 745 3428; x_wconf 78' lang='lat' dir='ltr'><em>scribitur.</em></span> <span class='ocrx_word' id='word_1_170' title='bbox 811 3365 1167 3428; x_wconf 88' lang='lat' dir='ltr'><em>Cassiodorii</em></span> <span class='ocrx_word' id='word_1_171' title='bbox 1205 3364 1357 3426; x_wconf 90' lang='lat' dir='ltr'><em>liber</em></span> <span class='ocrx_word' id='word_1_172' title='bbox 1394 3366 1654 3445; x_wconf 88' lang='lat' dir='ltr'><em>scriptus</em></span> <span class='ocrx_word' id='word_1_173' title='bbox 1682 3373 1775 3426; x_wconf 90' lang='lat' dir='ltr'><em>est</em></span> <span class='ocrx_word' id='word_1_174' title='bbox 1804 3365 1842 3426; x_wconf 81' lang='lat' dir='ltr'><em>f.</em></span> <span class='ocrx_word' id='word_1_175' title='bbox 1879 3363 1908 3426; x_wconf 93' lang='lat'>1</span> <span class='ocrx_word' id='word_1_176' title='bbox 1941 3384 2089 3446; x_wconf 65' lang='lat' dir='ltr'><em>sqq„</em></span> <span class='ocrx_word' id='word_1_177' title='bbox 2130 3371 2344 3444; x_wconf 81' lang='lat' dir='ltr'><em>incipit</em></span> <span class='ocrx_word' id='word_1_178' title='bbox 2371 3363 2460 3444; x_wconf 75' lang='lat' dir='ltr'><em>pf.</em></span> <span class='ocrx_word' id='word_1_179' title='bbox 2499 3367 2846 3428; x_wconf 81' lang='lat' dir='ltr'><em>Cassiodori</em></span> <span class='ocrx_word' id='word_1_180' title='bbox 2871 3369 3058 3430; x_wconf 85' lang='lat' dir='ltr'><em>Sena·</em></span> 
     </span>
     <span class='ocr_line' id='line_1_18' title="bbox 446 3476 1328 3552; baseline 0 -19"><span class='ocrx_word' id='word_1_181' title='bbox 446 3478 596 3534; x_wconf 89' lang='lat' dir='ltr'><em>toris</em></span> <span class='ocrx_word' id='word_1_182' title='bbox 649 3476 792 3535; x_wconf 87' lang='lat' dir='ltr'><em>Cum</em></span> <span class='ocrx_word' id='word_1_183' title='bbox 839 3477 1001 3534; x_wconf 83' lang='lat' dir='ltr'><em>inler</em></span> <span class='ocrx_word' id='word_1_184' title='bbox 1045 3491 1154 3534; x_wconf 87' lang='lat' dir='ltr'><em>nos</em></span> <span class='ocrx_word' id='word_1_185' title='bbox 1200 3491 1328 3552; x_wconf 86' lang='lat' dir='ltr'><em>sqq.</em></span> 
     </span>
    </p>

    <p class='ocr_par' dir='ltr' id='par_1_4' title="bbox 447 3580 3061 4089">
     <span class='ocr_line' id='line_1_19' title="bbox 623 3580 3061 3663; baseline 0 -22"><span class='ocrx_word' id='word_1_186' title='bbox 623 3580 819 3642; x_wconf 86' lang='lat' dir='ltr'><strong>Codex</strong></span> <span class='ocrx_word' id='word_1_187' title='bbox 886 3580 1346 3642; x_wconf 90' lang='lat' dir='ltr'><em>Coloniensis</em></span> <span class='ocrx_word' id='word_1_188' title='bbox 1408 3583 1652 3643; x_wconf 91' lang='lat' dir='ltr'><em>ineunte</em></span> <span class='ocrx_word' id='word_1_189' title='bbox 1717 3581 1950 3642; x_wconf 91' lang='lat' dir='ltr'><em>decimo</em></span> <span class='ocrx_word' id='word_1_190' title='bbox 2015 3582 2280 3663; x_wconf 84' lang='lat' dir='ltr'><em>saeculo,</em></span> <span class='ocrx_word' id='word_1_191' title='bbox 2357 3590 2426 3645; x_wconf 90' lang='lat' dir='ltr'><em>ut</em></span> <span class='ocrx_word' id='word_1_192' title='bbox 2488 3582 2632 3644; x_wconf 90' lang='lat' dir='ltr'><em>mihi</em></span> <span class='ocrx_word' id='word_1_193' title='bbox 2696 3583 2887 3643; x_wconf 87' lang='lat' dir='ltr'><em>visum</em></span> <span class='ocrx_word' id='word_1_194' title='bbox 2951 3591 3061 3663; x_wconf 84' lang='lat' dir='ltr'><em>est,</em></span> 
     </span>
     <span class='ocr_line' id='line_1_20' title="bbox 447 3685 3059 3770; baseline 0 -23"><span class='ocrx_word' id='word_1_195' title='bbox 447 3689 708 3766; x_wconf 88' lang='lat' dir='ltr'><em>scriptus</em></span> <span class='ocrx_word' id='word_1_196' title='bbox 751 3697 889 3768; x_wconf 86' lang='lat' dir='ltr'><em>post</em></span> <span class='ocrx_word' id='word_1_197' title='bbox 933 3686 1165 3747; x_wconf 89' lang='lat' dir='ltr'><em>Boethii</em></span> <span class='ocrx_word' id='word_1_198' title='bbox 1212 3685 1398 3748; x_wconf 90' lang='lat' dir='ltr'><em>libros</em></span> <span class='ocrx_word' id='word_1_199' title='bbox 1444 3688 1516 3748; x_wconf 87' lang='lat' dir='ltr'><em>de</em></span> <span class='ocrx_word' id='word_1_200' title='bbox 1565 3687 1938 3750; x_wconf 88' lang='lat' dir='ltr'><em>arithmetica</em></span> <span class='ocrx_word' id='word_1_201' title='bbox 1985 3687 2347 3750; x_wconf 88' lang='lat' dir='ltr'><em>Cassiodorii</em></span> <span class='ocrx_word' id='word_1_202' title='bbox 2395 3689 2874 3770; x_wconf 86' lang='lat' dir='ltr'><em>orthographiam</em></span> <span class='ocrx_word' id='word_1_203' title='bbox 2921 3708 3059 3749; x_wconf 89' lang='lat' dir='ltr'><em>cou-</em></span> 
     </span>
     <span class='ocr_line' id='line_1_21' title="bbox 449 3773 3059 3879; baseline 0.001 -26"><span class='ocrx_word' id='word_1_204' title='bbox 449 3796 598 3854; x_wconf 91' lang='lat' dir='ltr'><em>tinet</em></span> <span class='ocrx_word' id='word_1_205' title='bbox 636 3794 671 3854; x_wconf 87' lang='lat' dir='ltr'><em>l&#39;.</em></span> <span class='ocrx_word' id='word_1_206' title='bbox 704 3790 1034 3874; x_wconf 81' lang='lat'>75—87*‚</span> <span class='ocrx_word' id='word_1_207' title='bbox 1075 3792 1388 3870; x_wconf 83' lang='lat' dir='ltr'><em>praefatio</em></span> <span class='ocrx_word' id='word_1_208' title='bbox 1434 3794 1756 3855; x_wconf 82' lang='lat' dir='ltr'><em>Casiodori</em></span> <span class='ocrx_word' id='word_1_209' title='bbox 1780 3795 2097 3856; x_wconf 82' lang='lat' dir='ltr'><em>Senatoris</em></span> <span class='ocrx_word' id='word_1_210' title='bbox 2142 3773 2287 3855; x_wconf 85' lang='lat' dir='ltr'><em>Cum</em></span> <span class='ocrx_word' id='word_1_211' title='bbox 2326 3798 2487 3856; x_wconf 82' lang='lat' dir='ltr'><em>inter</em></span> <span class='ocrx_word' id='word_1_212' title='bbox 2524 3813 2634 3857; x_wconf 91' lang='lat' dir='ltr'><em>nos</em></span> <span class='ocrx_word' id='word_1_213' title='bbox 2662 3813 2809 3879; x_wconf 85' lang='lat' dir='ltr'><em>sqq.‚</em></span> <span class='ocrx_word' id='word_1_214' title='bbox 2847 3795 3059 3857; x_wconf 91' lang='lat' dir='ltr'><em>deinde</em></span> 
     </span>
     <span class='ocr_line' id='line_1_22' title="bbox 448 3898 3060 3980; baseline 0.001 -21"><span class='ocrx_word' id='word_1_215' title='bbox 448 3898 658 3961; x_wconf 83' lang='lat' dir='ltr'><em>Isidori</em></span> <span class='ocrx_word' id='word_1_216' title='bbox 705 3901 1191 3961; x_wconf 91' lang='lat' dir='ltr'><em>commentarium</em></span> <span class='ocrx_word' id='word_1_217' title='bbox 1239 3899 1313 3960; x_wconf 92' lang='lat' dir='ltr'><em>de</em></span> <span class='ocrx_word' id='word_1_218' title='bbox 1360 3899 1778 3980; x_wconf 84' lang='lat' dir='ltr'><em>orthographia</em></span> <span class='ocrx_word' id='word_1_219' title='bbox 1826 3908 1888 3961; x_wconf 90' lang='lat' dir='ltr'><em>et</em></span> <span class='ocrx_word' id='word_1_220' title='bbox 1935 3900 2124 3962; x_wconf 83' lang='lat' dir='ltr'><em>Servii</em></span> <span class='ocrx_word' id='word_1_221' title='bbox 2188 3903 2639 3964; x_wconf 83' lang='lat' dir='ltr'><em>centimetrum:</em></span> <span class='ocrx_word' id='word_1_222' title='bbox 2694 3903 2768 3964; x_wconf 85' lang='lat' dir='ltr'><em>cl&#39;.</em></span> <span class='ocrx_word' id='word_1_223' title='bbox 2813 3903 2952 3964; x_wconf 76' lang='lat' dir='ltr'><em>Iall&#39;e</em></span> <span class='ocrx_word' id='word_1_224' title='bbox 3000 3911 3060 3962; x_wconf 86' lang='lat' dir='ltr'><em>et</em></span> 
     </span>
     <span class='ocr_line' id='line_1_23' title="bbox 448 4006 2465 4089; baseline 0.001 -22"><span class='ocrx_word' id='word_1_225' title='bbox 448 4007 835 4070; x_wconf 88' lang='lat' dir='ltr'><em>Wattenbach</em></span> <span class='ocrx_word' id='word_1_226' title='bbox 881 4008 1093 4070; x_wconf 91' lang='lat' dir='ltr'><em>eccles.</em></span> <span class='ocrx_word' id='word_1_227' title='bbox 1140 4007 1448 4088; x_wconf 86' lang='lat' dir='ltr'><em>metropol.</em></span> <span class='ocrx_word' id='word_1_228' title='bbox 1496 4007 1696 4069; x_wconf 89' lang='lat' dir='ltr'><em>Colon.</em></span> <span class='ocrx_word' id='word_1_229' title='bbox 1744 4007 1874 4068; x_wconf 91' lang='lat' dir='ltr'><em>cod.</em></span> <span class='ocrx_word' id='word_1_230' title='bbox 1924 4026 2217 4070; x_wconf 88' lang='lat' dir='ltr'><em>manuscr.</em></span> <span class='ocrx_word' id='word_1_231' title='bbox 2266 4028 2321 4089; x_wconf 95' lang='lat' dir='ltr'><em>p.</em></span> <span class='ocrx_word' id='word_1_232' title='bbox 2360 4006 2465 4071; x_wconf 90' lang='grc'><em>29.</em></span> 
     </span>
    </p>

    <p class='ocr_par' dir='ltr' id='par_1_5' title="bbox 408 4111 3064 4512">
     <span class='ocr_line' id='line_1_24' title="bbox 627 4111 3059 4179; baseline -0 -3"><span class='ocrx_word' id='word_1_233' title='bbox 627 4115 823 4179; x_wconf 86' lang='lat' dir='ltr'><strong>Codex</strong></span> <span class='ocrx_word' id='word_1_234' title='bbox 852 4114 1229 4176; x_wconf 87' lang='lat' dir='ltr'><em>Parisinus</em></span> <span class='ocrx_word' id='word_1_235' title='bbox 1261 4111 1433 4175; x_wconf 83' lang='lat'>7495</span> <span class='ocrx_word' id='word_1_236' title='bbox 1462 4114 1600 4174; x_wconf 91' lang='lat' dir='ltr'><em>olim</em></span> <span class='ocrx_word' id='word_1_237' title='bbox 1631 4113 1861 4175; x_wconf 86' lang='lat' dir='ltr'><em>Claudii</em></span> <span class='ocrx_word' id='word_1_238' title='bbox 1887 4114 2139 4176; x_wconf 90' lang='lat' dir='ltr'><em>Puteani</em></span> <span class='ocrx_word' id='word_1_239' title='bbox 2168 4115 2326 4178; x_wconf 90' lang='lat' dir='ltr'><em>hunc</em></span> <span class='ocrx_word' id='word_1_240' title='bbox 2364 4114 2582 4178; x_wconf 90' lang='lat' dir='ltr'><em>librum</em></span> <span class='ocrx_word' id='word_1_241' title='bbox 2616 4118 2792 4177; x_wconf 90' lang='lat' dir='ltr'><em>tertio</em></span> <span class='ocrx_word' id='word_1_242' title='bbox 2829 4115 3059 4176; x_wconf 90' lang='lat' dir='ltr'><em>decimo</em></span> 
     </span>
     <span class='ocr_line' id='line_1_25' title="bbox 452 4220 3064 4304; baseline -0.001 -21"><span class='ocrx_word' id='word_1_243' title='bbox 452 4221 716 4302; x_wconf 88' lang='lat' dir='ltr'><em>saeculo,</em></span> <span class='ocrx_word' id='word_1_244' title='bbox 765 4230 832 4283; x_wconf 89' lang='lat' dir='ltr'><em>ut</em></span> <span class='ocrx_word' id='word_1_245' title='bbox 878 4221 1020 4283; x_wconf 91' lang='lat' dir='ltr'><em>mihi</em></span> <span class='ocrx_word' id='word_1_246' title='bbox 1069 4224 1256 4283; x_wconf 77' lang='lat' dir='ltr'><em>visum</em></span> <span class='ocrx_word' id='word_1_247' title='bbox 1294 4231 1414 4304; x_wconf 83' lang='lat' dir='ltr'><em>est,</em></span> <span class='ocrx_word' id='word_1_248' title='bbox 1463 4224 1750 4303; x_wconf 90' lang='lat' dir='ltr'><em>scriptum</em></span> <span class='ocrx_word' id='word_1_249' title='bbox 1790 4220 2063 4303; x_wconf 82' lang='lat' dir='ltr'><em>praebet,</em></span> <span class='ocrx_word' id='word_1_250' title='bbox 2110 4225 2327 4299; x_wconf 87' lang='lat' dir='ltr'><em>incipit</em></span> <span class='ocrx_word' id='word_1_251' title='bbox 2355 4221 2669 4298; x_wconf 82' lang='lat' dir='ltr'><em>praefatio</em></span> <span class='ocrx_word' id='word_1_252' title='bbox 2714 4224 3064 4283; x_wconf 81' lang='lat' dir='ltr'><em>Cassiodori</em></span> 
     </span>
     <span class='ocr_line' id='line_1_26' title="bbox 408 4323 3061 4405; baseline -0.001 -17"><span class='ocrx_word' id='word_1_253' title='bbox 408 4323 414 4328; x_wconf 74' lang='grc'><strong><em>’</em></strong></span> <span class='ocrx_word' id='word_1_254' title='bbox 451 4331 766 4388; x_wconf 70' lang='lat' dir='ltr'><em>Senator-is</em></span> <span class='ocrx_word' id='word_1_255' title='bbox 819 4331 963 4390; x_wconf 88' lang='lat' dir='ltr'><em>Cum</em></span> <span class='ocrx_word' id='word_1_256' title='bbox 1021 4331 1180 4390; x_wconf 84' lang='lat' dir='ltr'><em>inter</em></span> <span class='ocrx_word' id='word_1_257' title='bbox 1233 4346 1341 4390; x_wconf 91' lang='lat' dir='ltr'><em>nos</em></span> <span class='ocrx_word' id='word_1_258' title='bbox 1389 4361 1473 4371; x_wconf 94' lang='lat'>—</span> <span class='ocrx_word' id='word_1_259' title='bbox 1530 4331 1838 4403; x_wconf 74' lang='lat' dir='ltr'><em>coniunqi.</em></span> <span class='ocrx_word' id='word_1_260' title='bbox 1914 4332 2164 4405; x_wconf 78' lang='lat' dir='ltr'><em>explicit</em></span> <span class='ocrx_word' id='word_1_261' title='bbox 2219 4330 2570 4390; x_wconf 82' lang='lat' dir='ltr'><em>Cassiodori</em></span> <span class='ocrx_word' id='word_1_262' title='bbox 2613 4330 2929 4389; x_wconf 80' lang='lat' dir='ltr'><em>Senatoris</em></span> <span class='ocrx_word' id='word_1_263' title='bbox 2985 4330 3061 4386; x_wconf 84' lang='lat' dir='ltr'><em>de</em></span> 
     </span>
     <span class='ocr_line' id='line_1_27' title="bbox 451 4417 2597 4512; baseline 0 -18"><span class='ocrx_word' id='word_1_264' title='bbox 451 4439 790 4509; x_wconf 74' lang='lat' dir='ltr'><em>ortoqrafia</em></span> <span class='ocrx_word' id='word_1_265' title='bbox 834 4437 991 4496; x_wconf 84' lang='lat' dir='ltr'><em>liber</em></span> <span class='ocrx_word' id='word_1_266' title='bbox 1037 4454 1117 4496; x_wconf 80' lang='lat' dir='ltr'><em>ex</em></span> <span class='ocrx_word' id='word_1_267' title='bbox 1164 4438 1482 4496; x_wconf 81' lang='lat' dir='ltr'><em>duodecim</em></span> <span class='ocrx_word' id='word_1_268' title='bbox 1529 4417 1849 4497; x_wconf 83' lang='lat' dir='ltr'><em>auctorum</em></span> <span class='ocrx_word' id='word_1_269' title='bbox 1897 4439 2202 4512; x_wconf 82' lang='lat' dir='ltr'><em>opusculis</em></span> <span class='ocrx_word' id='word_1_270' title='bbox 2249 4437 2597 4509; x_wconf 80' lang='lat' dir='ltr'><em>defloratus.</em></span> 
     </span>
    </p>

    <p class='ocr_par' dir='ltr' id='par_1_6' title="bbox 453 4537 3059 4837">
     <span class='ocr_line' id='line_1_28' title="bbox 633 4537 3059 4620; baseline 0 -22"><span class='ocrx_word' id='word_1_271' title='bbox 633 4538 747 4599; x_wconf 91' lang='lat' dir='ltr'><em>Sed</em></span> <span class='ocrx_word' id='word_1_272' title='bbox 796 4558 867 4600; x_wconf 87' lang='lat' dir='ltr'><em>ex</em></span> <span class='ocrx_word' id='word_1_273' title='bbox 913 4540 1007 4601; x_wconf 89' lang='lat' dir='ltr'><em>his</em></span> <span class='ocrx_word' id='word_1_274' title='bbox 1054 4539 1359 4602; x_wconf 88' lang='lat' dir='ltr'><em>codicibus</em></span> <span class='ocrx_word' id='word_1_275' title='bbox 1395 4537 1926 4620; x_wconf 75' lang='lat' dir='ltr'><em>Beruensem243</em></span> <span class='ocrx_word' id='word_1_276' title='bbox 1975 4539 2326 4620; x_wconf 88' lang='lat' dir='ltr'><em>plerumque</em></span> <span class='ocrx_word' id='word_1_277' title='bbox 2374 4558 2512 4601; x_wconf 89' lang='lat' dir='ltr'><em>cum</em></span> <span class='ocrx_word' id='word_1_278' title='bbox 2548 4538 2733 4600; x_wconf 88' lang='lat' dir='ltr'><em>altero</em></span> <span class='ocrx_word' id='word_1_279' title='bbox 2771 4537 3059 4599; x_wconf 90' lang='lat' dir='ltr'><em>Beruensi</em></span> 
     </span>
     <span class='ocr_line' id='line_1_29' title="bbox 453 4633 3058 4728; baseline 0 -23"><span class='ocrx_word' id='word_1_280' title='bbox 453 4633 924 4707; x_wconf 88' lang='lat' dir='ltr'><em>consentientem</em></span> <span class='ocrx_word' id='word_1_281' title='bbox 960 4649 1173 4707; x_wconf 88' lang='lat' dir='ltr'><em>inveni.</em></span> <span class='ocrx_word' id='word_1_282' title='bbox 1236 4645 1541 4708; x_wconf 87' lang='lat' dir='ltr'><em>Parisinus</em></span> <span class='ocrx_word' id='word_1_283' title='bbox 1578 4663 1844 4728; x_wconf 87' lang='lat' dir='ltr'><em>quoque,</em></span> <span class='ocrx_word' id='word_1_284' title='bbox 1881 4664 2237 4727; x_wconf 87' lang='lat' dir='ltr'><em>quamquam</em></span> <span class='ocrx_word' id='word_1_285' title='bbox 2275 4648 2510 4727; x_wconf 85' lang='lat' dir='ltr'><em>saepius</em></span> <span class='ocrx_word' id='word_1_286' title='bbox 2548 4663 2754 4707; x_wconf 91' lang='lat' dir='ltr'><em>errore</em></span> <span class='ocrx_word' id='word_1_287' title='bbox 2793 4643 3058 4706; x_wconf 90' lang='lat' dir='ltr'><em>librario-</em></span> 
     </span>
     <span class='ocr_line' id='line_1_30' title="bbox 456 4753 3058 4837; baseline 0.001 -26"><span class='ocrx_word' id='word_1_288' title='bbox 456 4769 590 4814; x_wconf 90' lang='lat' dir='ltr'><em>rum</em></span> <span class='ocrx_word' id='word_1_289' title='bbox 630 4760 688 4813; x_wconf 88' lang='lat' dir='ltr'><em>et</em></span> <span class='ocrx_word' id='word_1_290' title='bbox 721 4753 1175 4834; x_wconf 86' lang='lat' dir='ltr'><em>iuterpolatione</em></span> <span class='ocrx_word' id='word_1_291' title='bbox 1214 4762 1534 4834; x_wconf 85' lang='lat' dir='ltr'><em>corruptus</em></span> <span class='ocrx_word' id='word_1_292' title='bbox 1572 4764 1688 4837; x_wconf 88' lang='lat' dir='ltr'><em>est,</em></span> <span class='ocrx_word' id='word_1_293' title='bbox 1727 4763 1924 4816; x_wconf 88' lang='lat' dir='ltr'><em>tamen</em></span> <span class='ocrx_word' id='word_1_294' title='bbox 1958 4754 2205 4816; x_wconf 90' lang='lat' dir='ltr'><em>eandem</em></span> <span class='ocrx_word' id='word_1_295' title='bbox 2244 4760 2465 4814; x_wconf 90' lang='lat' dir='ltr'><em>sectam</em></span> <span class='ocrx_word' id='word_1_296' title='bbox 2499 4754 2788 4832; x_wconf 87' lang='lat' dir='ltr'><em>sequitur.</em></span> <span class='ocrx_word' id='word_1_297' title='bbox 2853 4762 3058 4814; x_wconf 89' lang='lat' dir='ltr'><em>contra</em></span> 
     </span>
    </p>
   </div>
   <div class='ocr_carea' id='block_1_2' title="bbox 456 4857 3058 5015">
    <p class='ocr_par' dir='ltr' id='par_1_7' title="bbox 456 4857 3058 5015">
     <span class='ocr_line' id='line_1_31' title="bbox 456 4857 3058 4944; baseline 0.001 -27"><span class='ocrx_word' id='word_1_298' title='bbox 456 4857 854 4922; x_wconf 78' lang='lat' dir='ltr'><em>Bruxeliensis</em></span> <span class='ocrx_word' id='word_1_299' title='bbox 900 4869 961 4921; x_wconf 92' lang='lat' dir='ltr'><em>et</em></span> <span class='ocrx_word' id='word_1_300' title='bbox 1007 4859 1404 4944; x_wconf 74' lang='lat' dir='ltr'><em>coloniensis,</em></span> <span class='ocrx_word' id='word_1_301' title='bbox 1459 4865 1562 4941; x_wconf 88' lang='lat' dir='ltr'><em>qui</em></span> <span class='ocrx_word' id='word_1_302' title='bbox 1615 4864 1772 4923; x_wconf 89' lang='lat' dir='ltr'><em>iuter</em></span> <span class='ocrx_word' id='word_1_303' title='bbox 1821 4880 1884 4923; x_wconf 89' lang='lat' dir='ltr'><em>se</em></span> <span class='ocrx_word' id='word_1_304' title='bbox 1934 4863 2012 4923; x_wconf 84' lang='lat' dir='ltr'><em>ita</em></span> <span class='ocrx_word' id='word_1_305' title='bbox 2060 4860 2282 4922; x_wconf 89' lang='lat' dir='ltr'><em>similes</em></span> <span class='ocrx_word' id='word_1_306' title='bbox 2328 4870 2497 4942; x_wconf 84' lang='lat' dir='ltr'><em>sunt,</em></span> <span class='ocrx_word' id='word_1_307' title='bbox 2552 4868 2618 4922; x_wconf 90' lang='lat' dir='ltr'><em>ut</em></span> <span class='ocrx_word' id='word_1_308' title='bbox 2669 4878 2773 4921; x_wconf 87' lang='lat' dir='ltr'><em>eos</em></span> <span class='ocrx_word' id='word_1_309' title='bbox 2820 4878 2890 4920; x_wconf 87' lang='lat' dir='ltr'><em>ex</em></span> <span class='ocrx_word' id='word_1_310' title='bbox 2938 4878 3058 4921; x_wconf 90' lang='lat' dir='ltr'><em>uuo</em></span> 
     </span>
     <span class='ocr_line' id='line_1_32' title="bbox 564 4966 2632 5015; baseline 0.003 -6"><span class='ocrx_word' id='word_1_311' title='bbox 564 4979 872 5012; x_wconf 62' lang='lat' dir='ltr'><em>omnum-101</em></span> <span class='ocrx_word' id='word_1_312' title='bbox 900 4981 1072 5011; x_wconf 59' lang='lat' dir='ltr'><em>nxrm</em></span> <span class='ocrx_word' id='word_1_313' title='bbox 1110 4981 1199 5011; x_wconf 72' lang='lat' dir='ltr'><em>vn.</em></span> <span class='ocrx_word' id='word_1_314' title='bbox 2600 4966 2632 5015; x_wconf 80' lang='grc'>9</span> 
     </span>
    </p>
   </div>
  </div>
 </body>
</html>
