3613 5528
1426 469 2007 526 ORTHOGRAPHIA
2890 466 3019 532 307

395 590 457 630 ‚1³-
485 577 698 618 2841—43
726 575 776 614 P.

413 661 840 740 Praegnantem
882 677 1019 720 cum
1059 656 1302 736 [scribis
1351 653 1362 737 Ι
1410 656 1540 735 aut]
1590 659 1814 737 scripto
1852 655 2090 736 dividis,
2126 654 2391 717 adnectis
2428 675 2466 735 g
2511 654 2805 717 secundae
2854 653 3020 733 sylla·

415 758 522 820 bae
560 768 620 820 et
666 758 777 820 alia
815 757 1132 837 eiusmodi,
1177 762 1247 816 ut
1290 756 1506 836 pignus
1561 754 1791 834 dignus.
1868 753 2033 814 Pono
2081 753 2430 832 simpliciter
2468 752 2689 834 aliquid
2736 761 3023 833 statuenS,

411 857 660 937 dispono
697 856 919 937 aliquid
948 855 1156 935 ‘operis
1191 855 1551 933 inpensioris
1586 851 1679 912 vel
1726 850 1959 913 consilii
1998 851 2280 912 facturus.
2355 861 2447 913 est
2486 853 2662 914 etiam
2701 850 3019 930 disponere

412 954 667 1016 foederis
713 953 975 1016 ineundi.
1066 952 1272 1014 Potior
1316 952 1541 1030 potitus
1587 967 1720 1011 sum
1767 958 1828 1010 et
1883 948 2163 1029 perfruor
2207 950 2552 1029 perfructus
2598 968 2731 1011 sum
2778 950 3020 1010 faciunt.

332 1069 357 1109 5
411 1052 709 1125 Primitiae
738 1050 1046 1132 pluraliter
1075 1059 1303 1113 tantum
1332 1049 1634 1130 dicuntur,
1652 1048 1756 1109 sed
1788 1047 2142 1126 aliquotiens
2162 1046 2542 1126 singulariter
2571 1046 3017 1126 intellegendae.

410 1151 582 1212 Pario
621 1153 828 1231 peperi
873 1159 1110 1230 partum
1158 1151 1298 1211 facit
1334 1150 1613 1228 supinum
1656 1145 1932 1227 verbum,
1976 1144 2114 1205 inde
2161 1148 2482 1234 pariturus.
2557 1145 2837 1207 Percutio
2885 1164 3020 1225 per-

409 1252 569 1310 cussi
615 1267 724 1329 per
762 1247 880 1309 duo
918 1267 979 1331 S,
1024 1248 1161 1309 inde
1199 1263 1616 1328 percussurus,
1690 1244 1878 1305 Parco
1917 1245 2077 1323 parsi
2121 1246 2512 1323 praeteritum
2557 1244 2712 1305 facit.
2787 1244 3021 1324 Pangor

408 1356 616 1428 pactus
672 1366 804 1408 sum
862 1347 1252 1427 praeteritum
1309 1347 1463 1407 facit.
1555 1343 1925 1422 Praepositio
1970 1348 2032 1402 et
2085 1349 2397 1420 praeterea
2453 1361 2563 1421 per
2608 1342 3018 1423 diphthongon

408 1445 737 1507 scribenda.
830 1444 948 1505 Pro
1004 1446 1395 1525 praepositio,
1450 1461 1586 1503 cum
1644 1443 1722 1502 sit
1766 1438 2117 1501 naturaliter
2170 1439 2370 1523 longa,
2425 1440 2724 1503 interdum
2773 1443 2833 1502 in
2881 1460 3018 1502 con-

330 1558 381 1597 10
408 1545 701 1623 positione
739 1544 1165 1622 corrumpitur,
1206 1543 1426 1622 partim
1464 1541 1872 1619 correptione,
1921 1546 1985 1598 ut
2029 1555 2314 1619 proavuS,
2360 1541 2576 1618 partim
2616 1542 3022 1620 assumptione

405 1642 637 1704 litterae
683 1641 749 1722 d,
805 1649 871 1702 ut
917 1640 1162 1720 prodest
1215 1638 1488 1719 proditus
1533 1636 1846 1717 prodigus:
1900 1634 2200 1695 interdum
2256 1637 2487 1716 integra
2534 1644 2627 1698 est
2672 1645 2732 1698 et
2790 1640 2918 1717 ipsa
2963 1649 3022 1700 et

406 1758 542 1819 pars
599 1741 696 1800 cui
752 1739 1153 1818 coniungitur,
1210 1746 1276 1799 ut
1332 1754 1608 1816 procuro.
1683 1731 2077 1813 sequentibus
2121 1735 2142 1793 i
2187 1742 2248 1794 et
2293 1752 2327 1793 v
2389 1734 2519 1794 loco
2565 1738 3019 1798 consonantium

406 1855 729 1917 numquam
781 1835 1041 1897 litteram
1097 1834 1295 1915 perdit
1348 1843 1451 1895 aut
1507 1842 1721 1914 mutat,
1781 1842 1849 1895 ut
1901 1833 2249 1915 providens,
2295 1841 2399 1896 aut
2442 1835 2693 1896 assumit
2737 1841 2842 1894 aut
2888 1854 3019 1896 cor·

404 1937 722 2016 rumpitur,
768 1943 835 1996 ut
880 1936 1200 2014 proiectus,
1273 1933 1319 1993 P
1367 1942 1428 1994 et
1466 1951 1495 1993 s
1541 1932 1695 2012 apud
1735 1931 1978 1993 Latinos
2024 1950 2132 2011 pro
2169 1939 2219 2007 ψ
2258 1951 2468 2012 graeca
2505 1941 2840 2012 ponuntur:
2887 1933 3020 1994 ideo

328 2047 378 2085 ¹⁵
404 2037 465 2095 in
522 2033 721 2095 verbis
765 2032 804 2094 b
858 2051 1035 2113 saepe
1091 2033 1151 2092 in
1214 2051 1252 2111 p
1309 2039 1625 2092 mutamus.
1715 2030 1862 2091 Peto
1918 2036 2131 2108 expeto
2188 2033 2314 2092 sine
2363 2049 2420 2112 s,
2477 2039 2681 2111 specto
2739 2042 3019 2111 exspecto

402 2150 513 2213 per
559 2149 605 2193 s.
696 2130 1040 2209 Privignum
1086 2148 1196 2210 per
1242 2129 1671 2190 detractionem
1718 2147 1751 2189 e
1797 2127 2030 2190 litterae
2078 2127 2194 2188 dici
2241 2135 2466 2208 potest:
2511 2131 2809 2208 integrum
2857 2132 3016 2190 enim

404 2232 533 2292 eius
588 2230 958 2308 privigenum
1016 2246 1170 2288 reor.
1260 2225 1641 2288 Peteredium
1695 2226 1926 2287 abiecta
1971 2225 2010 2285 h
2065 2227 2127 2286 in
2185 2228 2596 2306 conpositione
2657 2244 2688 2285 a
2745 2226 3019 2305 petendis

403 2326 852 2388 hereditatibus·
945 2325 1062 2386 Pro
1124 2327 1184 2386 in
1244 2326 1611 2405 appositione
1668 2324 1758 2384 vel
1826 2326 2236 2404 conpositione
2301 2323 2505 2386 localis
2562 2335 2623 2386 et
2677 2326 3021 2406 temporalis

405 2433 524 2507 est,
571 2443 680 2505 pro
720 2423 939 2504 templo
986 2422 1296 2504 provide03
1344 2433 1405 2485 et
1449 2423 1579 2484 loco
1617 2443 1649 2483 e
1689 2431 1750 2483 et
1784 2441 1968 2502 super
2006 2422 2096 2483 vel
2134 2431 2270 2483 ante
2309 2422 2399 2483 vel
2440 2423 2511 2484 ad
2562 2423 2648 2484 vel
2697 2425 2757 2484 in
2804 2427 3017 2504 accipi-

325 2535 377 2573 20
404 2531 521 2604 tur,
567 2532 634 2585 ut
678 2525 1004 2604 prominet,
1048 2521 1108 2582 id
1147 2533 1239 2585 est
1276 2523 1711 2602 supereminet,
1750 2515 1928 2604 (Sall.
1969 2522 2095 2581 Cat.
2125 2521 2220 2594 18,
2249 2514 2321 2604 8)
2370 2516 2531 2601 ‘pro
2569 2524 2772 2583 curia
2819 2526 3020 2601 signa

404 2624 625 2683 sociis
671 2616 891 2702 dare',
935 2621 995 2681 id
1043 2629 1137 2682 est
1182 2628 1318 2682 ante
1361 2622 1617 2681 curiam:
1663 2617 1957 2697 Vergilius
2004 2610 2182 2701 (Aen.
2237 2619 2286 2678 V
2316 2612 2489 2702 500)
2538 2614 2868 2681 ‘summis
2913 2623 3017 2681 in-

402 2727 706 2783 curvant
759 2718 1042 2781 viribus
1098 2738 1309 2782 arcus
1361 2719 1499 2780 Pro
1546 2736 1617 2779 se
1667 2719 1972 2798 quisque
2020 2712 2208 2799 vlri'‚
2263 2717 2323 2779 id
2381 2725 2473 2780 est
2518 2717 2590 2779 ad
2647 2737 2784 2780 suas
2836 2719 3020 2781 vires:

402 2812 521 2899 pro*
569 2820 939 2898 testimonio,
996 2817 1109 2880 hoc
1155 2826 1248 2880 est
1304 2820 1365 2879 in
1414 2819 1771 2878 testimonio.
1848 2823 1909 2875 et
1963 2833 2074 2894 pro
2127 2817 2541 2878 interiectione
2589 2819 2906 2899 accipitur,
2953 2825 3019 2878 ut

405 2935 511 2996 pro
567 2915 751 2997 dolor,
807 2927 867 2978 et
922 2916 1428 2978 circumflectitur.
1532 2915 1680 2976 Prae
1737 2916 1798 2974 in
1856 2915 2225 2994 appositione
2293 2912 2382 2974 vel
2448 2916 2859 2992 conpositione
2930 2917 3016 2975 in-

324 3032 375 3073 25
404 3016 643 3075 venitur
699 3023 759 3075 et
813 3014 884 3075 ad
941 3013 1034 3075 vel
1094 3013 1165 3074 ab
1222 3014 1315 3075 vel
1368 3032 1551 3093 super
1607 3012 1699 3072 vel
1752 3010 1920 3072 valde
1975 3011 2065 3071 vel
2123 3020 2258 3072 ante
2317 3012 2632 3090 significat:
2698 3011 3017 3073 Terentius

404 3107 592 3196 (Eun.
624 3113 778 3187 112,
806 3105 880 3195 8)
919 3107 1356 3192 ‘contempsi
1402 3110 1602 3171 illum
1648 3109 1761 3170 hic
1808 3127 1978 3189 prae
2036 3104 2191 3184 me',
2238 3108 2351 3169 hoc
2390 3108 2589 3170 estad
2631 3112 3015 3190 comparatio-

403 3229 541 3271 nem
579 3213 728 3292 mei,
761 3213 903 3271 item
940 3202 1127 3293 (Eun.
1163 3211 1201 3269 I
1230 3209 1289 3283 2,
1318 3201 1429 3292 18)
1470 3202 1590 3269 ‘fit
1626 3209 1888 3267 misera
1926 3224 2095 3286 prae
2133 3201 2421 3287 amore’,
2459 3206 2515 3267 id
2557 3214 2649 3267 est
2686 3205 2760 3267 ab
2797 3224 3016 3288 amore,

405 3307 715 3387 praesideo
764 3307 1153 3387 supersedeo,
1199 3305 1571 3387 praevalidus
1618 3304 1782 3365 valde
1829 3304 2083 3385 validus,
2128 3303 2407 3383 praedico
2454 3296 2744 3366 antedico.
2825 3305 3014 3367 Phoe-

403 3404 543 3484 buS,
580 3405 639 3465 id
677 3414 770 3467 est
807 3405 1039 3488 Apollo,
1075 3406 1157 3466 ita
1196 3403 1502 3485 scribitur,
1546 3411 1616 3465 ut
1650 3412 1787 3484 post
1825 3422 1862 3482 p
1901 3410 2187 3483 sequatur
2225 3400 2280 3462 h.
2355 3401 2676 3465 Postumus
2712 3402 2940 3464 abiecta
2978 3403 3017 3463 h

325 3521 378 3560 so
404 3506 469 3564 in
508 3504 945 3582 conpositione:
992 3511 1084 3563 est
1130 3502 1289 3562 enim
1334 3510 1471 3581 post
1514 3500 1853 3581 humatum,
1899 3500 1958 3561 id
2007 3508 2100 3561 est
2145 3500 2473 3581 sepultum,
2519 3510 2748 3580 patrem
2789 3498 3013 3583 natus}

404 3600 743 3662 Plaustrum
778 3603 1104 3680 capistrum
1149 3598 1474 3660 claustrum
1513 3605 1777 3659 vestrum
1823 3606 2084 3659 rastrum
2131 3607 2190 3658 et
2238 3598 2403 3680 talia,
2453 3592 2575 3658 t'res
2622 3608 3018 3661 consonantes

404 3698 594 3781 vocali
629 3707 917 3777 sequente
953 3700 1015 3759 in
1054 3716 1232 3759 unam
1272 3696 1551 3777 syllabam
1589 3695 1920 3776 iungendae
1959 3703 2114 3757 sunt.
2185 3696 2473 3758 Periurus
2511 3699 2613 3776 qui
2654 3697 2802 3758 male
2840 3700 3018 3777 iurat,

405 3798 609 3875 peiero
646 3815 786 3857 vero
826 3795 1072 3858 verbum
1111 3814 1142 3855 r
1192 3814 1312 3856 non
1359 3794 1539 3856 debet
1582 3794 1829 3856 habere:
1877 3804 1969 3856 est
2005 3797 2161 3855 enim
2219 3797 2387 3874 quasi
2434 3797 2605 3875 peius
2651 3797 2800 3857 iuro.
2875 3796 3016 3857 Pro·

406 3902 583 3954 tenus
618 3912 727 3974 per
762 3913 795 3954 e
835 3894 1178 3956 adverbium
1216 3892 1427 3975 locale,
1472 3892 1529 3953 id
1570 3901 1662 3955 est
1697 3912 1878 3973 porro
1916 3902 2120 3975 tenuS,
2157 3902 2225 3955 ut
2262 3888 2481 3975 (Verq.
2521 3894 2668 3955 Aen.
2711 3896 2822 3954 III
2853 3890 3013 3979 416)

513 4070 537 4118 1
592 4068 993 4135 praegnantem
1046 4082 1173 4120 cum
1218 4062 1413 4121 scribis
1456 4064 1708 4120 adnectis
1746 4082 1785 4134 g
1821 4064 2095 4119 secundae
2135 4064 2388 4135 syllabae
2427 4067 2527 4120 aut
2562 4064 2772 4135 scripto
2810 4067 3016 4124 diuidis

406 4143 645 4212 (diuides
674 4144 773 4213 M)
803 4147 861 4200 et
887 4145 1002 4200 alia
1019 4145 1123 4216 ΡΒ
1134 4146 1210 4200 Μ
1314 4150 1345 4199 2
1385 4145 1450 4199 ut
1474 4144 1679 4216 pignus
1708 4143 1911 4214 dignus
1939 4143 1984 4198 S
2019 4145 2085 4197 ut
2119 4161 2337 4213 pugnus
2372 4143 2576 4214 dignus
2609 4162 2649 4214 Ρ
2687 4147 2752 4199 ut
2779 4164 3015 4215 magnus

403 4223 602 4292 dignus
637 4225 839 4294 pignus
880 4225 954 4279 M
1093 4240 1240 4295 pono
1278 4223 1611 4295 simpliciter
1647 4223 1862 4293 aliquid
1897 4225 2149 4279 statuens
2185 4224 2344 4279 Beda
2370 4241 2431 4293 Ρ.
2461 4230 2598 4291 286,
2625 4230 2688 4292 9,
2725 4243 2874 4295 pono
2912 4227 3015 4281 ali-

406 4305 542 4374 quid
578 4304 914 4376 simpliciter
948 4307 1199 4360 statuens
1227 4305 1329 4375 ΡΒ
1339 4307 1413 4360 Μ
1570 4311 1602 4359 3
1641 4304 1840 4376 etiam]
1878 4309 2070 4359 autem
2109 4305 2184 4358 Μ
2343 4310 2374 4359 5
2412 4304 2792 4374 intellegendo
2830 4306 2875 4360 S

409 4394 469 4442 11
511 4389 572 4442 et
604 4387 730 4457 ipsa
762 4404 894 4457 pars
924 4386 1131 4456 pSM:
1168 4388 1238 4454 cf.
1280 4385 1524 4441 Cassiod.
1553 4402 1614 4454 Ρ.
1654 4388 1780 4451 164,
1817 4390 1869 4439 3.
1925 4386 1990 4439 in
2024 4385 2251 4454 reliquis
2287 4390 2604 4454 corruptam
2637 4386 2702 4439 in
2738 4387 3015 4441 codicibus

404 4467 741 4523 Cassiodorii
772 4469 1117 4560 scripturam
1162 4466 1405 4520 Albinus
1449 4469 1664 4519 secutus
1708 4469 1786 4519 est
1932 4471 1998 4520 16
2041 4464 2335 4535 priuignus
2371 4482 2416 4534 Ρ
2563 4481 2593 4517 e
2648 4481 2747 4520 om.
2799 4468 2875 4521 M

404 4553 468 4603 17
508 4546 887 4618 priuigenium
926 4547 1001 4602 M
1146 4552 1210 4600 19
1248 4545 1525 4617 accipitur
1554 4545 1686 4614 ΡΜ
1731 4545 1942 4616 accipit
1977 4545 2021 4600 S
2162 4552 2230 4599 22
2268 4562 2370 4615 pro
2409 4562 2467 4600 se
2509 4576 2574 4585 ——
2613 4546 2762 4602 vires
2798 4566 2902 4604 om.
2943 4551 3019 4604 M

498 4626 573 4680 ad
609 4644 736 4682 suas
770 4628 919 4683 uires
946 4645 993 4699 Ρ
1029 4626 1103 4682 ad
1140 4644 1267 4682 suas
1303 4642 1465 4680 aures
1502 4625 1547 4679 S
1652 4630 1722 4679 25
1760 4625 1836 4679 ad
1874 4626 1966 4681 uel
2003 4626 2075 4681 ob
2112 4625 2241 4680 SM
2274 4625 2346 4679 ab
2383 4623 2475 4678 uel
2513 4625 2585 4679 ob
2615 4642 2686 4693 p:
2725 4628 2794 4693 cf.
2832 4628 3012 4684 Prisc.

400 4708 436 4761 l.
470 4708 699 4761 XIIII
725 4724 784 4777 Ρ.
823 4714 913 4774 50,
952 4714 987 4763 5
1109 4713 1177 4763 27
1217 4707 1289 4762 ab
1329 4723 1518 4763 amore
1548 4707 1593 4762 S
1628 4706 1699 4761 ob
1736 4723 1985 4761 amorem
2004 4705 2128 4774 ΡΜ
2250 4709 2319 4759 28
2358 4704 2690 4773 supersedeo
2722 4708 2798 4760 M
2822 4725 3012 4777 super-

400 4785 552 4842 sideo
568 4786 664 4856 ΡΒ
788 4794 855 4842 31
894 4789 1135 4843 rastrum
1165 4787 1239 4841 M
1268 4787 1511 4842 rostrum
1540 4787 1600 4855 S,
1628 4803 1729 4841 om.
1752 4804 1795 4854 Ρ
1931 4792 1999 4840 32
2036 4784 2320 4854 iungenda
2339 4784 2524 4853 pSM
2653 4785 2916 4843 Periurus
2944 4820 3010 4828 -—

399 4866 547 4936 iuro]
576 4867 830 4936 periurus
857 4870 946 4922 est
972 4869 1071 4937 qui
1099 4867 1247 4923 male
1271 4867 1424 4922 iurat
1447 4866 1673 4936 peiurus
1700 4866 1864 4936 quasi
1890 4867 2049 4936 peius
2077 4867 2230 4921 iurat
2254 4866 2314 4920 in
2341 4867 2515 4921 uerbo
2543 4883 2572 4918 r
2598 4882 2710 4921 non
2738 4867 2911 4923 habet
2941 4867 3016 4922 M

498 4953 567 5001 33
603 4947 793 5017 peiero
820 4963 867 5017 Ρ
903 4947 1099 5016 peiuro
1137 4947 1181 5001 S

2472 5039 2583 5090 20*
