3613 5528
601 407 734 474 394
1726 408 2069 466 DOSITHEI

599 521 643 558 p.
672 510 736 551 24.
765 509 818 549 25
846 510 905 549 H.

600 589 965 656 insidiandi'.
1067 603 1277 675 quarto
1336 614 1369 653 *
1430 594 1607 656 veluti
1670 597 1731 656 in
1797 595 1926 657 ino:
1994 595 2246 656 dicimus
2310 596 2470 655 enim
2532 595 2646 675 sic,
2719 589 2914 656 ‘nullo
2990 596 3202 655 timore

601 701 860 764 hostium
908 712 1099 764 castra
1146 704 1389 786 irrupit,
1436 703 1594 765 nulla
1640 721 1744 783 spe
1793 721 1901 783 per
1948 704 2062 763 vim
2110 702 2381 783 potiundi
2436 701 2583 762 vano
2640 702 2916 781 fossaque
2973 704 3203 763 moenia

599 808 953 891 circumdat,
1011 808 1188 871 nullis
1234 809 1581 871 custodibus
1628 809 1945 890 panadium
1993 819 2264 889 ereptum
2321 816 2441 890 est,
2497 809 2674 870 nullis
2731 810 2960 870 insidiis
3015 807 3204 889 palam

598 918 788 978 victus
827 925 919 977 est
955 911 1185 978 hostis'.
1260 915 1479 998 ubique
1509 919 1668 979 enim
1709 917 1908 978 deficit
1944 916 2163 979 latinus
2202 935 2428 999 sermo,
2474 916 2702 978 scilicet
2727 918 2888 999 ideo,
2926 919 3205 997 quoniam

598 1024 716 1086 duo
784 1024 1018 1085 ablativi
1083 1024 1408 1086 nominales
1473 1034 1616 1087 sunt
1678 1025 1954 1106 copulati.
2046 1023 2257 1106 quodsi
2305 1044 2461 1086 unus
2507 1024 2866 1105 participalis
2914 1027 3016 1106 sit,
3080 1042 3200 1084 non
3230 1045 3257 1085 5

598 1132 797 1193 deficit
844 1132 1060 1194 latinus
1108 1151 1331 1215 sermo,
1388 1132 1491 1194 sed
1539 1132 1750 1213 plenus
1796 1142 1917 1214 est,
1972 1141 2040 1194 ut
2084 1151 2263 1213 supra
2321 1127 2601 1194 ‘ducente
2649 1133 2757 1193 dea
2804 1130 3038 1213 elapsus
3084 1125 3202 1192 est’

599 1247 661 1301 et
706 1249 903 1301 cetera
951 1258 1100 1319 quae
1148 1242 1209 1300 in
1258 1241 1520 1301 secundo
1566 1240 1743 1301 modo
1790 1241 2192 1320 exposuimus

774 1347 1074 1419 Quaedam
1125 1349 1301 1409 etiam
1346 1349 1731 1409 inveniuntur
1780 1366 1930 1427 quae
1977 1347 2136 1408 ssecti
2185 1347 2586 1428 declinarique
2636 1367 2754 1409 non
2801 1354 3079 1428 possunt,
3138 1355 3206 1407 ut

600 1454 754 1533 frugi
802 1452 994 1517 nihili:
1044 1453 1330 1534 quaedam
1378 1453 1611 1516 duobus
1657 1453 1748 1514 vel
1795 1453 1990 1515 tribus
2027 1455 2273 1515 casibus
2309 1464 2566 1538 tantum,
2612 1465 2679 1517 ιιι
2714 1454 2980 1534 Iuppiter
3019 1454 3202 1514 nomi·

598 1564 792 1623 nativo
840 1569 902 1623 et
947 1563 1211 1623 vocativo
1259 1580 1430 1643 casu,
1478 1570 1539 1622 et
1583 1563 1740 1643 opis3
1786 1563 1917 1641 opis
1965 1564 2121 1623 enim
2171 1571 2232 1623 et
2277 1579 2447 1642 opem
2497 1571 2558 1623 et
2602 1581 2714 1643 ope
2761 1562 3111 1622 invenimus,
3232 1584 3285 1622 ιο

775 1669 928 1732 Sunt
973 1671 1208 1731 nomina
1257 1688 1407 1750 quae
1464 1677 1700 1748 gentem
1758 1669 2118 1750 significant,
2175 1678 2241 1730 ut
2287 1671 2426 1731 Afer
2473 1669 2666 1731 Dacus
2712 1668 3035 1749 Hispanus3
3093 1667 3201 1728 alia

597 1795 939 1859 numerum,
996 1785 1062 1839 ut
1118 1797 1276 1840 unus
1325 1770 1335 1859 Ι
1384 1775 1530 1858 (ιιιος
1585 1775 1694 1836 alia
1741 1776 2042 1858 ordinem,
2098 1784 2165 1836 ut
2211 1779 2440 1856 primus
2486 1776 2813 1858 secundus3
2860 1775 2971 1836 alia
3018 1774 3201 1854 quali-

738 1951 921 2006 Godex
957 1950 1349 2020 Sanqazzensis.
1462 1955 1493 2004 6
1532 1948 1771 2003 ducente
1818 1947 1959 2003 deea.
2005 1947 2146 2016 elas).
2186 1949 2245 2004 et
2281 1950 2385 2004 cet.
2534 1954 2563 2002 '7
2602 1947 2660 2002 in
2707 1964 2806 2003 om.
2952 1954 2985 2002 8
3034 1947 3203 2001 decli-

595 2030 826 2102 narique
862 2047 969 2086 om.
1112 2037 1144 2085 9
1182 2029 1324 2085 nihil
1468 2029 1689 2084 casibus
1726 2045 1829 2086 om.
1977 2033 2043 2082 10
2081 2027 2231 2083 enim
2268 2045 2367 2082 om.

738 2198 765 2247 1
807 2212 1048 2262 τετρατω
1087 2210 1272 2260 τροπω
1313 2190 1524 2257 Ωιιειιιο
1561 2189 1728 2244 modo
1769 2193 1778 2258 1
1821 2209 1895 2252 ως
1932 2208 1993 2243 εν
2033 2207 2231 2244 εκεινω
2278 2189 2456 2244 ιιοΙιιιί
2511 2189 2571 2244 in
2624 2189 2726 2244 illo
2767 2192 2777 2256 Ι
2816 2192 3051 2259 λεγομεν
3096 2209 3204 2259 γαρ

595 2291 760 2335 ουτος
795 2272 1044 2328 Dicimus
1082 2271 1228 2326 enim
1268 2270 1346 2324 sic
1386 2271 1461 2323 M
1493 2272 1720 2338 quarto,
1757 2272 1823 2324 ιιι
1859 2268 2095 2324 Scaurus
2130 2270 2352 2337 retulit,
2391 2288 2517 2325 cum
2554 2270 2795 2325 latinum
2832 2270 3160 2340 eloquium'
3143 2289 3205 2325 111

597 2353 842 2422 quodam
878 2354 1048 2408 verbo
1085 2351 1301 2420 deficit,
1337 2351 1495 2406 velui:
1529 2352 1588 2405 in
1625 2351 1725 2407 illo
1764 2346 1930 2413 ὄντος
1966 2345 2207 2420 odone*
2173 2371 2355 2406 οντων
2392 2346 2626 2408 οὐσῶν.
2665 2351 2902 2406 dicimus
2936 2350 3084 2406 euim
3122 2351 3206 2406 sic

594 2433 881 2488 Diomedes
908 2450 968 2502 p.
1008 2435 1225 2500 318,14,
1271 2433 1494 2500 quarto,
1548 2448 1703 2501 cum,
1759 2435 1824 2486 ιιι
1861 2433 2070 2501 Asprus
2117 2432 2328 2502 retulit,
2384 2432 2621 2487 latinum
2659 2464 2724 2471 —
2765 2432 2998 2487 dicimus
3054 2431 3205 2486 enim

597 2530 707 2570 exc.
749 2512 962 2609 Charis
996 2529 1055 2582 p.
1094 2516 1219 2579 534,
1221 2517 1310 2568 39.
1358 2513 1617 2566 lacunam
1657 2512 1938 2578 ὀηάίοαυι,
1993 2528 2105 2581 qua
2149 2511 2355 2567 Scauri
2399 2518 2752 2582 praeceptum
2795 2516 2861 2570 de
2898 2515 3205 2584 participio

558 2632 566 2638 -
592 2608 786 2663 yracco
822 2613 903 2647 ων
938 2594 1002 2646 in
1039 2593 1215 2646 latino
1251 2606 1490 2646 sermone
1525 2592 1800 2658 deficiente
1836 2592 2038 2646 excidit
2076 2634 2088 2646 .
2127 2591 2303 2662 Aspre:
2337 2609 2531 2648 nomen
2567 2594 2631 2648 in
2666 2596 2931 2664 excerptis
2960 2594 3206 2650 Charisii

594 2675 838 2742 defendit
872 2673 1146 2743 Berykius
1180 2671 1355 2727 Beitr.
1393 2687 1439 2727 z.
1479 2673 1573 2726 lat.
1614 2672 1803 2727 Gram.
1844 2673 1885 2725 I
1911 2690 1971 2741 p.
2010 2677 2077 2727 11
2224 2679 2258 2725 ὃ
2295 2693 2394 2728 και
2430 2693 2764 2745 ονοματικαι
2800 2678 2858 2730 οι
2891 2674 3203 2731 nominales

597 2755 673 2810 Μ
813 2762 844 2811 6
882 2773 1218 2824 ωσπερετοις
1254 2772 1513 2822 ανωτερω
1553 2754 1616 2807 ιιι
1651 2771 1821 2824 supra
1861 2753 1869 2825 Ι
1910 2771 2226 2824 ηγουμηνες
2269 2774 2368 2822 της
2414 2756 2562 2809 θεον
2598 2755 2853 2811 Βιιοοιιιο
2902 2755 3007 2811 dea.
3051 2757 3061 2825 Ι
3106 2776 3203 2810 και

593 2858 662 2891 τα
699 2840 869 2892 λοιπα
899 2854 1077 2891 aevvm
1107 2838 1166 2890 et
1192 2834 1409 2904 reliqua
1436 2851 1579 2903 quae
1607 2834 1666 2887 in
1697 2835 1707 2903 Ι
1739 2836 1986 2904 ὃευτερω
2013 2854 2199 2904 τροπω
2232 2835 2474 2891 secundo
2505 2834 2673 2891 modo
2704 2838 2713 2903 1
2747 2837 3073 2907 εξεθεμεθα
3111 2854 3204 2891 ex-

591 2917 877 2987 posuimus
899 2916 975 2970 M
1104 2921 1136 2970 8
1158 2918 1539 2986 ακαμφθηναι
1559 2930 1701 2985 quae
1721 2914 1872 2970 flecti
1903 2919 1912 2986 Ι
1944 2935 2042 2970 και
2060 2918 2328 2984 κλιθηναι
2349 2915 2728 2987 declinarique
2760 2922 2769 2987 1
2803 2917 3076 2972 ουδινατα
3092 2934 3203 2972 non

593 3000 829 3067 possunt
856 2997 868 3064 1
899 3015 974 3059 ως
1000 3013 1328 3065 τοχρησιμος
1357 2997 1421 3049 ιιι
1448 2995 1624 3067 frugi!
1652 2997 1822 3049 ουδεν
1858 2995 2022 3050 nihili
2062 2996 2138 3050 Μ
2281 3000 2347 3049 10
2384 3015 2577 3060 πτοσις
2615 2997 2836 3053 casibus
2869 3001 2878 3067 Ι
2910 3017 3203 3060 καιτοοπις

596 3079 654 3132 ei:
689 3076 812 3148 opis
843 3082 852 3147 1
884 3090 991 3146 γαρ
1037 3096 1133 3130 και
1181 3095 1327 3146 οπεμ
1372 3075 1522 3129 enim
1559 3078 1618 3129 et
1653 3092 1818 3145 opem
1849 3080 1858 3146 Ι
1890 3096 1987 3131 και
2025 3096 2137 3146 οπη
2175 3094 2504 3147 ευρισιιομεν
2544 3080 2604 3133 et
2639 3096 2745 3149 ope
2782 3078 3092 3134 iuuenimus
3132 3079 3210 3133 Μ

592 3278 928 3361 πολεμίων
976 3277 1069 3353 είς
1112 3271 1229 3352 τὰς
1264 3271 1685 3360 παρεμβολὰς
1730 3272 2188 3360 εἰσεπήδησεν,
2233 3277 2559 3361 μηδεμιᾶς
2605 3277 2870 3356 ἐλπίδος
2915 3275 3204 3364 δυνάμει

593 3381 1060 3466 περιγενέσθαι
1088 3378 1326 3467 χάρακι
1363 3379 1473 3448 καὶ
1509 3378 1743 3471 τάφρῳ
1781 3378 1862 3448 τὰ
1899 3386 2077 3468 τείχη
2106 3379 2509 3469 περιβάλλει,
2551 3381 2852 3452 οὐδένων
2881 3382 3205 3469 φυλάκων

592 3487 667 3556 τὸ
697 3487 1068 3555 παλλάδιον
1097 3484 1383 3574 ἡρπάγη,
1421 3491 1747 3576 μηδεμιᾶς
1774 3490 2051 3576 ἐνέδρας
2086 3493 2395 3576 φανερῶς
2434 3487 2715 3576 ἐνικήθη
2755 3487 2792 3557 ὁ
2828 3490 3204 3577 πολέμιος.“

593 3598 935 3682 πανταχοῦ
990 3591 1117 3682 γὰρ
1166 3596 1484 3663 ἐπιλείπει
1531 3591 1567 3663 ὁ
1617 3594 1952 3683 ῥωμαϊκὸς
2007 3597 2235 3684 λόγος,
2301 3595 2557 3683 δηλαδὴ
2626 3593 2738 3663 διά
2801 3600 3035 3683 τοῦτὸ,
3100 3594 3203 3666 ὅτι

596 3702 721 3769 δύο
761 3699 1177 3769 άπενεκτικαὶ
1216 3699 1612 3789 ὀνοματικαί
1642 3705 1814 3770 εἰσιν
1844 3704 2385 3790 συνεζευγμέναι·
2433 3699 2523 3783 ὦς
2558 3707 2621 3770 εί
2654 3699 2695 3790 ἡ
2737 3709 2853 3790 μία
2890 3706 3200 3791 μετοχικὴ
3259 3739 3285 3778 5

595 3817 728 3895 εἴη,
776 3806 896 3876 οὐκ
944 3810 1256 3877 ἐπιλείπει
1305 3805 1341 3876 ὃ
1392 3807 1726 3897 ρωμαϊκὸς
1769 3809 1999 3897 λόγος,
2059 3808 2229 3878 du&
2274 3809 2528 3898 πληρής
2583 3811 2795 3895 ἐστιν,
2852 3808 3069 3896 ὥσπερ
3128 3812 3201 3878 ἐν

593 3930 732 3997 τοῖς
787 3914 1098 4004 ἀνωτέρω
1294 3917 1406 3984 καὶ
1464 3914 1543 3985 τὰ
1598 3914 1798 3985 λοιπὰ
1853 3912 1895 3984 ἃ
1954 3919 2027 3985 ἐν
2072 3920 2162 4009 τῷ
2212 3919 2501 4009 δευτέρῳ
2547 3916 2768 4008 τρόπῳ
2816 3919 3200 4005 έξεθέμεθα.

780 4021 947 4091 Τινὰ
994 4029 1088 4091 ἔτι
1135 4019 1504 4112 εὑρίσκεται
1550 4018 1592 4090 ἃ
1639 4027 2038 4112 καμφθῆναι
2084 4024 2193 4092 καὶ
2238 4028 2560 4111 κλιθῆναι
2607 4022 2690 4092 οὐ
2737 4023 3053 4112 δύναται,
3111 4023 3203 4106 ὥς

593 4131 667 4201 τὸ
716 4130 1039 4221 χρήσιμος
1084 4128 1312 4199 οὐδέν·
1368 4128 1520 4198 τινὰ
1577 4131 1777 4198 δυσὶν
1834 4125 1874 4217 ἢ
1930 4131 2151 4217 τρισὶν
2206 4129 2599 4198 πτώσεσιν
2654 4130 2870 4218 μόνον
3050 4131 3199 4201 ὀνο-

594 4243 872 4328 μαστικῇ
917 4238 1029 4306 καὶ
1073 4241 1343 4327 κλητικῇ
1389 4235 1664 4322 πτώσει,
1709 4236 1819 4303 καὶ
1864 4234 1940 4303 τὸ
1990 4245 2144 4323 opis·
2203 4247 2333 4324 opis
2382 4236 2508 4326 γὰρ
2555 4238 2664 4306 καὶ
2711 4264 2883 4325 opem
2929 4239 3040 4308 καὶ
3086 4266 3197 4328 ope
3231 4278 3284 4316 10

595 4345 1003 4435 εὑρίσκομεν.

749 4452 981 4521 ’Ἑστιν
1021 4448 1318 4539 ὀνόματα
1357 4447 1399 4520 ἃ
1437 4457 1642 4531 ἔθνος
1679 4455 2025 4539 σημαίνει,
2073 4448 2162 4532 ὡς
2196 4449 2271 4519 τὸ
2317 4450 2500 4539 Φρύξ
2538 4452 2838 4540 Γαλάτης
2866 4450 3199 4535 Ἵσπανος.

594 4559 762 4629 ἄλλα
807 4558 1129 4648 ἀριθμόν,
1177 4556 1267 4639 ὡς
1305 4567 1315 4643 Ι
1354 4557 1429 4628 τὸ
1476 4552 1572 4639 εἷς
1618 4556 1772 4626 δύο·
1820 4556 1990 4626 ἄλλα
2033 4557 2244 4644 τάξιν,
2303 4556 2392 4639 ὡς
2434 4558 2510 4627 τὸ
2559 4562 2816 4647 πρῶτος
2861 4560 3198 4648 δεύτερος·

739 4746 764 4793 1
783 4738 1062 4809 μηδεμιᾶς
1099 4733 1347 4810 ἐλπίδος]
1387 4740 1631 4809 μηδεμια
1671 4755 1836 4799 εαπις
1961 4743 1992 4791 3
2031 4757 2252 4806 ηρπαρη
2382 4744 2414 4792 5
2452 4732 2814 4809 ὄνοματιιιαί]
2856 4759 2952 4793 και
2989 4757 3197 4808 ονομα-

593 4838 744 4873 uum
887 4814 923 4887 ἡ
963 4819 1088 4889 μία]
1126 4838 1267 4889 ημαι
1338 4824 1372 4871 8
1410 4820 1626 4874 δυνατα
1769 4825 1802 4871 9
1840 4812 2114 4871 πτώσεων
2151 4835 2250 4873 om.
2398 4824 2464 4872 10
2501 4814 2730 4889 πτώσει]
2768 4837 2959 4882 πτοσις
3099 4839 3198 4874 και

594 4918 656 4953 το
696 4919 824 4961 οπις
858 4919 965 4970 γαρ
1004 4917 1334 4970 ευρισκομεν
1480 4904 1545 4952 12
1586 4919 1660 4960 ως
1696 4917 1758 4952 το
1798 4899 2190 4970 φριξγαλαθης
2228 4918 2438 4962 σπανος
