3613 5528
1353 435 1451 490 DE
1491 435 2070 492 ORTHOGRAPHIA
2891 438 3020 504 185

412 550 457 587 p.
484 538 600 578 2303.
630 539 657 576 4
683 537 731 577 P.

413 629 477 682 ut
520 622 835 682 advocatus
881 620 1155 681 frivolum
1203 617 1452 682 devotus
1498 622 1767 683 favonius
1813 620 2164 704 divortium,
2219 621 2430 685 abortu
2480 631 2541 685 et
2579 623 2806 685 ‘subole‘
2849 642 3019 705 regu-

410 727 522 788 lam
569 735 813 808 propter
857 729 1359 810 praepositioneS,
1405 737 1473 789 ut
1517 736 1693 809 puto,
1742 729 2111 809 negantibus.

582 834 668 895 Bu
731 833 948 915 syllaba
1007 853 1116 915 per
1175 833 1213 894 b
1276 842 1495 896 mutam
1555 842 1796 897 notetur
1857 837 2217 918 certissime,
2293 847 2359 899 ut
2419 824 2677 900 tribuual
2739 837 3022 900 robustus

411 941 757 1002 vocabulum
802 940 1099 1003 stabulum
1147 940 1388 1002 ebulum
1435 941 1792 1005 vestibulum
1833 942 2193 1004 cunabulum
2233 943 2624 1007 moribundus
2661 945 3021 1006 furibundus

356 1078 384 1118 5
412 1056 584 1129 atque
621 1051 814 1109 omnia
859 1049 1019 1131 talia,
1066 1048 1356 1109 avunculo
1396 1056 1623 1110 tantum
1662 1051 1861 1111 minus
1898 1048 2138 1130 regulae
2185 1061 2641 1136 connumerato,
2687 1053 2822 1115 ideo
2860 1054 3017 1133 quod

412 1157 655 1217 formam
701 1154 1047 1217 deminutivi
1094 1155 1185 1217 vel
1231 1155 1537 1218 derivativi
1584 1176 1821 1218 servare
1865 1159 2103 1218 minime
2151 1157 2456 1220 dubitatur
2493 1167 2553 1220 et
2600 1162 2768 1239 quasi
2815 1162 3018 1221 venire

411 1263 482 1324 ab
509 1281 614 1323 avo
643 1262 1099 1325 demonstratur.
1148 1282 1319 1326 avum
1351 1247 1490 1325 vero
1519 1283 1626 1344 per
1648 1285 1680 1325 v
1710 1264 2044 1345 digammon
2075 1265 2256 1326 scribi
2284 1284 2431 1327 suus
2458 1265 2624 1328 locus
2644 1268 3020 1330 monstrabit.

582 1369 741 1431 Ilaec
788 1369 861 1430 de
911 1369 1120 1432 mediis
1166 1370 1421 1451 syllabis
1464 1373 1474 1449 Ι

530 1526 657 1591 VII
718 1526 935 1591 ITEM
979 1525 1375 1593 EIVSDEM
1419 1527 1860 1593 MARTYRII
1907 1529 2025 1594 DE
2072 1527 2428 1594 VLTIMIS
2477 1529 2896 1596 SYLLABIS
3015 1484 3022 1487 =
3097 1566 3109 1579 ·

343 1686 392 1723 ιο
590 1654 903 1735 Reliquum
952 1665 1044 1717 est
1089 1655 1314 1718 ultimis
1359 1660 1665 1718 nominum
1713 1657 1950 1738 syllabis
1997 1660 2302 1738 imponere
2350 1659 2630 1720 studium.

585 1762 663 1823 Va
711 1762 929 1842 syllaba
974 1766 1231 1826 nominis
1283 1767 1620 1846 terminata,
1676 1764 1971 1844 siquidem
2027 1764 2045 1824 l
2091 1764 2342 1826 antelata
2401 1765 2596 1826 littera
2654 1765 2742 1825 vel
2804 1765 3021 1827 vocalis

415 1878 617 1931 natura
676 1868 846 1949 longa
902 1873 960 1931 in
1016 1871 1374 1951 paenultima
1433 1872 1643 1953 fuerit,
1696 1889 1805 1950 per
1852 1890 1886 1931 v
1944 1870 2271 1952 scribetur,
2327 1879 2395 1932 ut
2449 1871 2591 1931 silva
2647 1871 2831 1933 malva
2892 1872 3024 1933 ulva

414 1975 577 2037 vulva
622 1976 783 2037 calva
827 1996 938 2038 uva
986 1980 1133 2039 stiva
1179 1978 1330 2039 oliva
1385 1977 1589 2059 saliva,
1645 1984 1883 2057 praeter
1937 1977 2164 2060 balbas,
2222 1979 2272 2038 si
2328 1986 2525 2039 tamen
2584 1979 2749 2057 prior
2805 1978 3025 2059 syllaba

415 2099 513 2106 ᾖ

589 2153 615 2202 1
657 2148 918 2203 friuolam
953 2149 1011 2203 Β
1046 2148 1280 2204 friuolus
1319 2149 1366 2204 G
1398 2148 1605 2203 friuolu
1639 2149 1697 2204 A
1822 2148 2081 2205 fauonius
2116 2150 2419 2206 diuortium
2448 2149 2765 2205 abortiuum
2802 2151 2861 2204 et
2896 2151 3023 2205 sub·

418 2229 560 2285 olem
595 2230 649 2284 A
685 2228 915 2285 fauoniu
954 2228 1203 2285 diuortii]
1240 2229 1502 2286 aboi-tim]
1513 2224 1600 2287 'et
1635 2231 1832 2287 subole
1872 2230 1921 2286 0
1949 2230 2237 2286 fauonium
2273 2230 2532 2286 abortum
2571 2232 2630 2285 et
2678 2228 2932 2284 subolem
2968 2229 3025 2282 Β

519 2316 550 2363 2
597 2311 827 2380 propter
871 2308 1271 2393 propositionis
1305 2310 1362 2364 Β
1543 2317 1574 2365 6
1623 2310 1921 2374 auumculo
1966 2315 2087 2366 baffi
2135 2313 2319 2366 minus
2355 2314 2410 2367 A
2456 2312 2766 2369 auunculus
2801 2313 3026 2367 tantum

419 2397 591 2452 minus
629 2398 677 2453 0
718 2398 994 2454 auunculo
1031 2401 1085 2454 tt
1118 2398 1345 2453 nomine
1389 2399 1575 2455 minus
1611 2402 1666 2454 Β
1819 2400 1947 2455 ideo
1984 2402 2156 2473 quod]
2204 2401 2443 2471 ideoque
2479 2401 2663 2457 ABG
2801 2408 2831 2456 7
2871 2417 3025 2456 mou·

420 2477 614 2531 strauit
656 2476 837 2533 ABG
975 2485 1007 2533 9
1055 2477 1394 2533 MARTIRII
1438 2480 1555 2535 AG
1692 2481 1789 2535 DE
1837 2481 2119 2536 ULTIMA
2168 2481 2498 2536 SYLLABA
2544 2483 2599 2536 A
2748 2486 2812 2535 13
2862 2479 3029 2535 calna

422 2574 527 2611 uua.
574 2558 722 2614 stiua
765 2558 820 2612 A
865 2558 1029 2613 calua.
1072 2555 1298 2613 uastiua
1335 2558 1383 2613 0
1423 2559 1588 2617 claua
1631 2578 1744 2616 uua
1789 2561 1939 2616 stiua.
1972 2561 2029 2614 Β
2174 2561 2356 2619 saliua
2401 2564 2623 2631 praeter
2672 2558 3026 2615 discretionis

422 2637 599 2707 gratia
632 2638 825 2708 (halua.
860 2639 988 2695 add.
1026 2641 1105 2708 A)
1140 2640 1269 2695 ideo
1306 2658 1376 2696 ne
1412 2659 1524 2696 non
1560 2641 1710 2697 fores
1747 2640 1867 2696 ΑΟ

1315 2918 1683 2975 ΜΔΒΤῩΒΙΙ
1718 2919 1816 2974 DE
1854 2920 1898 2974 Β
1937 2919 2031 2974 ΕΤ
2065 2920 2118 2975 V

592 3085 674 3146 Vo
721 3084 936 3165 syllaba
984 3084 1156 3165 longa
1203 3085 1293 3146 vel
1340 3084 1537 3147 brevis
1582 3089 1643 3148 in
1693 3086 1888 3148 medio
1927 3088 2181 3148 nominis
2227 3089 2419 3166 posita
2463 3105 2574 3166 per
2612 3105 2645 3146 v
2692 3086 3023 3165 digammon

426 3191 737 3274 scribetur,
803 3201 867 3254 ut
926 3193 1243 3255 advocatus
1308 3194 1582 3255 frivolum
1643 3175 1961 3255 divortium
2022 3193 2270 3255 devotus
2336 3194 2630 3275 favonius,
2695 3192 2905 3254 abortu
2966 3201 3027 3254 et

426 3298 616 3361 sobole
672 3299 936 3379 regulam
990 3310 1237 3380 propter
1290 3303 1787 3382 praepositioneS,
1845 3309 1913 3361 ut
1966 3310 2139 3382 puto,
2203 3300 2573 3380 negantibus,
2656 3299 2736 3361 bu
2803 3300 3022 3380 syllaba

426 3423 528 3485 per
572 3406 607 3466 b
656 3415 874 3467 mutam
923 3415 1163 3478 notetur
1210 3410 1570 3490 certissime,
1625 3417 1694 3469 ut
1749 3406 2008 3470 tribunal
2054 3406 2340 3468 robustus
2387 3403 2738 3469 vocabulum
2785 3406 3024 3468 ebulum

376 3511 775 3575 scunabulum
840 3512 1231 3575 moribundus
1297 3513 1656 3575 furibundus
1720 3521 1897 3593 atque
1953 3515 2148 3574 omnia
2213 3512 2377 3596 talia,
2441 3512 2732 3574 avunculo
2797 3519 3026 3573 tantum

426 3621 614 3681 minus
672 3620 910 3700 regulae
965 3628 1419 3704 connumerato,
1474 3620 1610 3681 ideo
1666 3621 1823 3700 quod
1881 3621 2128 3681 formam
2184 3620 2517 3681 diminutivi
2572 3620 2664 3681 vel
2719 3619 3025 3681 derivativi

427 3745 655 3788 servare
710 3727 950 3788 minime
1006 3725 1311 3788 dubitatur
1358 3737 1419 3789 et
1474 3729 1640 3807 quasi
1696 3726 2029 3788 venire‘ab
2086 3746 2190 3788 avo
2238 3727 2708 3802 demonstratur,
2766 3735 2832 3788 ut
2885 3745 3030 3787 avus

306 3897 323 3908 ,
427 3833 758 3895 avunculus.
833 3852 1005 3895 avum
1053 3852 1192 3895 vero
1240 3853 1347 3914 per
1394 3854 1427 3893 v
1474 3834 1806 3913 digammon
1856 3832 2038 3893 scribi
2087 3851 2233 3894 suus
2278 3832 2447 3930 locus
2495 3832 2865 3894 monstrabit.

563 3989 679 4055 DE
726 3989 1033 4056 MEDIIS
1080 3988 1499 4055 SYLLABIS
1544 3987 1955 4055 EXPLICIT
2000 3987 2330 4055 INCIPIT
2376 3988 2496 4055 DE
2542 3987 2898 4053 VLTIMIS

355 4115 403 4153 ιο
647 4129 661 4143 ·
1492 4092 1958 4161 FELICITER

599 4208 751 4269 llaec
808 4207 880 4268 de
938 4206 1148 4268 mediis
1204 4205 1456 4286 syllabis,
1533 4205 1832 4285 reliquum
1879 4213 1975 4266 est
2020 4204 2244 4267 ultimis
2290 4209 2599 4267 nomInum
2644 4204 2882 4285 syllabis
2928 4208 3031 4265 im-

429 4333 641 4393 ponere
688 4313 970 4377 studium.

599 4419 675 4481 Va
721 4420 937 4501 syllaba
985 4422 1240 4482 nominis
1287 4421 1625 4498 terminata,
1680 4419 1973 4499 siquidem
2027 4419 2045 4480 l
2104 4418 2355 4480 antelata
2414 4419 2610 4480 littera
2666 4419 2757 4479 vel
2817 4419 3035 4480 vocalis

602 4602 630 4649 1
678 4611 747 4650 vo
795 4548 1017 4664 syllaba
1060 4592 1231 4663 longa
1276 4591 1366 4645 vel
1412 4589 1598 4645 brevis
1639 4590 1695 4643 P
1737 4606 1811 4644 vo
1859 4590 2030 4660 longa.
2065 4607 2135 4644 an
2173 4590 2357 4645 brevis
2393 4589 2462 4644 N
2631 4595 2665 4643 2
2711 4590 2943 4645 abortus
2981 4593 3039 4645 et

431 4672 643 4728 soboles
678 4674 743 4728 N
774 4675 972 4730 avorto
1008 4675 1067 4728 et
1099 4671 1291 4727 subole
1334 4671 1391 4724 P
1518 4677 1549 4723 3
1588 4672 1654 4724 ut
1688 4673 1826 4741 puto
1868 4671 1925 4724 P
1957 4672 2021 4724 ut
2055 4673 2187 4739 pote
2224 4671 2291 4724 N
2419 4677 2454 4724 4
2490 4670 2824 4725 vocabulum
2863 4673 3036 4741 pabu-

430 4750 541 4806 lum
577 4752 802 4808 ebulum
839 4751 1182 4807 vestibulum
1219 4750 1557 4807 cunabulum
1593 4750 1650 4803 Β
1786 4757 1819 4804 5
1859 4749 2223 4823 cunabulum]
2263 4749 2595 4805 cenabulum
2632 4750 2700 4804 N
2836 4758 2868 4806 6
2908 4751 3038 4806 ideo

431 4847 526 4887 om.
573 4833 647 4896 N,
691 4834 818 4888 add.
869 4833 928 4887 P
1095 4837 1125 4885 ⁷
1174 4829 1400 4885 minime
1447 4829 1504 4883 P
1541 4829 1770 4885 memini
1819 4847 1908 4885 me
1953 4831 2019 4886 N
2183 4837 2217 4886 8
2262 4828 2597 4885 monstravit
2631 4830 2699 4884 N
2860 4838 2892 4886 9
2941 4831 3036 4888 DE

430 4911 676 4968 MEDnS
710 4943 781 4955 —-
816 4910 1205 4968 FELICITER
1240 4927 1341 4968 om.
1378 4912 1458 4979 N,
1495 4910 1621 4966 add.
1661 4909 1720 4962 P
