3613 5528
1487 395 1875 452 EXCERPTA
2862 400 2992 465 213

378 507 421 546 p.
447 496 539 537 sss.
566 495 645 537 sss
674 494 728 536 a.

380 580 804 643 emendationis
860 579 1181 642 incederet.
1257 579 1603 643 Diomedem
1658 590 1897 662 quoque
1961 590 2021 644 et
2065 581 2477 646 Theoctistum
2521 584 2716 664 aliqua
2770 585 2845 647 de
2890 586 2995 648 tali

378 697 506 750 arte
552 689 863 767 scripsisse
911 690 1329 767 comperimus
1404 690 1509 768 qui
1554 690 1605 749 si
1651 690 1877 750 inventi
1925 689 2173 770 fuerint,
2219 707 2323 750 vos
2361 708 2598 769 quoque
2637 709 2845 753 eorum
2891 691 2991 754 de·

377 796 582 857 ssorata
634 795 908 874 colligite.
984 795 1138 857 forte
1196 804 1258 856 et
1312 795 1458 857 alios
1515 798 1781 858 invenire
1836 796 2108 877 possitiS,
2163 814 2271 875 per
2326 814 2477 875 quos
2532 799 2739 858 notitia
2797 806 2991 859 vestra

376 906 573 984 potius
629 905 977 964 instruatur.
1050 904 1152 964 isti
1207 911 1402 963 tamen
1459 903 1563 982 qui
1616 902 1930 963 memorati
1987 911 2154 983 sunt,
2214 905 2265 963 si
2310 901 2548 964 assiduo
2595 903 2793 965 studio
2839 904 2988 965 rele-

323 1023 348 1063 6
374 1018 614 1091 gantur,
669 1027 906 1071 omnem
961 1008 1130 1070 vobis
1176 1008 1487 1089 caliginem
1541 1010 1930 1089 ignorationis
1976 1008 2318 1091 abscidunt,
2373 1017 2441 1071 ut
2488 1010 2645 1089 quod
2701 1009 2991 1073 hactenus

375 1119 708 1197 ignoratum
752 1125 846 1178 est
888 1116 1179 1180 habeatur
1226 1135 1297 1177 ex
1347 1118 1594 1178 maxima
1641 1124 1809 1194 parte
1856 1118 2251 1178 notissimum.

373 1329 413 1367 9·
441 1317 521 1358 523
548 1316 618 1358 αἱ
647 1314 755 1360 Gn·
1198 1258 1307 1318 1111
1356 1257 1674 1335 Praefatio
1720 1261 1980 1320 secundi
2022 1261 2172 1321 libri

546 1393 820 1454 Intentus
867 1392 1040 1454 nobis
1086 1400 1180 1453 est
1223 1392 1297 1453 de
1344 1399 1470 1452 arte
1517 1393 1896 1472 grammatica
1945 1393 2067 1453 sive
2116 1391 2412 1454 rhetorica
2459 1394 2549 1455 vel
2607 1394 2680 1456 de
2727 1394 2986 1476 discipli-

372 1502 462 1560 nis
521 1500 715 1580 aliqua
775 1499 1037 1560 breviter
1096 1499 1244 1561 velle
1304 1498 1705 1562 conscribere.
1772 1515 2067 1586 *quarum
2127 1517 2330 1559 rerum
2391 1502 2680 1581 principia
2741 1519 2987 1563 necesse

297 1621 345 1659 ιο
372 1606 542 1667 nobis
589 1616 681 1668 est
726 1607 1036 1688 inchoare,
1092 1604 1527 1684 dicendumque
1574 1607 1743 1685 prius
1790 1612 1884 1665 est
1944 1603 2016 1665 de
2063 1613 2191 1665 arte
2238 1608 2644 1690 grammatica,
2699 1626 2851 1687 quae
2899 1616 2992 1669 est

371 1712 644 1775 videlicet
698 1715 864 1794 origo
911 1721 972 1774 et
1025 1711 1478 1774 fundamentum
1543 1711 1878 1774 liberalium
1923 1713 2274 1775 litterarum.
2347 1713 2498 1776 liber
2546 1724 2744 1776 autem
2792 1714 2989 1777 dictus

370 1828 462 1882 est
506 1839 538 1881 a
584 1819 768 1895 libro,
814 1821 874 1881 id
921 1828 1014 1881 est
1060 1819 1291 1880 arboris
1329 1819 1552 1879 cortice
1601 1818 1840 1899 dempto
1879 1827 2057 1899 atque
2104 1818 2381 1902 liberato,
2425 1819 2531 1882 ubi
2576 1830 2711 1882 ante
2758 1825 2987 1902 copiam

370 1927 708 1988 chartarum
747 1928 974 2006 antiqui
1012 1927 1274 2008 carmina
1321 1923 1752 1986 describebant.
1829 1928 1983 1987 scire
2022 1928 2220 1989 autam
2257 1926 2570 2008 debemuS,
2616 1930 2773 1989 sicut
2799 1926 2985 1989 Varro

370 2033 540 2115 dicit,
588 2033 859 2095 utilitatis
905 2032 1156 2094 alicuius
1203 2049 1380 2092 causa
1426 2032 1693 2092 omnium
1738 2034 1959 2093 artium
2006 2034 2273 2094 extitisse
2318 2035 2625 2114 principia.
2710 2051 2807 2094 ars
2843 2053 2984 2095 vero

297 2150 344 2190 1⁵
370 2141 527 2201 dicta
582 2148 700 2221 est,
758 2139 917 2219 quod
978 2157 1088 2200 nos
1149 2141 1276 2200 suis
1335 2138 1558 2217 regulis
1616 2145 1770 2198 artet
1832 2146 2010 2218 atque
2066 2142 2448 2220 constringat.
2536 2139 2634 2201 alii
2689 2140 2897 2202 dicunt
2950 2160 2983 2201 a

371 2245 611 2308 Graecis
665 2226 779 2307 hoc
836 2254 1091 2308 tractum
1138 2264 1270 2307 esse
1325 2244 1708 2325 vocabulum,
1763 2236 1897 2307 ἀπὸ
1952 2242 2071 2326 τῆς
2116 2237 2383 2328 ἀρετῆς,
2441 2246 2499 2308 id
2546 2255 2640 2309 est
2685 2264 2719 2308 a
2763 2249 2983 2310 virtute

371 2354 670 2414 doctrinae
680 2401 699 2435 ,
755 2372 934 2434 quam
987 2353 1197 2415 diserti
1251 2356 1363 2414 viri
1418 2355 1598 2414 unius
1656 2355 1947 2432 cuiusque
2003 2351 2192 2415 bonae
2248 2356 2337 2415 rei
2392 2356 2701 2416 scientiam
2758 2364 2984 2418 vocant.

369 2460 630 2521 secundo
687 2460 758 2521 de
815 2468 943 2521 arte
999 2460 1324 2542 rhetorica,
1381 2478 1530 2539 quae
1585 2468 1833 2540 propter
1889 2462 2143 2521 nitorem
2200 2469 2261 2522 et
2319 2463 2550 2542 copiam
2610 2461 2983 2542 eloquentiae

369 2585 508 2628 suae
547 2570 798 2629 maxime
836 2570 898 2629 in
934 2565 1206 2628 civilibus
1245 2565 1693 2646 quaestionibus
1732 2566 2067 2627 necessaria
2104 2568 2280 2628 nimis
2319 2576 2380 2629 et
2416 2566 2779 2629 honorabilis
2807 2572 2980 2630 aesti-

290 2685 340 2724 20
370 2683 577 2735 matur.
640 2676 815 2735 tertio
854 2673 926 2735 de
964 2672 1170 2754 logica,
1206 2689 1356 2752 quae
1395 2671 1700 2736 dialectica
1739 2681 2148 2753 nuncupatur:
2186 2673 2351 2756 haec,
2389 2683 2678 2755 quantum
2715 2678 2981 2755 magistri

369 2782 701 2843 saeculares
738 2782 970 2863 dicunt,
1008 2778 1508 2861 disputationibus
1546 2778 1950 2841 subtilissimis
1987 2800 2054 2842 ac
2092 2780 2373 2843 brevibus
2410 2800 2547 2844 vera
2585 2790 2921 2862 sequestrat
2947 2802 2980 2843 a

368 2888 544 2949 salsis.
619 2896 830 2968 quarto
887 2888 961 2949 de
1007 2887 1445 2966 mathematica,
1504 2904 1655 2966 quae
1702 2894 1985 2966 quattuor
2033 2887 2448 2968 complectitur
2495 2888 2863 2971 disciplinas,
2918 2890 2977 2951 id

367 3004 458 3057 est
503 2996 934 3057 arithmeticam
981 2995 1401 3075 geometricam
1447 2994 1732 3054 musicam
1781 3001 1843 3054 et
1888 2996 2334 3076 astronomiam,
2389 3013 2567 3074 quam
2613 2996 2978 3057 mathemati-

366 3120 491 3163 cam
551 3101 730 3163 latino
791 3119 1068 3162 sermone
1129 3100 1517 3162 doctrinalem
1575 3117 1897 3180 possumus
1960 3099 2272 3180 appellare.
2360 3118 2478 3180 quo
2539 3103 2778 3162 nomine
2838 3101 2979 3164 licet

294 3219 344 3258 2⁵
370 3208 563 3268 omnia
620 3206 967 3269 doctrinalia
1023 3208 1221 3269 dicere
1278 3206 1603 3285 valeamus,
1659 3224 2070 3287 quaecumque
2126 3206 2369 3289 docent,
2424 3206 2570 3268 haec
2618 3205 2731 3268 sibi
2776 3215 2973 3270 tamen

366 3331 676 3375 commune
715 3313 1063 3375 vocabulum
1101 3320 1347 3394 propter
1385 3329 1553 3374 suam
1589 3310 2000 3374 excellentiam
2034 3315 2277 3394 proprie
2316 3312 2654 3395 vindicavit,
2700 3320 2767 3373 ut
2800 3321 2974 3393 poeta

507 3491 533 3539 1
556 3484 901 3540 incideretB
975 3490 1007 3539 2
1038 3482 1324 3554 scripsisse
1342 3482 1459 3537 BD
1480 3482 1873 3553 conscripsisse
1894 3483 1982 3543 Ος
2065 3490 2100 3539 Β
2128 3484 2275 3541 forte
2295 3485 2455 3540 setB
2536 3489 2569 3539 5
2589 3482 2976 3545 abscindunts'

509 3567 550 3619 I
548 3582 589 3621 n
634 3568 900 3636 excerptis
953 3566 1087 3621 libri
1129 3564 1358 3620 secundi
1411 3564 1722 3633 adscriptae
1774 3569 1905 3619 aunt
1963 3566 2209 3622 lectiones
2262 3566 2465 3621 codicis
2511 3564 2978 3636 Wirceburqensis

362 3646 398 3712 s
424 3650 458 3701 5
502 3646 608 3714 (A)
660 3660 784 3701 cum
837 3645 1304 3701 emendationibus
1355 3644 1548 3698 veteris
1606 3644 1924 3699 corrector-ta
1967 3648 2052 3711 (a)
2095 3649 2145 3700 et
2189 3645 2438 3700 lectiones
2486 3644 2690 3700 codicis
2735 3644 2974 3716 Samer—

362 3734 633 3789 manensis
678 3738 795 3789 782
841 3734 933 3803 (S)
1099 3730 1529 3787 CASSIODORI
1576 3730 1985 3788 SENATORJS
2030 3732 2563 3788 INSTITUTIONU
2608 3733 2974 3790 DIUINABU

363 3820 680 3877 LlTTERU
728 3822 920 3877 EXPL
971 3822 1191 3876 LIBER
1239 3819 1515 3876 PRIMVS
1565 3819 1763 3876 INCIP
1813 3821 2078 3877 ErUSDE
2129 3821 2601 3878 SECULARJUM
2652 3822 2974 3878 LITTERU

362 3901 577 3956 LIBER
612 3901 992 3958 SECUNDUS
1029 3899 1177 3956 DEO
1216 3901 1532 3957 GRATIAS
1568 3900 1809 3971 prefatio
1836 3902 1967 3957 libri
1996 3903 2046 3957 Π
2082 3903 2155 3971 Β,
2192 3905 2257 3957 in
2282 3918 2388 3973 quo
2416 3903 2665 3972 pn‘mum
2690 3904 2974 3973 praefatio

361 3981 460 4036 illa
485 3995 652 4051 quam
677 3982 827 4037 dedit
855 3983 1116 4038 Garetius
1144 3999 1204 4051 p.
1225 3987 1342 4037 528
1368 3983 1577 4052 scripta
1603 3986 1704 4052 εει,
1742 3983 1886 4037 sicut
1910 3984 2180 4039 indicavit
2212 3984 2484 4050 Hau-sius,
2520 3983 2715 4038 deinde
2739 3998 2972 4053 sequun-

361 4066 452 4116 tur
484 4063 642 4128 haec,
678 4061 744 4116 In
781 4078 891 4130 quo
925 4061 1072 4116 libro
1110 4060 1353 4130 primum
1390 4061 1551 4118 nobis
1588 4061 1886 4117 dicendum
1924 4065 2009 4117 est
2044 4063 2115 4118 de
2142 4064 2264 4118 arte
2300 4061 2674 4133 grammatica
2709 4078 2853 4131 quae
2890 4064 2977 4117 est

361 4140 627 4196 uidelicet
659 4156 770 4210 sqq.
817 4140 914 4194 DE
952 4139 1444 4195 GRAMMATICA
1481 4140 1677 4195 ARTE
1715 4140 1773 4194 S.
1831 4141 2122 4210 inscriptio
2157 4143 2356 4197 omissa
2391 4147 2471 4198 εει
2503 4143 2572 4197 in
2605 4142 2661 4196 A
2806 4148 2838 4196 9
2875 4157 2972 4196 ne·

362 4237 510 4276 cesse
547 4236 649 4275 nos
686 4221 774 4275 est
807 4219 1073 4274 inchoare
1110 4218 1155 4273 S
1317 4225 1381 4274 11
1420 4219 1767 4291 liberalium]
1806 4219 2133 4276 liberat-ium
2167 4222 2222 4275 A
2389 4226 2455 4276 12
2494 4220 2741 4292 copiam]
2779 4219 2971 4275 inuen-

359 4300 569 4355 tionem
604 4300 661 4353 Β
809 4305 873 4354 13
911 4297 1293 4354 discribebaut
1326 4301 1383 4353 A
1420 4298 1812 4355 describebant
1847 4299 2091 4371 Ideoque
2128 4298 2357 4356 licentia
2391 4300 2478 4355 est
2502 4315 2651 4354 nuno
2678 4301 2736 4355 et
2772 4299 2971 4355 breues

358 4379 527 4435 libros
575 4379 763 4436 facere
809 4382 869 4435 et
912 4380 1241 4451 prolixiores
1287 4379 1612 4447 extendere;
1665 4380 1933 4449 quoniam
1982 4380 2128 4436 sicut
2177 4380 2365 4434 cortex
2418 4379 2478 4433 et
2523 4377 2773 4448 virgulta
2821 4394 2969 4435 com-

359 4461 627 4531 plectitur
654 4463 715 4517 et
748 4462 939 4516 uastas
968 4461 1193 4517 arbores
1222 4458 1461 4527 claudit,
1497 4458 1581 4515 ita
1614 4477 1715 4530 pro
1744 4477 1933 4516 rerum
1960 4458 2235 4530 qualitate
2262 4458 2598 4528 permissum
2627 4460 2715 4513 est
2739 4457 2970 4514 modum

359 4542 512 4598 libris
547 4542 815 4612 inponere
849 4540 905 4594 Β
1052 4546 1117 4595 17
1156 4538 1444 4595 doctrinae
1472 4554 1573 4594 om.
1601 4538 1657 4593 Β
1800 4539 1983 4596 bonae
2020 4555 2120 4595 om.
2157 4539 2213 4594 Β
2354 4538 2535 4595 bonae
2568 4540 2650 4606 (re
2678 4540 2968 4609 mtpcrscr.)

361 4621 652 4677 scientiam
687 4620 743 4674 A
885 4626 954 4675 20
993 4619 1290 4691 quantum]
1327 4635 1441 4689 qua
1472 4619 1599 4674 tum
1635 4621 1689 4674 A
1736 4629 1851 4691 qua
1888 4623 2009 4676 tum
2046 4636 2083 4674 a
2225 4623 2293 4672 23
2338 4616 2769 4673 astronomicam
2808 4620 2968 4687 (corr.

360 4699 780 4768 astronomiam)
824 4698 1282 4757 mathematicam
1328 4715 1461 4754 uero
1508 4698 1685 4755 latino
1729 4701 1786 4754 Β
1977 4705 2045 4754 25
2090 4697 2399 4769 valeamus]
2444 4696 2723 4767 possimus
2770 4698 2826 4753 Β

360 4786 426 4836 26
473 4782 540 4836 ut
596 4781 770 4849 poeta
817 4779 998 4836 dictus
1055 4780 1405 4852 intellegitur
1462 4779 1614 4849 apud
1668 4796 1863 4851 grecos
1916 4782 2178 4836 homerus
2236 4778 2388 4847 apud
2441 4776 2648 4833 latinos
2697 4777 2967 4850 uergilius
3060 4820 3069 4830 .

357 4862 540 4916 orator
576 4857 902 4916 enuntiatus
936 4859 1087 4929 apud
1124 4875 1318 4930 grecos
1355 4858 1746 4916 demosthenes
1781 4860 1934 4931 apud
1970 4859 2175 4915 latinos
2203 4857 2383 4915 cicero
2416 4857 2737 4915 declaratur
2773 4875 2964 4930 quam-
