3613 5528
1315 425 1411 481 DE
1450 424 2033 481 ORTHOGRAPHIA
2669 396 2676 403 ⁸
2888 426 2972 490 75

364 540 410 576 p.
439 527 559 566 2234.
588 527 639 568 35
666 526 715 567 P.
1464 524 1469 528 ’
2942 523 2949 530 ’

368 611 526 672 illam
571 611 683 672 sibi
730 613 927 672 locum
975 612 1205 694 secisse,
1254 631 1390 673 cum
1436 612 1698 692 alioquin
1746 630 1863 672 non
1910 611 2369 704 desideraretur,
2418 623 2483 672 ut
2528 614 2589 675 in
2627 614 2974 674 vehemente

369 728 431 780 et
459 721 517 779 in
546 720 930 802 reprehenso,
959 739 1095 782 cum
1127 697 1365 781 vemens
1394 729 1454 780 et
1482 738 1806 799 reprensus
1836 722 1963 781 sine
1994 721 2391 800 adspiratione
2421 721 2790 783 emendatius
2819 722 2972 782 dica·

364 819 522 907 tur):
577 844 707 887 uam
747 835 867 887 tam
904 827 1158 887 militum
1196 845 1372 906 quam
1409 831 1772 890 rusticorum
1812 827 2088 889 cobortes
2127 838 2285 910 sunt,
2324 827 2615 907 siquidem
2654 838 2715 889 et
2760 826 2976 889 milites

361 953 394 992 e
426 935 663 994 rusticis
694 942 754 996 et
791 953 864 995 ex
904 931 1170 995 eiusdem
1199 937 1460 1015 regionis
1500 935 1840 996 homiuibus
1869 934 2415 1017 conscribebantur,
2453 945 2520 996 ut
2558 944 2617 996 et
2653 952 2974 1014 agnoscere

307 1064 334 1104 5
363 1047 424 1099 et
447 1043 602 1100 tueri
633 1043 883 1102 invicem
913 1050 1174 1121 possent.
1205 1041 1362 1121 quod
1388 1061 1577 1122 genus
1606 1041 1880 1103 utilitatis
1901 1043 2076 1103 etiam
2107 1042 2260 1120 apud
2283 1040 2606 1102 Homerum
2637 1050 2745 1115 est,
2765 1042 2866 1120 qui
2896 1043 2977 1100 ait

682 1138 773 1221 ὥς
817 1142 1083 1230 φρήτρη
1131 1142 1523 1230 φρήτρηφιν
1570 1139 1810 1231 ἀρήγῃ,
1858 1144 2041 1229 φῦλοι
2090 1140 2164 1209 δὲ
2211 1140 2473 1227 φύλοις.

545 1254 696 1315 Sane
744 1274 995 1335 aspergo
1042 1264 1103 1316 et
1149 1274 1395 1335 aspargo
1442 1254 1662 1315 habent
1708 1256 2102 1315 differentiam
2150 1273 2344 1336 suam,
2390 1255 2682 1334 siquidem
2729 1273 2976 1334 aspergo

366 1359 611 1422 verbum
658 1371 770 1437 est,
826 1380 1075 1442 aspargo
1132 1381 1368 1425 nomen.
1452 1365 1649 1443 itaque
1708 1371 1766 1423 et
1824 1361 2113 1442 Vergilius
2164 1361 2173 1438 Ι
2223 1365 2304 1423 ait
2363 1358 2588 1423 ‘salsa
2647 1369 2978 1443 spumant

363 1472 745 1549 aspargine
794 1465 1094 1531 cautes{

293 1602 340 1639 ιο
546 1575 773 1654 Aquam
832 1594 1068 1655 quoque
1116 1594 1225 1657 per
1273 1597 1309 1657 q
1351 1570 1682 1638 scribentes
1730 1596 1946 1638 nomen
1995 1577 2368 1639 ostendimus
2414 1579 2501 1656 [et
2560 1578 2971 1661 trisyllabumJ,

368 1701 475 1762 per
512 1701 546 1743 c
583 1700 722 1742 vero
774 1681 1020 1743 verbum
1067 1683 1140 1744 ab
1187 1703 1257 1744 eo
1306 1685 1462 1763 quod
1511 1693 1605 1745 est
1649 1703 1796 1744 acuo
1848 1683 1937 1762 [et
1982 1685 2246 1765 acuere],
2293 1688 2516 1746 utinam
2564 1705 2786 1747 acuam.

547 1790 789 1851 Aurifex
823 1789 1033 1851 melius
1070 1808 1179 1869 per
1209 1792 1229 1850 i
1267 1788 1454 1870 sonat,
1483 1809 1658 1870 quam
1686 1810 1794 1870 per
1830 1810 1885 1852 ιι.
1960 1799 2021 1852 at
2049 1810 2344 1871 aucupare
2386 1802 2445 1853 et
2483 1795 2799 1872 aucupium
2831 1792 2973 1853 mihi

368 1914 580 1957 rursus
636 1895 846 1957 melius
892 1897 1128 1957 videtur
1176 1916 1386 1957 sonare
1434 1916 1544 1977 per
1590 1917 1630 1957 ιι
1677 1916 1854 1977 quam
1901 1916 2009 1976 per
2064 1901 2111 1978 ῖς
2168 1907 2230 1959 et
2284 1899 2439 1960 idem
2498 1909 2692 1961 tamen
2752 1901 2977 1979 aucipis

368 2002 519 2063 malo
581 2021 757 2082 quam
817 2005 1090 2085 aucupis,
1159 2006 1296 2083 quia
1357 2005 1480 2064 scio
1542 2022 1878 2065 sermonem
1941 2012 1999 2064 et
2065 2004 2267 2065 decori
2332 2008 2554 2067 servire
2619 2014 2683 2067 et
2744 2009 2977 2067 aurium

293 2136 343 2174 15
372 2110 671 2189 voluptati.
736 2110 893 2171 unde
931 2111 997 2172 fit
1035 2119 1102 2172 ut
1140 2129 1316 2190 saepe
1363 2110 1518 2171 aliud
1568 2110 1919 2191 scribamuS‚
1966 2110 2121 2171 aliud
2162 2115 2560 2193 enuntiemus,
2607 2115 2760 2173 sicut
2800 2131 2977 2192 supra

368 2218 602 2278 locutus
649 2237 780 2278 sum
839 2218 913 2278 de
961 2219 1089 2279 viro
1137 2216 1335 2295 [vero]
1386 2226 1445 2277 et
1490 2220 1742 2299 virtute,
1797 2216 1901 2278 ubi
1947 2219 1965 2277 i
2014 2216 2297 2280 scribitur
2346 2227 2406 2279 et
2449 2237 2636 2297 paene
2696 2239 2738 2279 ιι
2795 2237 2977 2279 enun-

370 2327 566 2386 tiatur.
642 2324 800 2386 unde
847 2325 935 2385 Ti.
984 2325 1262 2386 Claudius
1300 2343 1511 2385 novam
1559 2324 1855 2403 quandam
1903 2324 2158 2386 litteram
2215 2327 2564 2405 excogitavit
2618 2325 2868 2386 similem
2925 2328 2982 2385 ei

369 2439 542 2491 notae
600 2450 776 2511 quam
830 2450 940 2511 pro
996 2433 1393 2512 adspiratione
1451 2431 1662 2492 Graeci
1714 2441 1971 2513 ponunt,
2025 2451 2133 2512 per
2190 2452 2363 2513 quam
2422 2433 2830 2494 scriberentur
2876 2452 2979 2493 eae

376 2556 547 2598 voces
610 2556 762 2617 quae
828 2556 1021 2617 neque
1078 2539 1407 2600 secundum
1471 2538 1795 2599 exilitatem
1853 2543 1877 2599 i
1928 2538 2160 2600 litterae
2227 2558 2420 2619 neque
2479 2540 2807 2601 secundum
2853 2543 2980 2619 pin·

517 2700 697 2756 Coele-v
738 2700 1037 2755 Parrhasii
1112 2708 1139 2755 1
1178 2701 1358 2773 illam]
1397 2700 1558 2754 illum
1702 2706 1734 2753 2
1774 2718 2004 2756 vemens
2033 2704 2092 2757 et
2117 2704 2430 2775 reprensus]
2469 2705 2774 2759 uehemens
2804 2705 2862 2758 et
2896 2719 2979 2757 re-

371 2836 677 2905 prehensus
858 2784 1217 2890 emendatxiiui'is
1264 2787 1515 2890 dicatnilus
1555 2836 1621 2890 G:
1671 2836 1784 2890 tius
1822 2841 1872 2890 et
1907 2838 2000 2891 tur
2032 2854 2299 2906 superser.
2337 2855 2365 2892 3
2545 2843 2576 2892 5
2626 2836 2843 2929 possint

372 2932 547 2985 genus
593 2914 763 2970 etiam
811 2915 1079 2972 utilitatis
1124 2916 1276 2986 apud
1459 2924 1490 2972 6
1539 2912 1758 2986 φρήτρη
1799 2949 1864 2957 -
1905 2913 2106 2986 φύλοις
2150 2919 2277 2972 add.
2317 2935 2372 2984 c,
2418 2934 2540 2972 cum
2575 2934 2767 2987 pruma
2812 2934 2983 2972 moenu

371 2995 545 3050 solum
582 2988 657 3058 ὥς
690 2996 955 3065 scriptum
983 3001 1113 3051 esset
1258 3001 1290 3049 8
1330 2998 1416 3051 est
1444 3013 1545 3051 om.
1640 3013 1657 3026 ·
1692 2997 1770 3067 et]
1811 2999 1875 3051 ut
2020 3002 2086 3051 10
2121 3012 2222 3067 per
2256 3003 2294 3066 q*
2323 3002 2358 3050 ᾗ
2390 3005 2424 3052 a
2452 3014 2509 3049 m
2539 2996 2841 3051 scribentes

377 3080 439 3128 11
478 3074 719 3147 utinam]
760 3079 1010 3133 antinam
1198 3082 1263 3130 12
1312 3093 1410 3146 per
1446 3095 1485 3130 u
1520 3079 1585 3131 ut
1624 3094 1904 3147 aucupare
1943 3078 2001 3131 et
2036 3075 2319 3145 aucipium
2500 3081 2566 3129 18
2612 3074 2984 3130 scriberentur

375 3172 465 3210 eas
499 3173 666 3212 30333
814 3165 880 3213 19
920 3158 1235 3213 exilitatem
1272 3157 1497 3212 litterae
1638 3156 2092 3228 pinguitudinem
2129 3155 2353 3210 litterae
2391 3156 2594 3210 sonant

555 3304 581 3351 1
621 3298 779 3354 illam
820 3300 928 3356 sibi
965 3301 1147 3356 locum
1185 3300 1381 3355 fecisse
1417 3306 1682 3356 corrector
1718 3300 1920 3355 codicis
1951 3299 2211 3354 Vaticani
2353 3304 2385 3351 2
2425 3316 2548 3352 eum
2589 3298 2890 3352 vehemens
2927 3301 2984 3353 et

371 3381 737 3450 reprehensus
774 3381 830 3435 R
1009 3388 1040 3435 5
1079 3381 1325 3450 possint,
1368 3381 1519 3450 quod
1554 3397 1731 3451 genus
1769 3379 1941 3435 etiam
1979 3377 2244 3434 utilitatis
2279 3378 2428 3448 apud
2464 3378 2771 3433 Homerum
2807 3380 2892 3432 est
2926 3377 2982 3431 R

512 3465 546 3515 6
585 3454 659 3523 ὥς
696 3456 938 3531 φρήτρη]
976 3460 1141 3515 Hom.
1182 3461 1223 3512 I
1226 3461 1262 3514 Ζ.
1302 3465 1343 3513 Β
1382 3465 1491 3515 363
1709 3467 1739 3515 7
1786 3476 2026 3530 aspergo
2064 3460 2322 3526 verbum,
2369 3460 2428 3512 et
2474 3474 2712 3528 aspargo
2763 3475 2982 3514 nomen,

372 3541 569 3609 Itaque
607 3541 672 3594 ut
706 3540 978 3610 Virgilius
1013 3540 1097 3595 ait
1131 3539 1186 3594 R
1331 3544 1363 3593 8
1403 3540 1573 3611 salsa]
1617 3540 1770 3611 Very.
1801 3543 1942 3597 Aen.
1983 3542 2111 3595 III
2144 3545 2252 3595 534
2400 3545 2464 3592 10
2501 3540 2723 3608 Aquam
2760 3554 2983 3607 quoque

370 3637 469 3689 per
504 3638 544 3689 q
582 3636 893 3689 .a.q.u.a.m.
932 3620 1233 3675 scribentes
1269 3618 1326 3673 R
1544 3620 1676 3690 ε1393
1721 3620 2085 3690 disyllabum,
2131 3624 2232 3675 aut
2277 3620 2374 3673 hoc
2419 3619 2575 3673 modo
2613 3615 2984 3671 ostendimus:

369 3701 430 3754 at
457 3698 808 3768 trisyllabum
835 3718 936 3771 per
963 3718 993 3756 3
1020 3700 1276 3754 verbum’
1312 3700 1686 3755 Commelinus.
1733 3707 1956 3770 poterat
1992 3700 2345 3769 transpositis
2370 3699 2546 3753 verbis
2571 3697 2741 3751 scribi
2778 3714 2983 3752 nomen

369 3778 733 3848 ostendimus,
783 3798 884 3850 per
920 3799 951 3836 3
999 3798 1130 3836 vero
1178 3780 1411 3835 verbum
1449 3780 1520 3834 ab
1568 3796 1635 3834 eo
1671 3782 1821 3848 quod
1859 3786 1948 3837 est
1983 3798 2123 3837 acuo
2160 3779 2340 3848 acuis,
2388 3782 2449 3833 et
2484 3780 2571 3832 est
2606 3776 2981 3846 trisyllabum,

370 3859 585 3913 utinam
623 3875 836 3917 acuam.
889 3861 1237 3930 probabilius
1271 3865 1453 3914 tamen
1479 3861 1656 3914 visum
1691 3866 1766 3915 est
1803 3865 1862 3916 et
1898 3860 2251 3930 trisyllabum
2279 3864 2329 3913 et
2364 3859 2559 3913 deinde
2595 3860 2653 3911 et
2688 3872 2888 3910 acuere
2916 3874 2985 3912 ex

368 3941 617 4009 maraine
659 3940 821 3995 illata
857 3956 976 3996 esse.
1035 3957 1165 3994 nam
1203 3957 1406 4008 aquam
1442 3941 1607 3995 etiam
1643 3943 1924 4012 trisyllaba
1959 3942 2072 3995 dici
2107 3941 2203 3994 vix
2234 3943 2450 4008 poterat
2484 3940 2583 3992 hoc
2619 3938 2731 3992 loco
2758 3937 2988 4005 Lonqus

369 4035 779 4074 commemorare
924 4026 988 4074 12
1028 4020 1092 4073 ut
1119 4035 1396 4090 aucupare
1424 4023 1483 4074 et
1507 4022 1810 4092 aucupium
1839 4022 1912 4093 R,
1949 4023 2010 4076 at
2037 4036 2313 4090 aucupare
2343 4019 2400 4073 et
2426 4017 2727 4086 aucupium
2756 4018 2798 4070 Ι
2796 4019 2982 4072 imina.

371 4100 442 4166 cf.
470 4115 534 4167 p.
574 4102 665 4165 67,
705 4105 740 4154 3
887 4106 954 4156 16
991 4100 1216 4155 locutus
1256 4117 1395 4154 sum.
1450 4099 1532 4156 De
1570 4100 1689 4155 viro
1719 4119 1851 4156 vero
1881 4104 1938 4157 et
1973 4101 2182 4155 virtute
2219 4099 2301 4169 R,
2340 4099 2561 4152 locutus
2597 4115 2719 4151 sum
2757 4097 2826 4151 de
2863 4097 2984 4151 viro

371 4180 430 4232 et
473 4176 683 4234 virtute
727 4179 1000 4251 Taylorus
1047 4181 1112 4234 in
1156 4195 1398 4234 marmor
1434 4179 1800 4235 Sandvicense
1835 4182 2253 4251 (Gamabriyiae
2298 4198 2349 4234 a.
2388 4183 2557 4246 1743)
2597 4195 2656 4247 p.
2694 4183 2783 4247 47,
2829 4197 2985 4249 quem

368 4266 583 4315 secum
618 4266 694 4315 est
732 4260 1093 4315 Schneideow
1127 4276 1354 4330 yramm.
1393 4260 1487 4315 lat.
1524 4276 1572 4313 v.
1614 4260 1656 4312 I
1680 4277 1743 4328 p.
1781 4266 1894 4317 22:
1932 4262 2001 4328 cf.
2033 4278 2092 4330 p.
2133 4265 2221 4328 54,
2259 4265 2329 4314 13
2477 4265 2542 4314 18
2591 4275 2690 4314 eae
2725 4275 2889 4314 voces
2928 4259 2985 4313 R

370 4345 419 4394 et
454 4340 623 4394 codex
668 4339 859 4394 Vrsini
1004 4346 1070 4394 19
1109 4356 1253 4409 quae
1290 4356 1473 4408 neque
1508 4339 1817 4394 secundum
1855 4340 2163 4397 exilitatem
2199 4341 2422 4395 litterae
2460 4355 2639 4408 neque
2678 4338 2982 4392 secundum

370 4419 827 4491 pinguitudinem
876 4420 1100 4476 litterae
1153 4420 1355 4474 sonant
1402 4420 1489 4489 R,
1540 4436 1683 4488 quae
1734 4436 1916 4488 neque
1968 4423 2275 4477 secundum
2325 4421 2636 4476 exilitatem
2682 4418 2906 4473 litterae
2961 4419 2983 4472 i

371 4517 553 4570 neque
591 4500 895 4554 secundum
942 4499 1393 4570 pinguitudinem
1438 4500 1661 4557 litterae
1706 4521 1744 4556 u
1788 4503 1994 4557 sonant
2034 4502 2306 4573 Taylorus
2341 4506 2390 4555 et
2426 4499 2810 4567 Schneiderus,
2856 4500 2984 4553 item

373 4581 654 4650 Seyfmus
698 4597 923 4649 yramm.
962 4583 1057 4637 lat.
1104 4598 1152 4636 v.
1194 4583 1236 4635 I
1275 4599 1333 4651 p.
1372 4587 1498 4637 100.
1556 4597 1699 4651 quae
1746 4598 1929 4650 neque
1977 4582 2280 4637 secundum
2329 4577 2638 4634 exilitatem
2688 4579 2713 4631 I
2759 4576 2981 4633 litterae

372 4676 553 4728 neque
603 4658 908 4714 secundum
962 4661 1413 4732 pinguitudinem
1463 4662 1514 4715 V
1565 4662 1789 4716 litterae
1843 4663 2130 4730 sonarent,
2179 4663 2244 4713 ut
2292 4659 2351 4711 in
2397 4674 2462 4712 eo
2511 4655 2660 4725 quod
2708 4659 2793 4710 est
2837 4657 2984 4712 bibit

374 4739 572 4808 pudet,
608 4755 793 4808 neque
820 4759 1005 4797 rursus
1033 4742 1335 4797 secundum
1376 4742 1555 4796 latum
1593 4742 1816 4796 litterae
1845 4759 2039 4796 sonum
2069 4738 2515 4806 enuntiarentur,
2550 4738 2617 4790 ut
2651 4736 2710 4791 in
2738 4755 2805 4793 eo
2834 4743 2982 4809 quod

378 4819 693 4966 estllqu'jggre
723 4821 962 4952 εοῧδοτε
992 4823 1220 4877 coniecit
1244 4822 1579 4878 Bachezerus
1605 4825 1671 4878 de
1703 4826 1786 4878 Ti.
1820 4824 2059 4880 Claudio
2091 4821 2318 4876 Caesare
2344 4818 2697 4887 yrammatico
2723 4820 2983 4885 (Romae

376 4914 427 4951 a.
667 4915 729 4968 p.
