3613 5528
1348 453 1463 509 DE.
1486 454 2070 510 ORTHOGRAPHIA
2925 455 3011 521 53

402 566 447 603 1».
477 555 589 595 2218.
618 554 669 596 19
697 554 746 594 P.

405 639 583 701 ducas
624 638 746 719 pila
794 648 857 701 et
899 641 957 700 .ςὶ
998 640 1284 718 corripias
1326 624 1479 719 p11a3'
1522 647 1583 700 et
1627 639 1757 700 loco
1806 658 2019 701 rursus
2065 648 2503 703 transmutatus
2549 648 2831 703 accentus
2876 660 3008 722 par-

403 753 493 806 tes
547 762 783 825 quoque
839 747 1124 807 orationis
1178 746 1477 826 immutat,
1533 752 1600 806 ut
1645 745 1801 807 aliud
1859 756 1951 808 est
2007 748 2260 828 circum,
2317 748 2474 810 aliud
2531 748 2787 830 circum,
2848 747 3004 808 aliud

402 852 565 932 ergo,
623 850 779 912 aliud
839 855 998 931 ergo.
1090 851 1187 912 illa
1242 854 1425 931 igitur
1481 871 1632 931 quae
1688 855 1967 932 superius
2025 852 2145 914 dixi
2201 853 2490 915 valentius
2547 853 3007 934 adspirationem

396 959 548 1020 hanc
593 959 910 1040 adserunt,
957 965 1025 1019 ut
1070 957 1198 1019 loco
1245 957 1476 1019 litterae
1524 958 1829 1020 habeatur.

346 1079 372 1119 5
572 1064 724 1126 Hinc
772 1072 1098 1145 supersunt
1143 1082 1215 1125 ex
1264 1067 1444 1126 mutis
1488 1065 1528 1125 k
1577 1072 1638 1126 et
1683 1083 1716 1126 c
1764 1074 1825 1126 et
1870 1083 1936 1146 q,
1991 1064 2063 1126 de
2112 1065 2327 1145 quibus
2384 1068 2691 1146 quaeritur
2736 1085 2810 1127 an
2858 1068 3008 1127 scri·

397 1170 679 1233 bentibus
738 1174 858 1233 sint
912 1172 1298 1233 necessariae.
1392 1180 1451 1234 et
1498 1174 1601 1252 qui
1645 1172 1685 1232 k
1734 1172 2062 1255 expellunt,
2116 1180 2314 1233 notam
2371 1172 2578 1234 dicunt
2632 1192 2762 1234 esse
2818 1176 3005 1254 magis

397 1297 573 1359 quam
627 1280 916 1361 litteram,
976 1296 1091 1358 qua
1152 1280 1552 1358 significamus
1612 1278 1971 1340 kalumniam
2027 1278 2212 1359 kaput
2263 1278 2570 1342 kalendas:
2629 1279 2739 1340 hac
2799 1280 3003 1343 eadem

397 1405 612 1448 nomen
661 1385 852 1447 Kaeso
901 1392 1158 1447 notatur.
1240 1402 1360 1444 non
1408 1386 1593 1463 magis
1638 1385 1821 1463 igitur
1867 1385 1928 1444 in
1975 1403 2224 1446 numero
2269 1385 2603 1447 litterarum
2651 1406 2783 1448 esse
2830 1407 3001 1468 opor-

395 1502 523 1555 tere
579 1511 755 1573 quam
812 1492 972 1553 illam
1027 1499 1255 1572 notam,
1310 1509 1426 1570 qua
1473 1492 1768 1571 centuria,
1826 1499 1900 1552 et·
1942 1490 2112 1571 [qua]
2162 1505 2203 1554 c
2260 1510 2640 1570 conversum,
2697 1513 2814 1573 quo
2863 1494 3002 1557 Gaia

317 1612 366 1651 10
394 1602 786 1680 significatur:
834 1598 991 1679 quod
1038 1605 1211 1659 notae
1259 1596 1450 1678 ge‘nus
1494 1596 1764 1658 videmus
1810 1598 1872 1657 in
1921 1601 2340 1682 monumentis,
2387 1617 2524 1661 cum
2571 1603 2705 1680 quis
2749 1601 3001 1664 libertus

394 1707 660 1769 mulieris
713 1705 1073 1768 ostenditur:
1131 1706 1304 1767 Gaias
1361 1708 1520 1766 enim
1576 1706 1948 1785 generaliter⁸
1983 1725 2015 1767 a
2063 1708 2261 1787 specie
2317 1725 2523 1769 omnes
2580 1707 2861 1771 mulieres
2908 1728 2999 1771 ac-

392 1815 591 1894 cipere
637 1814 969 1876 voluerunt.
1035 1821 1096 1874 at
1131 1814 1236 1893 qui
1272 1812 1432 1873 illam
1468 1831 1602 1873 esse
1647 1813 1904 1874 litteram
1953 1813 2298 1897 defendunt,
2345 1817 2739 1876 necessariam
2787 1824 2999 1896 putant

391 1939 520 1982 esse
560 1920 899 1983 nominibus
947 1939 1099 1999 quae
1147 1939 1283 1981 cum
1330 1938 1363 1980 a
1410 1928 1699 1999 sequente
1744 1920 1898 1982 hanc
1943 1921 2201 1983 litteram
2249 1921 2544 1983 inchoant.
2618 1921 2777 1983 unde
2820 1925 2997 1985 etiam

392 2028 652 2107 religiosi
699 2027 937 2106 quidam
983 2025 1254 2106 epistulis
1302 2024 1691 2087 subscribunt
1718 2026 2046 2088 'karissime
2092 2046 2201 2107 per
2246 2027 2286 2087 k
2333 2034 2394 2088 et
2439 2045 2487 2087 a.
2562 2027 2720 2106 quod
2767 2030 2819 2088 si
2863 2028 2996 2090 ideo

312 2144 365 2184 ¹⁵
392 2136 724 2196 necessaria
779 2132 1039 2214 videtur,
1094 2131 1419 2193 verendum
1470 2139 1564 2193 est
1607 2150 1682 2194 ne
1733 2141 1793 2194 et
1840 2122 1980 2194 alias
2036 2134 2266 2196 litteras
2322 2135 2722 2216 requiramuS,
2778 2133 2996 2213 quibus

388 2249 490 2302 aut
535 2239 744 2301 Cicero
801 2238 1097 2300 scribatur
1153 2247 1256 2299 aut
1317 2238 1679 2300 commodus.
1772 2238 1847 2300 de
1893 2258 1932 2319 q
1979 2259 2216 2320 quoque
2261 2240 2458 2301 littera
2506 2241 2841 2319 quaesitum
2887 2248 2996 2321 est,

389 2356 449 2409 et
492 2347 664 2409 multi
717 2346 875 2407 illam
934 2345 1343 2428 excluserunt,
1400 2348 1677 2424 quoniam
1734 2346 1880 2407 nihil
1939 2346 2098 2408 aliud
2146 2348 2225 2409 sit
2275 2365 2451 2426 quam
2497 2365 2529 2408 c
2578 2355 2638 2408 et
2681 2366 2722 2409 u
2770 2353 2831 2408 et
2874 2365 2995 2408 non

388 2456 584 2515 minus
629 2455 821 2533 possit
866 2452 1048 2513 scribi
1095 2455 1231 2533 quis
1274 2472 1385 2533 per
1422 2472 1455 2514 c
1492 2460 1553 2514 et
1589 2472 1628 2514 u
1676 2461 1736 2514 et
1779 2456 1801 2523 i
1841 2462 1901 2515 et
1944 2474 1989 2515 s,
2063 2473 2200 2515 nam
2244 2456 2374 2534 ipsa
2419 2473 2655 2534 quoque
2703 2460 2843 2515 nota
2879 2472 2996 2534 qua

388 2560 685 2640 scribitur,
734 2561 784 2620 si
830 2558 1004 2619 modo
1053 2562 1356 2639 antiquam
1400 2560 1633 2621 litterae
1679 2560 1931 2641 figuram
1979 2568 2232 2640 spectes,
2280 2561 2543 2623 ostendit
2586 2579 2619 2622 c
2667 2579 2798 2622 esse
2844 2568 2906 2622 et
2951 2580 2988 2622 u

313 2678 364 2716 2⁰
389 2668 610 2746 pariter
656 2665 885 2727 litteras
930 2667 1088 2726 inter
1127 2684 1190 2726 se
1238 2665 1543 2727 confusas:
1592 2660 1601 2751 Ι
1649 2666 1902 2747 ideoque
1951 2685 2071 2728 non
2108 2667 2256 2729 nulli
2294 2670 2428 2748 quis
2466 2676 2526 2729 et
2564 2686 2713 2748 quae
2751 2675 2810 2729 et
2849 2667 2991 2747 quid

388 2792 492 2852 per
539 2792 576 2853 q
624 2781 686 2834 et
730 2774 753 2833 i
797 2779 858 2833 et
905 2790 935 2832 s
981 2773 1352 2854 scripserunt
1398 2780 1459 2834 et
1502 2792 1612 2852 per
1658 2791 1697 2852 q
1743 2793 1774 2834 a
1824 2793 1856 2834 e
1903 2783 1965 2836 et
2007 2794 2118 2855 per
2164 2794 2203 2855 q
2247 2779 2269 2837 i
2315 2775 2378 2858 d,
2435 2778 2714 2855 quoniam
2765 2775 2987 2838 scilicet

385 2880 445 2939 in
491 2898 529 2958 q
577 2886 738 2940 esset
783 2885 843 2939 et
888 2895 945 2938 u.
1038 2887 1098 2939 et
1145 2879 1217 2940 de
1261 2879 1376 2941 hoc
1434 2879 1671 2959 quidem
1727 2882 1788 2940 in
1840 2881 2302 2965 posterioribuS,
2359 2881 2462 2943 ubi
2506 2882 2868 2963 loquendum
2915 2883 2989 2944 de

386 2984 826 3067 orthographia,
885 2984 1179 3048 dicemus:
1244 3005 1404 3048 nunc
1464 2986 1536 3047 ad
1599 2988 1975 3065 quaestiones
2036 3006 2186 3067 quae
2246 2989 2518 3050 incidunt
2574 2991 2637 3050 in
2697 2992 2988 3052 rationem

385 3091 684 3153 scribendi
730 3093 1162 3155 transeundum
1208 3101 1317 3154 est.

558 3333 739 3390 Codex
773 3333 1072 3390 Parrhasii
1142 3341 1174 3390 2
1213 3335 1370 3391 aliud
1406 3337 1493 3390 est
1529 3337 1738 3390 circum
1774 3334 1930 3391 aliud
1967 3336 2175 3392 circum
2213 3336 2367 3392 aliud
2404 3338 2539 3408 ergo
2574 3336 2729 3393 aliud
2767 3338 2903 3408 ergo

384 3472 413 3519 '1
448 3466 640 3536 kapud
764 3468 894 3539 hac]
934 3469 1041 3523 hac
1079 3466 1128 3524 0
1159 3484 1296 3524 corr.
1337 3469 1477 3523 haec
1512 3484 1542 3524 e
1666 3476 1699 3524 8
1738 3468 1945 3540 Kaeso]
1983 3468 2132 3524 Kato
2259 3474 2292 3523 9
2330 3428 2497 3524 Elaia:
2525 3470 2720 3539 prima
2743 3487 2916 3525 manu
2953 3488 2984 3527 c

378 3566 747 3634 meo-scripta
891 3572 954 3621 11
995 3566 1158 3622 Gaias
1196 3567 1347 3622 enim
1383 3566 1721 3636 generaliter
1747 3557 1987 3635 aspicies
2025 3565 2219 3633 (deleta
2253 3566 2451 3622 ultima
2485 3566 2670 3623 littera
2706 3570 2752 3638 s)
2790 3586 2984 3626 omnes

505 3649 568 3698 12
605 3646 869 3713 putantes
905 3645 1222 3702 nominibus
1257 3661 1404 3715 quae
1441 3647 1568 3703 cuin
1605 3664 1640 3701 a,
1675 3647 1910 3701 sonante
1947 3646 2092 3700 hanc
2127 3645 2378 3701 litteram
2523 3653 2593 3701 14
2629 3649 2884 3720 epistolis

381 3729 444 3779 15
480 3723 793 3779 necessaria.
827 3723 1092 3779 uidentur
1219 3732 1286 3780 18
1325 3725 1474 3799 quis]
1515 3726 1666 3796 qnod
1791 3730 1861 3779 20
1896 3724 2044 3779 inter
2071 3723 2155 3796 se]
2193 3724 2251 3779 in
2291 3741 2351 3780 se
2477 3729 2647 3800 quae]
2689 3731 2886 3798 queret

377 3802 1229 3874 21perqideerqaid
1373 3805 2007 3876 22inqessecetu

554 4039 580 4087 1
623 4035 683 4088 et
717 4032 987 4102 corripias
1024 4034 1145 4104 pila.
1179 4035 1235 4090 R
1414 4040 1447 4090 8
1486 4051 1690 4093 nomen
1725 4035 1875 4091 Kato
1910 4035 2141 4090 notatur
2175 4034 2258 4107 R,
2293 4001 2499 4093 nomen
2534 4038 2716 4096 Kaeso
2753 4042 2984 4096 notatur

376 4114 584 4168 Iunius
762 4119 794 4167 9
834 4115 894 4167 et
928 4130 1042 4183 qua
1076 4132 1104 4169 2
1141 4131 1471 4170 conuersum
1507 4113 1588 4186 R,
1628 4117 1688 4171 et
1723 4131 1893 4185 quam
1929 4131 1956 4168 2
1994 4130 2324 4170 conuersum
2363 4116 2739 4174 Commelinue.
2794 4121 2982 4176 malim
3091 4129 3108 4138 ‘

374 4208 542 4260 quam
576 4192 736 4246 illam
774 4195 970 4247 notam
1008 4212 1124 4263 qua,
1149 4195 1401 4251 centuria
1428 4197 1489 4251 et
1523 4211 1637 4265 qua
1663 4194 1806 4250 Gaia.
1843 4194 2204 4265 significatur.
2260 4213 2392 4251 nam
2419 4214 2449 4251 c
2488 4215 2831 4268 conversum,
2869 4217 2982 4269 qua

372 4277 503 4326 nota
552 4288 667 4327 mm
708 4274 894 4327 minus
937 4274 1187 4330 centuria
1231 4292 1397 4345 quam
1441 4273 1588 4329 Gaia,
1630 4276 2077 4345 siynificabatwr,
2123 4273 2268 4331 sicut
2314 4294 2379 4332 ea
2423 4294 2562 4347 quae
2605 4295 2782 4348 supra
2825 4280 2892 4334 de
2939 4279 2979 4333 k

373 4352 555 4406 littera
598 4353 811 4421 scripta
844 4357 1001 4420 sunt,
1046 4354 1152 4409 hec
1191 4354 1389 4410 eadem
1423 4372 1629 4410 nomen
1664 4355 1849 4409 Kaeso
1885 4357 2139 4426 notatur,
2180 4363 2371 4427 postea
2404 4360 2660 4414 videntur
2697 4360 2978 4428 adscripta

372 4447 479 4486 esse
662 4438 725 4486 11
772 4433 1111 4502 generaliter
1154 4434 1326 4504 prisci
1369 4435 1473 4490 has
1512 4452 1703 4491 omnes
1753 4435 1810 4490 R
1992 4441 2055 4490 12
2102 4437 2434 4510 defendunt]
2474 4437 2745 4493 definiunt:
2779 4438 2835 4493 R

371 4511 741 4567 necessariam
778 4515 1042 4583 putantes
1077 4513 1419 4583 nominibus,
1460 4531 1603 4583 quae
1639 4532 1763 4569 cum
1801 4532 1837 4569 a
1874 4519 2109 4572 sonante
2144 4517 2289 4573 hanc
2324 4517 2574 4572 litteram
2617 4516 2886 4571 inchoant
2920 4517 2979 4573 R

463 4593 671 4660 putant.
705 4608 823 4647 esse
859 4593 1174 4649 nominibus
1200 4594 1607 4649 Brambachius
1642 4596 1877 4665 orthoyr.
1908 4594 2005 4649 lat.
2026 4611 2088 4664 p.
2117 4601 2250 4653 210.
2282 4612 2359 4651 an
2392 4596 2597 4665 putant
2629 4594 2701 4648 iis
2738 4596 2974 4651 nomini-

373 4670 510 4725 bus?
693 4677 761 4726 14
809 4669 970 4736 Quod
1015 4672 1065 4727 si
1111 4674 1255 4728 adeo
1301 4674 1645 4731 necessa-riae
1691 4675 1954 4731 uidentur
1999 4674 2054 4728 R
2247 4680 2311 4728 16
2359 4689 2584 4742 quoque
2629 4689 2728 4729 om.
2776 4674 2833 4729 R

375 4755 438 4804 19
479 4751 721 4822 spectes]
762 4753 975 4821 species
1001 4754 1083 4822 R,
1120 4757 1338 4824 spectes
1368 4754 1729 4811 Gemmelinus
1871 4755 2196 4811 20'litteras
2232 4753 2291 4807 in
2319 4770 2378 4808 se
2405 4752 2678 4811 confusas.
2735 4753 2975 4826 ideoque

372 4829 622 4885 nonnulli
659 4830 784 4899 quis
822 4834 880 4887 et
915 4835 1149 4902 quaeret
1184 4837 1243 4890 et
1278 4834 1413 4903 quid
1449 4834 1505 4891 R
1660 4843 1727 4893 22
1764 4835 1825 4892 in
1863 4855 1900 4906 q
1937 4837 2084 4890 esset
2120 4851 2151 4889 e
2187 4835 2246 4890 et
2278 4852 2317 4888 u
2352 4832 2408 4889 R
2558 4833 2619 4889 in
2654 4836 2976 4905 posteriori-

372 4908 496 4981 bus]
524 4926 586 4980 p.
625 4914 717 4981 70,
753 4915 844 4967 18.
883 4916 978 4981 72,
1013 4919 1052 4970 8
