3613 5528
1314 427 1412 481 DE
1450 426 2029 490 ORTHOGRAPHIA
2846 426 2973 491 287

369 535 412 571 p.
439 525 556 565 2797.
589 526 643 565 ss
667 525 719 564 P.

371 605 818 692 sacrificiis’,
865 620 925 672 et
970 629 1212 672 rursum
1263 607 1609 674 ‘recessit
1652 632 1685 673 a
1734 612 1945 694 malo,
2002 630 2139 673 non
2187 611 2370 691 quod
2433 612 2763 673 faciendo
2811 632 2976 694 con;

370 718 562 798 tigit,
622 716 744 794 sed
805 716 990 797 quod
1051 717 1485 779 inveniendo
1546 717 1992 800 reprobavit3
2052 720 2195 779 item
2258 714 2729 781 ‘dictumest
2789 718 2976 799 quod

368 821 500 882 hoc
537 841 829 884 numero
869 827 1162 903 requies
1200 821 1675 908 designatur’,
1703 828 1846 887 item
1877 821 2046 886 ‘non
2086 825 2265 886 nulli
2304 846 2459 887 sese
2499 828 2981 909 intrinsecus,

370 929 555 1006 quod
601 949 727 1009 per
774 949 895 991 eos
939 935 1403 1011 purgationis
1449 935 1683 1013 gratia
1729 932 2133 1013 derivatur,
2181 928 2586 994 extollunt'.

288 1049 314 1088 ⁵
546 1034 793 1106 Quoties
841 1039 1018 1099 toties
1064 1039 1286 1119 septies
1332 1041 1461 1100 sine
1510 1059 1566 1100 n.
1641 1039 1929 1119 quicquid
1977 1041 2038 1099 in
2084 1040 2284 1118 priore
2333 1038 2549 1119 syllaba
2595 1057 2706 1119 per
2751 1057 2785 1099 c
2832 1040 2976 1100 scri·

371 1140 645 1202 bendum.
723 1161 1058 1223 quanquam
1105 1145 1166 1205 in
1213 1147 1416 1224 priore
1464 1165 1571 1227 per
1617 1166 1672 1208 n.
1749 1146 1992 1226 querela
2040 1164 2151 1224 per
2198 1164 2384 1207 unum
2431 1146 2465 1206 l.
2540 1155 2834 1226 quatenus
2881 1145 2977 1207 ad-
3034 1213 3039 1216 ,

371 1248 635 1309 verbium
691 1249 808 1311 loci
865 1250 955 1311 vel
1011 1253 1324 1333 temporiS,
1378 1250 1436 1313 id
1495 1262 1586 1313 est
1641 1272 1981 1334 quousque,
2034 1271 2143 1332 per
2191 1270 2249 1334 e,
2314 1253 2592 1332 quatinus
2639 1254 2978 1313 coniunctio

369 1355 645 1431 causaliS,
701 1356 760 1417 id
809 1368 902 1419 est
960 1365 1052 1439 ut,
1105 1376 1215 1437 per
1260 1360 1281 1418 i
1328 1357 1727 1420 scribendum.
1802 1343 2111 1439 quaeritur
2158 1359 2231 1419 de
2276 1358 2660 1438 inquirendo,
2706 1360 2980 1437 queritur

368 1462 438 1522 de
485 1460 786 1541 plorando.
865 1472 1149 1543 quaestus
1186 1464 1367 1546 lucri,
1415 1465 2094 1544 questus-lacrimarum.
2136 1458 2146 1548 Ι
2187 1466 2557 1544 querimonia
2595 1483 2832 1545 quoque
2870 1484 2980 1544 per

292 1584 340 1622 10
370 1566 698 1648 simplicem
736 1588 767 1630 e
806 1568 1136 1631 scribenda.
1202 1573 1521 1650 quicquam
1566 1591 1674 1653 per
1711 1591 1771 1654 c,
1818 1591 1938 1633 non
1987 1571 2308 1652 quidquam
2351 1570 2732 1633 scribendum
2777 1591 2886 1652 per
2923 1571 2978 1632 d.

368 1676 766 1759 quorundam,
812 1679 969 1739 sicut
1014 1676 1368 1758 eorundem,
1415 1696 1525 1759 per
1571 1698 1610 1739 n
1657 1678 2068 1760 scribendum,
2113 1697 2233 1739 non
2279 1696 2389 1758 per
2435 1696 2510 1739 m.

548 1782 783 1854 Queror
829 1782 903 1844 de
951 1794 1039 1864 te,
1085 1801 1308 1862 queror
1355 1783 1462 1845 tibi
1508 1785 1581 1845 de
1628 1784 1758 1867 illo,
1804 1788 1947 1846 item
1995 1803 2348 1864 conqueror.

545 1883 710 1960 ‘Quo
747 1885 990 1952 vadis?
1040 1890 1110 1951 ad
1160 1908 1338 1968 quem
1385 1890 1580 1952 locum
1622 1893 1940 1974 significat,
1988 1887 2127 1970 ‘qua
2166 1887 2401 1953 vadis‘P'
2450 1911 2564 1972 qua
2606 1895 2695 1953 via
2743 1892 2979 1953 dicitur.

367 2012 487 2073 quo
532 1995 845 2075 aliquando
891 2016 1001 2077 pro
1049 1996 1152 2058 ubi
1195 2000 1467 2076 ponitur:
1512 1998 1879 2078 Augustinus
1927 1994 2241 2059 ‘invenis
2288 1999 2563 2059 domum
2612 1998 2977 2080 famosam,

292 2117 342 2156 15
369 2119 504 2180 quo
550 2102 718 2164 boni
763 2099 1147 2186 habitant’,
1192 2105 1253 2165 id
1298 2112 1392 2165 est
1436 2103 1540 2165 ubi
1584 2104 1867 2166 habitant.

549 2208 708 2280 Quot
753 2209 825 2271 ad
882 2228 1200 2272 numerum
1253 2213 1542 2294 pertinet,
1602 2213 1759 2273 sicut
1803 2220 1865 2274 et
1912 2218 2024 2294 tot,
2071 2215 2278 2291 quanti
2322 2221 2384 2274 et
2429 2215 2574 2274 tanti
2622 2212 2692 2273 ad
2740 2230 2976 2274 mensu-

374 2333 516 2378 ram.
589 2316 693 2377 sed
731 2320 924 2378 nostri
962 2326 1236 2379 auctores
1274 2317 1587 2398 aliquoties
1627 2326 1880 2398 quantos
1919 2338 2027 2399 pro
2065 2337 2316 2380 numero
2342 2323 2609 2399 ponunt:
2652 2318 2975 2398 Gregorius

372 2415 531 2483 ‘sed
561 2442 714 2485 cum
744 2432 898 2485 rete
929 2427 1199 2506 magnis
1228 2425 1556 2506 piscibus
1583 2421 1800 2505 plenu
1822 2444 1879 2485 m
1908 2424 2208 2507 dicitur,
2236 2424 2528 2487 additur
2557 2435 2627 2485 et
2655 2426 2980 2506 quantis,

370 2528 664 2590 scilicet
701 2526 963 2592 CLIII’.
1030 2540 1287 2620 quantus
1326 2551 1502 2611 quam
1540 2549 1788 2611 magnus
1824 2530 2059 2612 dicitur,
2098 2539 2317 2611 quotus
2354 2533 2527 2592 cuius
2565 2534 2792 2613 aetatiS,
2819 2533 2976 2593 unde

290 2651 345 2689 20
370 2641 432 2696 et
476 2645 656 2714 quota
700 2635 840 2699 luna
886 2637 1132 2699 dicitur:
1200 2638 1569 2718 Augustinus
1617 2635 1915 2718 ‘quotus
1959 2640 2271 2718 quisque
2319 2656 2665 2718 apparere
2712 2645 2783 2699 et
2827 2640 2975 2699 exi-

368 2749 567 2803 stere
622 2752 881 2826 potest,
937 2746 1059 2824 qui
1114 2762 1250 2805 non
1307 2747 1778 2808 convincatur
1837 2763 1995 2807 esse
2048 2739 2441 2826 peccator’,
2494 2742 2552 2805 id
2614 2746 2813 2806 estin
2860 2761 2974 2825 qua

368 2857 587 2929 aetate,
632 2868 751 2930 quo
797 2850 1033 2912 dierum
1076 2850 1169 2911 vel
1216 2869 1508 2913 annorum
1556 2871 1824 2915 numero.

545 2982 769 3045 Radius
814 2984 1167 3065 masculino,
1214 3002 1334 3044 non
1379 2983 1611 3045 radium
1659 2993 1891 3048 neutro.

547 3088 754 3151 Rubor
801 3091 1018 3153 coloris
1065 3098 1183 3173 est,
1229 3090 1415 3152 robur
1461 3093 1729 3172 virtutiS,
1771 3091 1954 3152 robor
1999 3089 2247 3152 arboris

231 3206 240 3215 '
294 3211 344 3250 2⁵
421 3191 426 3196 ’
549 3195 736 3277 Rapio
783 3197 891 3259 tibi
935 3201 1236 3279 pecunias

546 3302 805 3364 Redoleo
852 3313 1241 3395 unguentum.

548 3409 798 3491 Regium
845 3412 1066 3477 dicitur
1113 3412 1269 3492 quod
1319 3414 1480 3492 regis
1529 3414 1677 3494 l'uit,
1725 3412 1920 3492 regale
1969 3413 2128 3492 quod
2175 3431 2314 3492 rege
2363 3413 2605 3492 dignum
2652 3422 2773 3474 est..

546 3515 761 3577 Rabies
798 3526 1030 3580 tantum
1067 3537 1315 3580 numero
1355 3519 1656 3599 singulari.
1728 3518 2011 3599 reliquiae
2052 3529 2111 3580 et
2148 3528 2367 3601 rostra,
2406 3518 2508 3580 ubi
2545 3522 2986 3601 continuantur,

372 3631 600 3684 tantum
647 3622 974 3703 pluraliter.

551 3856 579 3904 1
620 3866 732 3906 non
769 3849 906 3920 qnia
939 3848 1198 3907 faciendo
1235 3851 1475 3923 contigit
1508 3852 1607 3908 sed
1645 3852 1794 3922 quod
1833 3851 2171 3907 inueniendo
2214 3852 2290 3905 Μ
2321 3868 2435 3906 non
2472 3842 2617 3921 'quia
2658 3868 2694 3906 a
2729 3851 2985 3907 faciendo

373 3929 648 3984 continuit
683 3931 780 3985 sed
819 3930 956 4000 quia
980 3933 1256 3988 ueniendo
1289 3933 1386 3992 §L
1420 3932 1573 4002 quod
1608 3932 1864 3988 faciendo
1899 3930 2142 4000 contigit
2175 3947 2275 4000 per
2310 3930 2458 4000 quod
2495 3928 2830 3985 inueniendo
2869 3930 2925 3985 P

378 4015 410 4063 2
449 4010 613 4082 item]
649 4010 805 4065 idem
842 4009 899 4062 P
1014 4010 1228 4066 dictum
1265 4012 1374 4083 est]
1413 4011 1553 4067 dicit
1589 4012 1685 4071 ςΙι
1783 4018 1816 4066 3
1856 4011 2110 4066 nonnulli
2147 4027 2265 4066 sese
2302 4010 2399 4068 eL
2436 4010 2718 4064 nonnullis
2754 4016 2826 4065 ee*
2856 4010 2991 4065 PM

477 4094 514 4143 4
551 4090 703 4159 quod
742 4091 817 4144 M
850 4091 948 4159 qui
984 4092 1041 4145 P
1069 4093 1204 4163 quia
1239 4092 1338 4151 §L
1481 4093 1825 4149 extolluntur
1862 4091 1959 4148 §L
2120 4096 2152 4144 5
2190 4088 2460 4158 quicquid
2497 4092 2556 4143 et
2592 4088 2894 4158 quicquam
2929 4091 2990 4146 in

372 4170 542 4240 priori
578 4170 800 4240 syllaba
833 4185 933 4239 per
961 4187 990 4224 c
1027 4171 1409 4241 scribendum,
1447 4189 1560 4227 non
1596 4190 1694 4242 per
1722 4171 1773 4226 d.
1834 4187 2153 4240 quanquam
2189 4169 2250 4223 in
2286 4169 2469 4238 priore
2508 4184 2609 4237 per
2634 4187 2689 4224 n.
2747 4187 2987 4238 quorun-

375 4252 500 4307 dam
530 4252 679 4307 sieut
705 4251 1008 4307 eorundem
1032 4268 1135 4321 per
1160 4271 1214 4310 n.
1263 4252 1521 4322 querela,
1559 4253 1770 4308 omissis
1805 4252 1964 4318 infra
1998 4267 2047 4306 v.
2086 4249 2387 4319 quicquam
2421 4279 2481 4289 -
2511 4265 2621 4303 non
2658 4265 2759 4318 per
2784 4262 2841 4304 n
2871 4251 2986 4308 sL.

377 4331 640 4402 quiequid
677 4362 746 4372 -
784 4347 885 4402 per
922 4348 952 4385 c
990 4332 1343 4387 scribendum
1380 4333 1479 4386 hoc
1514 4333 1628 4388 loco
1664 4332 1865 4386 omissa
1893 4335 2021 4400 post
2066 4335 2098 4383 8
2151 4345 2252 4398 per
2288 4327 2309 4383 i
2345 4326 2700 4383 scribendum
2745 4330 2905 4385 habet
2941 4329 2997 4382 P

481 4418 514 4466 6
552 4412 902 4484 quanquam]
940 4411 1166 4480 quando
1204 4411 1301 4479 qui
1339 4409 1396 4463 P
1568 4411 1820 4483 querela]
1859 4410 2085 4480 quet-ale
2124 4409 2180 4463 P
2354 4413 2382 4462 7
2435 4406 2494 4461 id
2532 4408 2619 4462 est
2645 4409 2840 4477 priore
2875 4410 2990 4464 loco

377 4505 474 4545 om.
511 4490 568 4543 P
704 4496 737 4546 8
785 4490 1038 4560 queritur
1080 4496 1310 4560 utroque
1362 4489 1475 4544 loco
1521 4489 1577 4543 P
1724 4490 2000 4560 queritur]
2051 4486 2410 4558 conqueritur
2458 4486 2531 4539 M
2681 4492 2713 4541 9
2760 4490 2989 4556 questus

379 4573 601 4638 uta-oque
635 4570 751 4624 loco
788 4569 845 4624 P
1016 4568 1379 4638 queremonia
1428 4586 1528 4638 per
1564 4570 1621 4623 P
1795 4575 1862 4624 10
1901 4569 2206 4638 quidquam
2246 4564 2598 4622 scribendum
2634 4582 2736 4621 om.
2779 4567 2853 4621 M

383 4652 445 4701 12
482 4664 793 4718 conqueror
829 4648 926 4707 s'L
964 4648 1268 4718 conquiror
1305 4648 1380 4701 M
1416 4662 1619 4716 queror
1655 4648 1712 4701 P
1813 4655 1881 4703 14
1918 4648 2133 4703 invenis
2174 4679 2237 4687 -—
2279 4646 2428 4713 Quot
2464 4661 2564 4699 om.
2604 4644 2661 4697 P
2765 4652 2831 4701 16
2868 4662 2993 4715 per-

380 4724 559 4782 tinent
593 4727 650 4781 P
753 4734 818 4783 18
859 4727 914 4781 S.
943 4743 1071 4782 cum
1098 4728 1252 4782 recte
1289 4726 1534 4796 piscibus
1560 4727 1779 4798 magnis
1800 4729 1857 4784 P
1956 4728 2096 4784 dicit
2134 4727 2210 4781 M
2312 4725 2510 4796 quanti
2542 4724 2598 4776 P
2701 4730 2767 4779 19
2798 4725 2992 4797 quam]

384 4805 513 4873 quia·
545 4806 602 4859 P
737 4811 802 4861 21
846 4807 968 4879 qui]
1005 4808 1141 4876 quia
1179 4807 1253 4861 M
1421 4813 1491 4862 24
1525 4808 1722 4879 robur]
1761 4809 1932 4863 rubor
1969 4807 2019 4860 P
2155 4814 2223 4864 27
2260 4807 2393 4878 fuit]
2432 4806 2575 4860 fiunt
2613 4805 2690 4859 M
2830 4806 2990 4878 rege]

383 4885 499 4955 regi
535 4885 668 4940 ΡΜ
808 4891 877 4941 28
914 4885 1277 4942 concionatur
1314 4887 1365 4940 L
