3613 5528
609 389 742 454 478
1591 390 1943 447 ARVSIANI
1980 392 2221 447 MESSII

611 503 654 540 p.
682 491 775 533 884.
804 493 881 532 235
909 491 962 532 L.

789 575 918 638 Huc
957 576 1221 659 include,
1281 578 1453 653 Verq.
1483 596 1644 657 geor.
1675 578 1728 638 11
1757 580 1909 651 (76)
1956 578 2092 639 huc
2138 577 2445 641 alienum
2495 599 2575 640 ex
2622 578 2878 641 arbore
2924 598 3220 660 germen

613 683 996 746 includunt
1033 732 1046 744 .
1087 684 1204 746 huc
1251 702 1524 766 asparge,
1571 689 1729 747 idem
1774 705 1937 767 geor.
1977 686 2083 746 1111
2133 687 2280 760 (62)
2325 686 2464 749 buc
2511 695 2585 749 tu
2632 690 2871 749 iussos
2916 706 3217 768 asparge

612 810 921 873 sapores.
1014 792 1132 853 buc
1180 792 1364 874 calca,
1413 796 1568 855 idem
1614 811 1773 872 geor.
1814 793 1865 855 11
1913 795 2101 868 (243)

930 900 1065 960 huc
1112 918 1279 980 ager
1325 900 1448 962 ille
1496 901 1721 962 malus
1768 900 2163 981 dulcesque
2211 921 2243 962 a
2290 901 2616 964 fontibus
2661 903 2888 965 undae

932 1008 1013 1068 ad
1060 1008 1351 1088 plenum
1398 1008 1775 1071 calcentur
1823 1057 1837 1070 .
1938 1011 1943 1018 ’
3278 1023 3305 1063 ⁵

793 1115 1029 1176 Inbians
1075 1114 1160 1176 illi
1206 1117 1319 1196 rei,
1374 1116 1548 1193 Verq.
1595 1117 1735 1177 Aen.
1784 1114 1891 1176 1111
1938 1117 2084 1190 (63)

1933 1224 2432 1318 pecudumque
2480 1225 2794 1288 reclusis

951 1329 1378 1411 pectoribus
1423 1331 1712 1393 inhians
1760 1329 1877 1409 [et]
1926 1334 2281 1412 spirantia
2329 1331 2652 1394 consulit
2698 1343 2884 1416 exta,

616 1440 737 1500 Cic.
783 1441 844 1499 in
884 1438 1050 1500 Catil.
1089 1439 1167 1500 llI
1207 1439 1404 1515 (8,19)
1452 1457 1655 1519 quem
1703 1441 2105 1500 inauratum
2155 1442 2223 1500 in
2272 1440 2631 1519 Capitolio
2678 1460 2967 1521 parvum
3006 1452 3220 1522 atque

618 1547 1002 1608 lactantem
1050 1545 1403 1608 uberibus
1449 1546 1720 1626 lupinis
1777 1546 2170 1608 inhiantem
2230 1548 2455 1609 fuisse
2515 1550 2948 1610 meministis
2997 1598 3009 1610 .
3055 1551 3219 1611 inhio
3252 1562 3304 1600 1⁰

619 1653 774 1715 illam
823 1673 977 1736 rem,
1022 1653 1193 1734 Verg.
1239 1673 1438 1735 georg.
1486 1654 1539 1715 Il
1586 1654 1779 1728 (463)

1044 1780 1174 1823 nec
1222 1764 1458 1822 varios
1503 1761 1789 1824 inhiant
1835 1765 2028 1824 varia
2074 1762 2446 1825 testudine
2491 1773 2740 1843 postes
2786 1812 2801 1826 .

798 1869 1071 1949 Indulget
1107 1868 1200 1930 illa
1239 1888 1333 1951 re,
1384 1870 1558 1945 Vero.
1596 1888 1797 1948 georg.
1837 1868 1945 1929 lIlI
1983 1870 2163 1943 (198)
2203 1888 2332 1931 nec
2380 1869 2772 1932 concubitu
2819 1871 3223 1955 indulgent,

620 1978 756 2038 Ter.
811 1977 972 2038 Adel.
1029 1979 1100 2051 (I
1147 1977 1316 2053 1,38)
1373 1979 1640 2038 vestitu
1700 1979 1917 2038 nimio
1971 1977 2307 2058 indulges
2354 2025 2367 2039 .
2415 1977 2681 2059 indulget
2735 1977 2817 2040 illi
2865 1981 2979 2061 rei,
3052 1981 3222 2057 νει-9.

620 2086 763 2146 Aen.
809 2084 862 2145 11
908 2084 1109 2158 (776)
2540 2107 2549 2117 ·
3254 2098 3309 2138 1⁵

1020 2191 1185 2273 quid
1234 2193 1432 2253 iuvat
1477 2194 1727 2253 insano
1775 2200 2049 2254 tantum
2096 2192 2478 2273 indulgere
2526 2193 2756 2255 labori
2803 2243 2817 2256 .

803 2300 1010 2381 Implet
1071 2298 1168 2361 illa
1234 2319 1326 2381 re,
1391 2298 1560 2380 Verg.
1625 2299 1767 2360 Aen.
1837 2300 1916 2360 111
1980 2301 2172 2374 (434)
2236 2302 2553 2362 animam'
2599 2304 2659 2363 si
2721 2303 2914 2363 veris
2977 2302 3229 2382 implet

623 2407 932 2489 Apollo·.
982 2405 1303 2487 implentur
1348 2406 1506 2468 illius
1554 2408 1669 2488 rei,
1730 2407 1905 2484 νει-9.
1952 2409 2091 2468 Aen.
2141 2406 2166 2467 I
2213 2408 2393 2481 (215)

934 2513 1334 2594 implentur
1380 2515 1655 2574 veteris
1701 2513 1962 2575 Bacchi
2008 2517 2451 2595 pinguisque
2498 2515 2774 2576 ferinae
2821 2564 2835 2577 .
2875 2515 2887 2594 Ι

801 2623 1013 2683 lunare
1054 2621 1216 2682 illum
1255 2621 1477 2703 locum,
1523 2621 1692 2701 Verg.
1723 2620 1865 2682 Aen.
1897 2621 1968 2682 VI
1998 2622 2182 2696 (134)
2220 2620 2330 2683 bis
2369 2621 2653 2702 Stygios
2702 2627 2955 2686 innare
3003 2624 3227 2706 lacuS,
3256 2636 3311 2675 2⁰

624 2732 782 2793 idem
829 2749 1026 2812 georg.
1074 2729 1126 2790 lI
1174 2730 1358 2804 (451)
1408 2738 1814 2793 torrentem
1861 2729 2116 2792 undam
2160 2729 2341 2792 levis
2387 2731 2671 2793 innatat
2725 2730 2928 2794 alnus
2967 2782 2980 2794 .
3018 2735 3227 2795 innare

625 2840 724 2901 illo
789 2839 947 2920 loco,
1028 2838 1200 2914 Verq.
1265 2838 1407 2898 Aen.
1474 2837 1603 2898 VIII
1667 2839 1854 2912 (691)
1918 2837 2171 2918 pelago
2246 2839 2497 2901 credas
2571 2841 2821 2902 innare
2902 2841 3231 2902 revulsas

625 2946 964 3028 Cycladas
1011 2992 1024 3005 .

804 3052 1087 3115 Incumbo
1134 3052 1219 3114 illi
1267 3055 1381 3134 rei,
1442 3053 1615 3129 Verq.
1663 3052 1797 3114 buc.
1846 3053 2047 3127 (5216)

1035 3159 1457 3222 incumbens
1504 3161 1724 3221 tereti
1773 3158 2034 3221 Damon
2082 3162 2187 3221 sic
2235 3163 2478 3241 coepit
2522 3161 2752 3222 olivae
2799 3209 2814 3223 .
3258 3176 3315 3216 ιε
3408 3194 3413 3201 -

626 3267 906 3331 incumbo
971 3268 1128 3329 illam
1195 3286 1350 3349 rem,
1415 3267 1528 3328 Sal.
1593 3266 1731 3329 bist.
1796 3266 1876 3326 111
1939 3276 2013 3329 ut
2078 3271 2444 3329 sustinere
2520 3288 2824 3349 corpora
2899 3269 3231 3350 plerique

628 3383 1087 3458 nequeuntes
1143 3394 1331 3437 arma
1387 3394 1510 3436 sua
1569 3377 1875 3455 quisque
1931 3377 2212 3436 instans
2268 3374 2723 3437 incumberet
2770 3424 2784 3437 .
2832 3376 3109 3437 incumbo
3158 3376 3229 3437 ad

809 3630 988 3686 Codex
1019 3629 1318 3685 ,Parrhasii
1369 3636 1396 3684 1
1416 3628 1585 3700 Verg.
1607 3646 1704 3685 om.
1806 3634 1839 3681 2
1868 3626 2020 3681 idem
2047 3644 2146 3682 om.
2176 3632 2403 3699 utroque
2429 3630 2543 3684 loco
2645 3636 2676 3682 3
2709 3628 2784 3701 II]
2817 3630 2840 3683 I
2935 3635 2966 3683 6
2998 3628 3229 3684 Inhiant

701 3713 866 3783 Verg.
906 3728 1007 3766 om.
1138 3717 1204 3764 10
1241 3710 1577 3782 inhiantem]
1616 3709 1926 3778 inhiante8‚
1961 3709 2054 3764 sed
2088 3709 2257 3763 deleto
2294 3726 2319 3762 s
2454 3716 2515 3763 12
2553 3707 2611 3762 ni
2648 3709 2834 3765 varios
2955 3715 3023 3764 13
3059 3708 3232 3780 Verg.

629 3813 728 3850 om.
891 3809 961 3847 ne
997 3790 1299 3846 concubitu
1462 3799 1530 3846 14
1566 3790 1835 3846 vestitutu
1871 3787 2046 3844 nimio
2208 3786 2374 3858 Verg.
2412 3804 2511 3844 om.
2679 3796 2744 3845 18
2781 3788 2948 3860 Verg.
2989 3806 3088 3845 om.

630 3884 694 3931 21
734 3876 952 3929 torrent
986 3872 1196 3927 undam
1233 3872 1386 3927 leves
1426 3905 1429 3908 -
1530 3877 1598 3925 22
1636 3869 1802 3939 Verg.
1840 3885 1940 3926 om.
2085 3868 2310 3940 pellago
2455 3875 2524 3923 24
2561 3868 2728 3938 Verg.
2768 3886 2867 3924 om.

812 4098 838 4144 1
862 4089 1050 4145 aliena
1077 4088 1352 4160 Veryilius
1451 4092 1480 4139 7
1503 4102 1878 4155 pecorumque
1898 4085 1949 4139 G
2050 4090 2117 4138 10
2136 4083 2438 4139 lactentem
2459 4084 2511 4138 G
2614 4091 2677 4138 12
2692 4101 2795 4139 nec
2814 4084 2996 4140 varios
3013 4084 3241 4140 inhiant

632 4174 868 4247 pulchra
885 4168 1169 4226 testudine
1188 4169 1379 4238 postes
1410 4166 1684 4239 Verqilias
1755 4172 1825 4221 26
1846 4168 1911 4219 ut
1929 4164 2198 4219 sustinere
2220 4179 2456 4233 corpora
2472 4163 2723 4233 plerique
2742 4167 3085 4234 nequeuntes
3106 4166 3239 4220 fessi

632 4271 789 4310 arma
816 4270 918 4308 sua
953 4249 1190 4320 quisque
1228 4251 1440 4305 stantes
1467 4246 1857 4302 incumberent
1885 4245 2083 4301 Car-rio
2111 4243 2248 4299 Sall.
2278 4244 2400 4299 hist.
2429 4245 2625 4313 fragm.
2647 4261 2708 4313 p.
2740 4248 2811 4299 79
2839 4245 2920 4299 ed.
2949 4244 3095 4298 Hav.
3118 4244 3240 4299 coll.

633 4335 783 4390 Serv.
821 4333 886 4388 in
933 4332 1089 4402 Very.
1125 4333 1266 4386 Aen.
1308 4330 1414 4384 IX
1447 4334 1568 4387 229
1606 4327 1855 4384 ostendit
1890 4343 2023 4397 ergo
2059 4325 2175 4379 iam
2212 4341 2309 4380 eos
2344 4323 2608 4379 diuturna
2644 4322 2887 4378 statione
2923 4323 3192 4394 fatigatos
3226 4366 3237 4375 .

634 4414 783 4485 quod
830 4415 1018 4468 autem
1068 4412 1251 4478 stant,
1307 4412 1365 4464 et
1401 4408 1643 4464 Romani
1686 4407 1858 4463 moris
1907 4409 1992 4461 est
2038 4410 2097 4461 et
2140 4405 2377 4461 bellicae
2422 4403 2775 4460 necessitatis
2814 4447 2825 4458 .
2864 4404 3011 4459 hunc
3048 4406 3240 4459 autem

635 4495 822 4551 standi
855 4491 1113 4549 habitum
1150 4491 1210 4546 et
1246 4489 1545 4545 Sallustius
1579 4486 1674 4542 lib.
1702 4487 1781 4541 ΙΙΙ
1818 4487 1949 4542 hist.
1980 4489 2407 4554 commemorat,
2444 4488 2508 4539 ut
2536 4484 2663 4540 fessi
2691 4502 2845 4540 arma
2874 4501 2976 4538 sua
3002 4484 3241 4554 quisque

634 4579 848 4632 stantes
915 4573 1236 4628 incumbere
1293 4614 1305 4627 .
1358 4570 1513 4639 apud
1561 4570 1907 4624 Anneianum
1981 4574 2294 4637 corruptam
2365 4569 2569 4625 codicis
2630 4568 2961 4636 scripturam
3026 4565 3243 4635 reliqui,

636 4671 966 4727 quamquam
1028 4656 1181 4707 stans
1244 4650 1593 4706 incumberet
1653 4648 2069 4719 yrammaticum
2131 4650 2411 4720 scripsisse
2473 4653 2729 4718 apparet,
2792 4647 2937 4716 quod
2998 4646 3242 4713 defendit

637 4735 894 4789 Kritzias
928 4732 1066 4789 Sall.
1103 4732 1227 4786 hist.
1264 4733 1460 4801 sraqm.
1495 4748 1554 4800 p.
1592 4735 1708 4786 295
1751 4771 1762 4783 .
1800 4727 2061 4784 Sallustii
2111 4735 2290 4785 autem
2324 4730 2490 4784 verba
2525 4730 2588 4783 in
2622 4728 2769 4783 hunc
2796 4728 2988 4797 potius
3021 4727 3243 4781 modum

636 4816 891 4870 videntur
927 4812 1263 4868 restituenda
1298 4827 1433 4877 esse,
1469 4810 1604 4866 fessi
1640 4812 1699 4864 et
1735 4808 2008 4864 sustinere
2045 4824 2277 4879 corpora
2302 4809 2556 4879 plerique
2583 4809 2928 4875 nequeuntes
2955 4821 3112 4861 arma
3138 4822 3244 4861 sua

637 4892 873 4964 quisque
910 4896 1122 4949 stantes
1155 4892 1476 4947 incumbere
1620 4897 1686 4946 27
1726 4888 1977 4961 quisquis
2012 4889 2228 4944 instans
2268 4890 2344 4943 M
