3613 5528
708 514 716 521 ι
1335 441 1433 499 DE
1471 439 2047 499 ORTHOGRAPHIA
2146 412 2150 425 '
2904 440 2989 506 33

375 554 419 591 p.
450 544 559 583 8264
585 543 635 582 P.

378 626 625 706 pluralis
669 635 865 688 autem
911 647 1019 708 per
1066 648 1099 688 e
1148 636 1207 689 et
1252 630 1301 710 i,
1346 638 1415 689 ut
1461 628 1682 689 sacileis
1721 606 1992 715 docilem,
2039 634 2107 687 ut
2153 645 2224 686 ex
2271 626 2384 686 hoc
2431 632 2736 723 appareat,
2780 634 2986 689 utrum

380 733 692 813 singularis
728 735 809 794 sit
853 735 1162 815 appellatio
1210 753 1283 795 an
1320 734 1586 815 pluralis,
1651 729 1697 812 †
1734 736 1932 795 aureis
1970 752 2118 814 quas
2157 732 2330 794 modo
2371 732 2628 794 aetheris
2667 732 2987 794 scribimus

381 859 497 919 quo
544 840 717 901 modo
766 842 1038 903 audimus
1085 840 1303 921 quibus
1350 860 1423 903 ue
1464 843 1659 903 minus
1698 860 1731 901 a
1768 840 1942 902 nobis
1980 843 2000 901 i
2038 839 2355 920 singularis
2391 842 2453 900 in
2493 840 2698 902 fraude
2735 840 2986 920 produci

377 955 589 1027 potest,
638 954 703 1008 ut
748 948 865 1008 vidi
911 947 1209 1010 scribitur.
1284 951 1334 1010 si
1380 957 1576 1011 autem
1625 967 1760 1010 cum
1810 948 2016 1009 eadem
2061 950 2082 1008 i
2126 947 2341 1027 littera,
2385 945 2542 1007 allud
2581 945 2778 1029 breve,
2825 945 2983 1008 aliud

328 1064 353 1105 ὁ
380 1052 618 1133 longum
665 1061 774 1135 est,
820 1062 887 1115 ut
931 1055 1029 1116 illa
1075 1064 1136 1117 et
1179 1057 1312 1136 pila.
1387 1059 1586 1137 apices
1632 1056 1714 1117 ibi
1759 1057 1901 1137 poni
1948 1053 2185 1136 debent,
2231 1052 2349 1114 ubi·
2380 1051 2568 1115 isdem
2613 1054 2832 1115 litteris
2878 1052 2987 1115 alia

378 1168 552 1241 atque
606 1161 718 1222 alia
776 1180 876 1223 res
922 1162 1294 1243 designatur,
1353 1171 1420 1226 ut
1465 1163 1627 1224 venit
1671 1171 1733 1224 et
1778 1165 1968 1244 venit,
2023 1161 2158 1223 aret
2204 1170 2265 1223 et
2311 1170 2465 1244 aret,
2517 1160 2660 1241 legit
2717 1170 2776 1222 et
2830 1161 2991 1242 legit,

379 1275 693 1346 ceteraque
748 1267 842 1329 his
899 1269 1126 1331 similia.
1211 1288 1392 1350 super
1436 1272 1456 1331 i
1504 1278 1700 1331 tamen
1757 1269 2015 1330 litteram
2070 1287 2218 1349 apex
2275 1286 2393 1329 non
2450 1270 2721 1347 ponitur:
2780 1267 2990 1329 melius

382 1375 537 1434 enim
587 1373 634 1451 [i
680 1373 826 1456 pila]
874 1377 935 1436 in
983 1376 1226 1455 longum
1279 1376 1660 1456 producetur.
1738 1386 1973 1438 ceterae
2021 1375 2278 1458 vocaleS,
2326 1393 2476 1456 quae
2524 1374 2734 1435 eodem
2780 1372 2988 1434 ordine

376 1483 600 1569 positae
632 1481 863 1542 diversa
893 1483 1242 1565 significant,
1273 1485 1437 1564 apice
1468 1484 1935 1564 distinguuntur,
1973 1502 2046 1544 ne
2078 1472 2282 1562 legens
2312 1480 2679 1544 dubitatione
2710 1479 2988 1562 impedia-

304 1599 352 1637 10
378 1594 495 1663 tur,
541 1588 654 1648 hoc
701 1597 794 1650 est
838 1607 914 1650 ne
960 1608 1081 1650 uno
1129 1608 1276 1650 sono
1323 1590 1562 1651 eaedem
1608 1592 2092 1669 pronuntientur.
2487 1644 2500 1659 ,

553 1693 911 1757 Brevitatem
947 1695 1125 1757 huius
1163 1694 1361 1778 libelli,
1399 1698 1450 1757 si
1491 1696 1597 1757 ubi
1635 1697 1888 1777 videtur,
1925 1693 2319 1775 adglutinabis
2358 1697 2413 1756 ei
2443 1712 2622 1775 quem
2660 1693 2732 1757 de
2769 1692 2989 1755 litteris

376 1802 545 1861 novis
591 1800 773 1863 habes
820 1820 852 1862 a
899 1821 992 1863 me
1039 1810 1366 1884 acceptum,
1414 1803 1570 1882 quod
1621 1804 1747 1883 ipsc
1795 1802 1928 1883 feci,
1976 1804 2114 1881 quia
2158 1798 2338 1863 husus
2375 1801 2670 1882 pusillitas
2710 1799 2822 1862 sub
2860 1803 2990 1881 ipso

377 1906 687 1969 decentius
731 1907 970 1990 prodire
1019 1928 1193 1990 quam
1240 1929 1349 1989 per
1395 1928 1460 1970 se
1508 1911 1743 1971 censeri
1786 1916 2037 1989 poterat.

554 2190 904 2270 [Terentius
960 2194 1221 2257 Scaurus
1278 2193 1352 2256 de
1418 2195 1788 2256 ordinatione
1853 2194 2113 2273 partium
2179 2194 2479 2257 orationis.
2570 2190 2639 2253 In
2708 2200 2989 2253 contextu

302 2311 351 2351 1⁵
376 2297 657 2360 historiae
704 2300 797 2362 vel
842 2300 1174 2384 latinitatiS‚
1220 2302 1293 2362 de
1342 2320 1460 2381 quo
1508 2300 1679 2362 nobis
1720 2280 1977 2361 'maxima
2025 2318 2168 2361 cura
2213 2309 2332 2381 est,
2387 2301 2646 2380 primum
2691 2297 2992 2360 indicativi

557 2514 587 2560 1
624 2524 726 2575 per
764 2525 795 2562 e
832 2510 890 2562 et
924 2506 976 2562 ie
1013 2507 1068 2561 Β
1212 2506 1485 2577 appareat
1520 2505 1820 2576 singularis
1857 2506 1995 2560 item
2031 2506 2202 2574 (idem
2228 2507 2283 2561 Β
2321 2523 2458 2562 corr.
2495 2507 2634 2563 item
2673 2507 2727 2576 b)
2766 2504 2842 2560 sit
2876 2503 2999 2558 BP

376 2589 647 2655 appareat
681 2578 979 2656 singularis
1012 2604 1083 2641 ne
1120 2587 1193 2642 sit
1230 2607 1272 2641 ω
1308 2589 1581 2656 appareat
1615 2587 1914 2657 singularis
1951 2588 1972 2642 i
2008 2588 2084 2643 sit
2133 2590 2399 2644 Usenerw
2556 2594 2589 2642 2
2628 2585 2811 2643 aureis
2851 2600 2992 2654 quas

376 2665 543 2721 modo
581 2667 859 2737 aethereis
895 2668 1165 2734 (aetheris
1202 2672 1268 2737 ω)
1306 2667 1596 2723 scribimus
1632 2666 1799 2722 modo
1838 2667 2038 2736 quibus
2077 2661 2396 2724 audiuimus
2432 2684 2535 2722 nec
2570 2667 2754 2721 minus
2791 2663 2989 2720 anubis

377 2743 397 2799 i
433 2745 736 2816 singularis
774 2746 831 2801 in
866 2747 1065 2803 fraude
1102 2747 1335 2819 produci
1370 2749 1560 2818 potest
1594 2751 1659 2803 ut
1695 2747 1814 2803 uidi
1852 2747 2114 2803 scribitur
2151 2747 2270 2803 Ρω.
2329 2747 2531 2803 codicis
2566 2745 2622 2800 B
2657 2745 2992 2813 sm‘ipmam

376 2841 550 2894 supra
585 2828 822 2884 exhibui.
882 2828 1065 2884 aureis
1106 2827 1305 2884 eodem
1342 2828 1510 2883 modo
1549 2846 1693 2899 quae
1731 2831 1863 2883 sunt
1899 2829 2143 2884 aetheris
2183 2828 2477 2884 scribimus
2514 2845 2625 2897 quo
2663 2827 2830 2882 modo
2868 2824 2989 2894 qui-

379 2906 477 2959 bus
516 2905 801 2961 audimus:
840 2923 945 2962 nec
991 2908 1173 2963 minus
1209 2909 1370 2962 nobis
1407 2907 1428 2961 i
1465 2906 1762 2977 singularis
1798 2907 1856 2962 in
1893 2907 2149 2963 fraudem
2186 2908 2416 2977 produci
2469 2909 2682 2978 potest,
2721 2908 2785 2961 ut
2824 2904 2986 2959 ‘vini'

378 2984 529 3054 quod
564 2985 776 3042 bibitur
813 2986 1009 3041 eodem
1045 2988 1211 3042 modo
1250 3004 1359 3058 quo
1396 2986 1712 3041 Romanum
1747 3004 1953 3041 nomen
1981 2986 2114 3041 Vini
2150 2987 2415 3043 scribitur
2441 2990 2670 3044 coniecit
2705 2987 2989 3041 Usenerus.
3080 3003 3100 3013 ‘

377 3066 573 3134 aureis,
592 3084 731 3135 quas
759 3068 926 3123 modo
954 3068 1198 3123 aetheris
1227 3066 1545 3134 scribimus,
1582 3068 1750 3122 modo
1779 3068 1981 3136 quibus
2021 3068 2304 3137 audimus,
2341 3070 2456 3122 nisi
2492 3074 2673 3123 tamen
2709 3066 2990 3135 leyendum

379 3151 454 3199 est
490 3145 635 3200 aeris
680 3147 1074 3204 Lachmannus
1109 3151 1173 3203 in
1199 3149 1368 3203 Isucr.
1396 3147 1522 3200 III
1554 3151 1681 3203 835.
1719 3149 2050 3203 coniecerant
2085 3149 2268 3205 aureis
2305 3148 2550 3204 aetheris
2587 3148 2784 3203 eodem
2821 3146 2988 3200 modo

379 3225 692 3297 scribimus,
733 3245 845 3298 quo
881 3231 1049 3285 modo
1087 3229 1270 3285 aureis
1309 3228 1507 3298 quibus
1542 3226 1814 3282 audimus.
1869 3244 1973 3282 nec
2015 3229 2195 3283 minus
2226 3245 2261 3283 a
2287 3228 2434 3282 nube
2463 3226 2761 3297 singularis
2797 3242 2984 3280 nume·

320 3356 333 3362 -
382 3322 472 3359 rus
508 3306 567 3360 in
602 3307 856 3364 fraudem
892 3309 1124 3379 produci
1159 3309 1375 3378 potest,
1414 3323 1541 3361 cum
1576 3305 1740 3361 nubis
1778 3306 2055 3362 scribitur.
2112 3310 2182 3376 ef.
2232 3307 2342 3362 Vel.
2381 3307 2554 3376 Lonq.
2589 3324 2647 3376 p.
2684 3310 2842 3363 2221

378 3393 412 3440 4
455 3386 503 3442 si
546 3391 737 3442 autem
784 3390 991 3458 (deletis
1027 3386 1115 3444 em
1155 3389 1370 3456 litteris)
1415 3404 1541 3440 cum
1579 3403 1648 3441 ea
1667 3386 1865 3443 ..dem
1914 3389 2150 3454 (duabus
2195 3389 2392 3443 litteris
2436 3392 2561 3454 post
2606 3403 2674 3442 ea
2718 3386 2924 3454 deletis)
2969 3382 2991 3437 i

379 3465 570 3520 littera
613 3467 768 3522 aliud
812 3469 868 3522 B
914 3469 976 3522 si·
1007 3470 1107 3524 aut
1151 3485 1278 3524 cum
1324 3466 1519 3521 eadem
1563 3468 1584 3521 i
1629 3467 1825 3523 littera
1868 3468 2022 3523 aliud
2061 3469 2178 3524 Ρω.
2234 3468 2282 3523 si
2326 3469 2518 3522 autem
2570 3485 2696 3523 cum
2734 3467 2928 3522 eadem
2968 3466 2990 3521 i

379 3545 568 3601 littera
605 3545 761 3602 aliud
796 3548 952 3603 brevi
988 3549 1145 3604 aliud
1194 3550 1365 3620 longa.
1393 3564 1428 3601 *
1457 3549 1519 3601 ut
1554 3547 1678 3616 lea
1722 3547 1842 3617 pila
1877 3538 2082 3603 lacuna
2116 3567 2228 3618 qua
2265 3550 2521 3619 apodosis
2549 3549 2805 3618 periisset
2838 3547 2990 3600 indi-

379 3632 503 3680 cata
550 3626 830 3684 Usener-us.
888 3630 1216 3683 conice-eram
1262 3629 1309 3683 si
1355 3628 1545 3683 autem
1581 3628 1776 3683 eadem
1815 3645 1916 3698 per
1949 3628 1971 3681 i
2008 3630 2256 3685 litteram
2294 3629 2639 3697 scribuntur,
2688 3626 2842 3682 aliud
2890 3642 2992 3695 per

377 3704 544 3758 breve
588 3704 635 3773 i,
681 3705 835 3760 aliud
884 3724 986 3776 per
1031 3709 1260 3779 longum
1298 3711 1408 3776 est,
1456 3711 1521 3764 ut
1563 3708 1690 3779 lea
1726 3710 1783 3761 et
1827 3707 1946 3777 pila
2162 3715 2194 3764 5
2233 3708 2460 3765 hisdem
2497 3707 2701 3764 litteris
2734 3705 2857 3760 BP

382 3791 412 3838 6
447 3787 631 3855 apices
665 3788 728 3840 in
762 3804 812 3842 v.
852 3787 1007 3842 venit
1042 3792 1092 3840 et
1127 3790 1251 3842 aret
1284 3794 1333 3843 et
1369 3788 1508 3859 legit
1538 3805 1642 3842 om.
1681 3787 1852 3841 BPm
2070 3796 2100 3844 7
2149 3807 2292 3860 apex
2345 3808 2458 3846 non
2502 3788 2730 3860 ponitur
2766 3806 2808 3840 ω
2847 3800 2991 3855 apex

378 3863 686 3933 imponitur
723 3866 778 3918 P
806 3883 949 3935 apex
984 3865 1274 3935 inponitur
1308 3867 1363 3921 Β
1578 3865 1779 3922 melius
1818 3866 1965 3923 enim
2006 3868 2026 3922 i
2061 3868 2181 3938 pila
2204 3870 2275 3932 ,in
2311 3870 2541 3939 longum
2579 3867 2751 3922 ΒΡω
2788 3864 2990 3921 melius

380 3944 525 3998 enim
563 3945 585 3998 i
618 3945 679 4000 in
715 3948 839 4017 pila
873 3947 931 4001 in
966 3948 1197 4018 longum
1245 3948 1512 4002 Umerus
1701 3953 1733 4002 8
1771 3947 1940 4018 quae]
1980 3946 2114 4017 quia
2148 3948 2203 4002 Β
2216 3949 2322 4002 Ρω
2362 3965 2533 4018 quom
2581 3948 2848 4002 Usener-us

381 4030 411 4076 9
448 4024 831 4096 distinguntur
866 4028 921 4080 Β
1064 4045 1135 4083 ne
1175 4028 1389 4098 legens]
1429 4027 1735 4097 neglegens
1775 4026 1833 4079 P
1961 4090 1974 4104 ι
2007 4033 2072 4081 10
2108 4028 2216 4082 hoc
2254 4031 2341 4083 est
2376 4046 2446 4083 ne
2483 4028 2544 4082 in
2580 4027 2682 4082 hos
2719 4026 2916 4094 (deleta
2951 4023 2990 4076 h

380 4104 580 4174 littera)
627 4106 732 4161 hos
778 4108 945 4162 aedes
989 4108 1381 4178 pronuntietur
1414 4108 1470 4161 Β
1518 4109 1624 4163 hoc
1669 4110 1755 4162 est
1797 4124 1963 4162 nemo
2008 4108 2111 4162 hos
2154 4108 2321 4162 aedes
2357 4105 2748 4177 pronuntietur
2785 4105 2841 4158 P
2884 4106 2992 4160 hoc

382 4184 465 4237 est
507 4201 672 4240 nemo
728 4188 835 4242 hoc
881 4188 1048 4243 aedes
1094 4187 1422 4258 pronuntiet
1466 4206 1509 4239 ω
1557 4187 1663 4241 hoe
1709 4189 1795 4241 est
1845 4205 1915 4241 ne
1964 4205 1997 4243 o
2043 4187 2103 4242 in
2149 4205 2213 4243 os
2261 4191 2322 4241 os
2370 4203 2547 4256 aeque
2597 4186 2993 4256 pronuntietur

391 4263 658 4320 Usevoerus
804 4272 867 4319 11
907 4267 956 4321 si
989 4266 1098 4321 tibi
1134 4267 1359 4322 uidetur
1394 4267 1481 4320 bno
1520 4266 1567 4321 si
1604 4267 1651 4321 ti
1686 4266 1912 4321 uidetur
1948 4267 2003 4319 B
2041 4267 2209 4323 scribi
2244 4267 2467 4322 uidetur
2504 4266 2560 4319 P
2747 4264 2989 4334 adgluti-

380 4343 539 4398 nabis
586 4344 637 4399 ei
686 4362 853 4414 quem
891 4368 933 4401 ω
980 4346 1361 4419 adglutinabis
1397 4348 1454 4400 et
1498 4363 1662 4437 quem
1702 4346 1758 4399 P
1786 4346 2169 4416 adglutinabis
2206 4364 2372 4417 quem
2409 4346 2464 4400 Β
2685 4351 2748 4399 13
2793 4361 2894 4413 per
2931 4361 2990 4399 se

384 4422 594 4478 censeri
641 4423 924 4492 Usenmus,
961 4425 1274 4496 percenseri
1309 4426 1363 4478 B
1402 4426 1703 4495 percensiri
1740 4427 1846 4479 Ρω
2027 4429 2265 4497 poterat.
2323 4428 2448 4483 finit
2486 4424 2678 4492 Quinti
2715 4422 2990 4478 Terrentii

384 4503 574 4558 Scauri
620 4503 690 4559 de
730 4505 1092 4575 orthograuia
1123 4506 1131 4572 Ι
1164 4504 1484 4560 Ten-entius
1522 4523 1748 4562 scaurus
1783 4506 1854 4561 de
1891 4506 2242 4561 ordinatione
2285 4507 2535 4584 partium
2585 4503 2853 4561 orationis
2885 4505 2896 4572 ι
2928 4504 2989 4557 In

386 4585 644 4639 contextu
674 4614 738 4622 -
771 4576 1114 4639 examinabit
1148 4584 1204 4636 P
1242 4587 1467 4654 poterat
1501 4586 1556 4640 B
1592 4589 1821 4655 poterat
1855 4586 2048 4640 FINIS
2088 4606 2149 4641 ω.
2197 4586 2292 4640 Εα
2331 4604 2468 4655 quae
2508 4585 2751 4640 Terentii
2788 4584 2991 4639 Scauri

386 4667 595 4720 nomine
621 4665 940 4735 praeposito
975 4667 1039 4719 in
1076 4664 1132 4717 P
1160 4665 1354 4719 addita
1388 4672 1519 4720 sumt
1561 4667 1816 4735 lequntur
1854 4668 2017 4722 etiam
2063 4668 2127 4721 in
2162 4668 2342 4722 codice
2388 4665 2715 4720 Valentiam
2754 4663 2830 4716 M
2864 4668 2915 4720 7.
2954 4667 2991 4718 3
3037 4733 3046 4740 .

385 4759 523 4800 nono
558 4745 639 4800 vel
675 4744 879 4799 decimo
903 4746 1117 4800 saeculo
1142 4747 1364 4814 semim,
1401 4745 1721 4802 Terrentius
1748 4746 1833 4802 ait
1869 4749 1930 4801 In
1960 4749 2224 4801 contextu
2259 4747 2529 4803 historiae
2560 4745 2654 4799 uel
2689 4743 2990 4800 latinitatis

388 4822 622 4893 primum
656 4823 894 4879 uerbum
930 4823 1221 4880 indicatiui
1256 4824 1424 4879 modi.
1498 4824 1714 4880 Deinde
1749 4824 1986 4880 dicimus
2022 4825 2352 4881 aduerbium
2389 4858 2456 4867 —
2495 4826 2683 4896 partes
2719 4824 2989 4881 orationis

389 4902 651 4959 eximabit

489 5009 800 5044 osannam
830 5011 1001 5042 nai-m
1040 5011 1126 5043 vn.
2525 5003 2556 5048 3
