3613 5528
1310 417 1407 472 DE
1448 417 2026 475 ORTHOGRAPHIA
2881 421 2962 484 21

364 531 406 567 p.
445 520 561 560 2256.
589 519 641 560 5⁷
668 520 719 558 P.
1602 536 1610 543 ·

542 603 849 665 Interdum
888 611 946 664 et
983 622 1020 682 p
1058 604 1254 664 littera
1304 621 1671 682 supervacuo
1721 603 1993 685 adicitur,
2039 615 2108 667 ut
2155 622 2294 665 cum
2340 604 2660 666 scribimus
2696 614 2971 684 sumptus

365 719 426 772 et
470 711 746 791 demptus
793 718 855 771 et
900 719 1164 791 emptus„
1219 729 1356 771 cum
1401 710 1623 790 alioqui
1669 713 1886 772 ceteris
1944 711 2439 773 declinationibus
2487 711 2804 773 verborum
2851 732 2971 774 non

363 817 531 878 adsit.
596 836 767 878 sumo
808 819 963 878 enim
1003 826 1063 878 et
1099 817 1272 878 demo
1301 826 1363 878 et
1401 835 1532 877 emo
1571 820 1845 892 dicimuS,
1885 826 1944 879 et
1980 817 2244 879 detracta
2285 817 2481 879 verbis
2518 822 2722 879 littera
2762 838 2970 900 super·

362 943 541 985 vacua
589 943 772 1003 quare
819 923 1374 1005 participationibus
1413 923 1700 985 adiciatur
1740 926 1889 984 ratio
1931 942 2046 984 non
2088 931 2195 985 est.
2271 943 2404 985 nam
2443 934 2686 1004 ruptum
2726 944 2862 986 cum
2902 945 2970 986 ea

307 1032 479 1091 sdici
535 1032 752 1091 mirum
799 1049 915 1090 non
969 1040 1093 1112 est,
1150 1049 1285 1092 cum
1342 1029 1520 1091 verba
1576 1049 1814 1109 quoque
1871 1050 1990 1091 non
2048 1033 2176 1091 sine
2224 1049 2292 1091 ea
2339 1033 2483 1112 sint,
2538 1039 2606 1091 ut
2650 1050 2862 1112 rumpo
2910 1040 2972 1093 et

361 1139 498 1218 rupi
555 1144 615 1197 et
668 1136 913 1216 reliqua.
1007 1137 1279 1199 similiter
1335 1136 1523 1197 hiems
1581 1155 1787 1197 carere
1835 1157 1872 1216 p
1928 1137 2124 1198 littera
2181 1136 2384 1219 debet,
2442 1141 2580 1217 quia
2635 1141 2697 1198 in
2753 1141 2971 1198 ceteris

363 1243 597 1305 casibus
645 1262 935 1323 nusquam
985 1263 1023 1324 p
1071 1262 1181 1305 nec
1228 1243 1267 1304 b
1312 1246 1645 1324 propinqua
1694 1246 1824 1305 eius
1872 1243 2222 1325 respondet,
2269 1246 2396 1305 sine
2437 1244 2447 1322 Ι
2490 1263 2742 1324 quarum
2788 1245 2971 1305 altera

360 1368 663 1429 nusquam
701 1352 764 1410 in
811 1350 1010 1411 latinis
1057 1369 1123 1411 ea
1173 1352 1410 1411 nomina
1458 1350 1848 1431 declinantur,
1895 1368 2045 1428 quae
2082 1353 2144 1410 in
2183 1358 2234 1424 ψ
2274 1339 2502 1431 graeca'
2523 1370 2665 1413 voce
2716 1353 2969 1413 esserun-

363 1465 487 1538 tur,
534 1465 600 1518 ut
644 1459 924 1538 princeps
974 1467 1033 1518 et
1079 1457 1343 1538 caelebS,
1389 1460 1526 1538 quia
1573 1460 1863 1538 principis
1909 1465 1970 1518 et
2015 1457 2257 1518 caelibis
2304 1457 2605 1519 scribitur.

283 1586 333 1621 10
541 1563 670 1624 Non
721 1563 1101 1626 mediocriter
1140 1572 1392 1645 peccant
1430 1567 1606 1626 etiam
1644 1567 1745 1644 qui
1784 1564 2044 1624 formoso
2082 1583 2122 1625 n
2159 1565 2419 1626 litteram
2456 1573 2784 1625 assumunt.
2851 1584 2970 1625 non

360 1672 545 1750 magis
592 1672 751 1730 enim
798 1670 943 1730 haec
990 1670 1187 1732 littera
1242 1670 1381 1731 huic
1438 1672 1663 1731 nomini
1718 1673 2054 1731 necessaria
2101 1680 2194 1733 est
2239 1689 2414 1750 quam
2470 1670 2756 1753 glorioSO,
2811 1670 2967 1751 quod

358 1797 391 1837 a
444 1776 629 1856 gloria
686 1778 872 1837 venit:
927 1780 1007 1838 ita
1064 1787 1131 1838 ut
1186 1778 1480 1858 gloriosus
1526 1797 1560 1837 a
1615 1776 1827 1858 gloria,
1857 1777 2180 1839 ‘formosus
2228 1797 2260 1839 a
2306 1779 2511 1838 forma.
2605 1796 2715 1839 nec
2772 1780 2969 1839 minus

359 1883 645 1945 falluntur
690 1886 793 1963 qui
840 1882 1194 1945 Mezentium
1244 1904 1350 1964 per
1397 1884 1515 1945 duo
1561 1904 1591 1944 z
1641 1883 1914 1944 scribunt
1960 1886 2302 1963 ignorantes
2358 1883 2654 1964 duplicem
2710 1884 2968 1945 litteram

356 2010 477 2051 non
525 1990 744 2051 debere
783 1993 1089 2072 geminari,
1134 2009 1487 2070 quamquam
1528 1989 1765 2069 quidam
1805 1990 2082 2071 colligant
2118 1990 2418 2072 duplicem
2454 2009 2576 2052 non
2614 2009 2763 2052 esse.
2830 2008 2965 2051 cau-

280 2116 330 2155 15
360 2116 486 2158 sam
535 2099 676 2158 item
726 2109 759 2157 a
804 2098 1007 2158 multis
1056 2100 1179 2158 scio
1224 2116 1334 2178 per
1380 2097 1498 2157 duo
1538 2116 1566 2155 s
1610 2095 1789 2157 scribi
1839 2115 1957 2157 non
2006 2097 2448 2159 attendentibus
2495 2098 2646 2159 hanc
2692 2097 2968 2178 litteram,

355 2213 423 2265 ut
469 2206 648 2264 etiam
696 2212 1001 2283 cognatam
1048 2204 1206 2265 illius
1245 2223 1294 2284 r,
1342 2205 1453 2264 nisi
1499 2203 1894 2283 praecedente
1934 2203 2119 2264 vocali
2156 2212 2429 2285 correpta
2469 2222 2587 2264 non
2637 2203 2829 2264 solere
2868 2222 2965 2282 ge-

355 2312 588 2391 minari,
634 2318 693 2370 et
739 2318 1065 2391 praeterea,
1112 2313 1389 2390 quotiens
1434 2310 1786 2390 productam
1836 2300 2106 2371 vocalem'
2136 2309 2230 2388 [u]
2273 2319 2574 2392 sequatur,
2620 2312 2681 2370 in
2721 2310 2831 2369 hac
2872 2328 2964 2370 so-

350 2417 477 2477 lere
527 2416 803 2478 desinere
852 2416 1106 2497 syllabae
1154 2436 1385 2499 sonum,
1433 2426 1499 2478 ut
1536 2419 1596 2477 in
1633 2416 1844 2496 plausu
1887 2426 1947 2477 et
1984 2416 2136 2477 lusu.
2210 2420 2292 2478 ita
2338 2436 2474 2478 cum
2512 2420 2574 2478 in
2612 2416 2721 2478 hac
2759 2419 2964 2496 utique

350 2523 553 2584 littera
592 2525 724 2584 eius
761 2524 919 2584 modi
966 2523 1318 2604 syllabarum
1358 2525 1515 2584 finiri
1553 2541 1737 2583 sonus
1784 2522 2013 2605 debeat,
2060 2542 2382 2604 numquam
2423 2532 2621 2585 autem
2660 2544 2692 2585 a
2729 2526 2962 2605 gemina

272 2651 324 2690 eo
353 2630 472 2690 ulla
521 2630 741 2710 syllaba
788 2633 1058 2712 incipiat,
1116 2640 1359 2711 apparet
1405 2649 1641 2691 causam
1688 2632 2051 2709 geminatum
2099 2651 2127 2691 s
2174 2649 2292 2691 non
2342 2634 2640 2713 recipere,
2686 2634 2963 2711 quoniam

350 2756 549 2816 neque
596 2739 658 2797 in
708 2738 822 2798 fine
875 2739 1286 2817 praecedentis
1342 2737 1593 2818 syllabae
1651 2735 1903 2798 alterum
1958 2746 2159 2818 potest
2213 2741 2353 2819 poni
2410 2758 2603 2819 neque
2652 2757 2682 2799 a
2729 2742 2962 2819 gemino

532 2935 565 2982 6
602 2928 785 2982 hiems
816 2945 873 2996 p.
911 2933 1008 2994 27,
1046 2933 1111 2982 11
1258 2937 1290 2982 9
1329 2926 1585 2997 princeps
1613 2944 1674 2995 p.
1714 2931 1800 2992 14,
1843 2932 1876 2980 7

534 3104 558 3150 1
602 3100 661 3151 et
696 3115 737 3167 p
775 3096 939 3150 litera
979 3096 1299 3165 Putseliius,
1338 3097 1396 3150 et
1430 3114 1468 3165 p
1505 3095 1527 3149 l
1565 3095 1620 3146 Β
1658 3097 1717 3149 et
1751 3112 1789 3163 p
1830 3096 1888 3148 et
1920 3094 1942 3147 l
1984 3095 2040 3147 P
2073 3098 2133 3150 et
2166 3115 2204 3165 p
2242 3099 2301 3151 et
2337 3097 2375 3151 b
2413 3117 2455 3149 ω
2616 3099 2869 3168 sumptus
2907 3099 2966 3152 et

349 3177 611 3247 demptus
641 3179 892 3246 emptus,
920 3177 1012 3232 sed
1029 3173 1070 3231 'e
1099 3179 1163 3231 in
1188 3193 1235 3232 υ.
1268 3177 1491 3245 emptus
1518 3191 1628 3229 ras,
1664 3173 1732 3243 P,
1769 3178 2024 3243 sumptus
2054 3175 2312 3246 demptus
2342 3178 2598 3247 comptus
2623 3178 2680 3230 Β
2708 3180 2963 3248 sumptus

348 3259 407 3311 et
442 3257 711 3326 demptus
751 3260 1002 3326 comptus
1040 3277 1082 3309 ω
1229 3263 1260 3309 2
1300 3255 1534 3310 caeteris
1572 3277 1615 3309 ω
1653 3258 1899 3310 ceterum
1937 3255 2063 3309 BP
2202 3263 2234 3311 3
2274 3257 2512 3312 dicimus
2551 3261 2610 3312 et
2644 3275 2744 3312 om.
2782 3258 2959 3311 ΒΡω

492 3336 755 3391 detracta
800 3335 983 3390 uerbis
1029 3335 1203 3404 (uerb'
1242 3336 1317 3404 B)
1365 3351 1709 3405 superuacua
1745 3336 1871 3388 BP
1913 3337 2166 3392 detracta
2201 3355 2238 3406 p
2271 3339 2340 3397 ,ut
2384 3353 2730 3407 superuacua
2775 3357 2818 3390 ω

346 3423 377 3469 4
418 3415 741 3470 addiciatmr
780 3415 837 3468 P
1008 3433 1137 3469 nam
1173 3417 1401 3484 ruptum
1436 3415 1586 3469 enim
1622 3433 1749 3470 cum
1788 3433 1854 3470 ea
1896 3417 1951 3469 P
1982 3432 2113 3469 nam
2151 3418 2377 3486 ruptum
2413 3434 2471 3470 m
2507 3433 2634 3470 cum
2672 3432 2741 3471 ea
2776 3437 2818 3470 ω

347 3503 380 3549 5
420 3512 533 3549 non
570 3495 779 3549 mirum
817 3497 901 3550 est
941 3497 1047 3549 Ρω
1245 3498 1309 3549 ut
1344 3495 1563 3565 rumpo]
1603 3498 1661 3550 et
1696 3513 1896 3565 rumpo
1934 3496 2109 3549 ΒΡω
2299 3503 2331 3550 6
2370 3497 2587 3566 hiemps
2623 3496 2696 3549 Β.
2738 3498 2962 3552 eandem

344 3576 675 3629 sententiam
713 3574 969 3629 Caesellio
1006 3575 1204 3629 tribuit
1243 3574 1594 3642 Papirianae
1630 3577 1784 3643 apud
1823 3576 2066 3631 Cassiod.
2091 3593 2149 3644 p.
2170 3581 2331 3632 2292
2467 3593 2655 3631 carere
2685 3597 2728 3629 ω
2764 3594 2961 3646 parere

344 3654 477 3708 BP
617 3672 657 3723 p
694 3654 945 3709 litteram
980 3655 1035 3706 Β
1191 3654 1325 3722 quia
1358 3655 1417 3708 in
1455 3655 1672 3710 casibus
1711 3675 1754 3708 ω
1794 3656 1929 3724 quia
1963 3655 2023 3710 in
2060 3657 2311 3712 uersibus
2348 3656 2486 3726 BP,
2523 3657 2617 3711 sed
2654 3657 2702 3710 si
2737 3673 2849 3712 ras.
2885 3657 2959 3712 Β.

343 3735 583 3800 sortasse
620 3732 758 3801 qnia
792 3730 849 3785 in
889 3731 1145 3787 omnibus
1174 3732 1418 3788 casibus:
1457 3734 1527 3799 cf.
1559 3733 1801 3787 Cassiod.
1832 3735 1866 3790 l.
1888 3751 1932 3788 e.
2080 3743 2109 3789 7
2145 3736 2436 3805 respondit
2469 3737 2522 3789 P
2662 3741 2695 3789 8
2731 3738 2963 3804 fortasse

345 3831 381 3867 a
408 3811 631 3867 Latinis
758 3810 817 3866 in
841 3829 878 3880 y
904 3827 1127 3881 grecam
1155 3829 1352 3868 uocem
1380 3814 1435 3865 Β
1472 3813 1533 3866 in
1569 3828 1829 3881 graecam
1855 3830 2051 3868 uocem
2085 3814 2190 3868 Ρω
2317 3821 2349 3868 9
2388 3815 2572 3870 celebs
2605 3815 2660 3867 P
2694 3816 2877 3886 celeps
2905 3816 2962 3868 Β

346 3893 574 3949 coelebs
612 3912 657 3945 ω
832 3892 1024 3947 celibis
1061 3893 1116 3945 Β
1134 3891 1187 3945 Ρ
1220 3892 1451 3947 coelibis
1490 3913 1532 3946 ω
1706 3900 1773 3948 10
1812 3895 2099 3949 assumant
2139 3894 2244 3947 Ρω
2401 3899 2466 3948 12
2505 3895 2736 3962 fortasse
2769 3896 2961 3966 itaque

346 3977 412 4029 ut
449 3973 733 4044 gloriosus
770 3990 804 4026 a
837 3972 1041 4044 gloria,
1083 3971 1163 4026 sic
1200 3973 1474 4028 formosus
1511 3991 1546 4027 a
1582 3973 1763 4028 forma
1906 3975 1965 4026 et
1997 3973 2273 4029 formosus
2311 3995 2353 4028 ω
2501 3981 2564 4029 13
2603 3975 2960 4031 Mettentium

1522 4065 1613 4094 non

346 4125 449 4179 per
487 4107 602 4161 duo
632 4107 661 4160 t
687 4103 938 4160 scribunt
969 4106 1024 4158 P
1167 4112 1232 4160 14
1270 4104 1551 4175 duplicem
1581 4122 1700 4161 esse
1736 4106 1792 4159 Β
1832 4108 1963 4174 (ιιοιι
1991 4123 2255 4176 superscr.
2287 4107 2342 4175 b)
2491 4113 2553 4161 15
2592 4123 2628 4162 a
2654 4123 2752 4163 om.
2781 4108 2958 4161 ΒΡω

454 4205 560 4257 per
596 4186 709 4240 duo
749 4203 802 4238 ss
841 4183 1007 4238 scribi
1045 4186 1109 4239 ut
1147 4202 1258 4240 non
1284 4185 1716 4243 ,attendentibus
1753 4208 1796 4240 ω
1832 4202 1934 4256 per
1970 4185 2079 4240 duo
2117 4203 2154 4238 ιι
2191 4184 2360 4240 scribi
2396 4202 2505 4240 non
2541 4186 2961 4242 attendentibus

349 4268 407 4321 P
441 4284 545 4337 per
583 4266 697 4320 duo
733 4263 776 4316 ii
813 4262 982 4318 scribi
1015 4268 1081 4319 ut
1114 4282 1226 4320 non
1262 4266 1693 4322 adtendentibus
1728 4267 1784 4320 Β
1967 4271 2032 4320 16
2070 4264 2198 4333 nisi„
2214 4268 2471 4336 correpta
2504 4267 2691 4321 uocali
2738 4283 2960 4337 praece·

346 4347 616 4404 dentibus
654 4343 1045 4414 (praecedente
1083 4347 1148 4414 ω)
1186 4361 1298 4399 ιιοιι
1338 4345 1444 4398 Ρω
1628 4354 1692 4401 17
1732 4346 2046 4418 praeterea]
2083 4348 2383 4415 propterea
2419 4366 2462 4399 ω
2631 4347 2885 4402 uocalem
2924 4365 2961 4400 ιι

346 4431 619 4498 sequatur
655 4426 766 4479 Βω
805 4425 1059 4480 uocalem
1096 4443 1133 4479 u
1168 4425 1421 4494 seqnitur
1451 4426 1518 4481 P.
1574 4429 1742 4482 scribi
1769 4431 1990 4497 poterat
2025 4444 2064 4480 ιι
2099 4426 2192 4481 vel
2228 4441 2314 4479 au.
2387 4426 2482 4479 sed
2525 4427 2726 4480 rectius
2768 4426 2959 4480 delebi-

346 4515 441 4564 tur
468 4526 533 4574 n,
572 4511 637 4561 ut
672 4507 819 4559 hanc
844 4521 1051 4574 quoque
1075 4506 1319 4575 requlam
1345 4508 1670 4573 yeneraziter
1696 4509 1950 4563 extulerit
1974 4507 2378 4576 yrammatieue.
2425 4505 2755 4573 productam
2781 4511 2961 4560 autem

344 4590 583 4644 vocalem
620 4586 775 4641 dixit
809 4591 858 4639 et
893 4586 1186 4653 simplicem
1224 4591 1273 4640 et
1309 4587 1727 4655 diphthongum:
1765 4589 1836 4655 cf.
1877 4587 1986 4641 Vel.
2024 4586 2199 4653 Lony.
2233 4601 2290 4652 p.
2329 4589 2488 4640 2238
2629 4583 2689 4637 in
2725 4584 2856 4655 hac]
2900 4583 2961 4638 in

348 4669 404 4724 id
441 4669 623 4723 ΒΡω
805 4670 870 4719 18
909 4666 1128 4738 sonum]
1169 4684 1229 4721 so
1263 4669 1271 4736 Ι
1303 4685 1437 4723 sono
1476 4669 1559 4737 (so
1596 4669 1660 4721 in
1694 4668 1804 4734 fine
1837 4667 2043 4736 versus)
2077 4666 2133 4719 Β
2313 4667 2378 4718 ut
2412 4663 2472 4717 in
2508 4663 2706 4733 plausu
2743 4666 2800 4718 et
2834 4664 2958 4717 lusu

348 4753 407 4804 et
440 4750 649 4819 plausu
686 4743 805 4799 ωΡ
1014 4745 1098 4800 ita
1146 4753 1239 4801 eni
1285 4746 1343 4800 in
1381 4748 1488 4801 hac
1525 4745 1719 4815 ntique
1759 4747 1977 4815 (utique
2011 4761 2122 4799 ras,
2161 4744 2214 4812 b)
2249 4743 2443 4797 littera
2476 4742 2532 4795 Β
2567 4743 2651 4797 ita
2687 4759 2814 4797 cnm
2849 4744 2958 4798 hac

346 4881 541 4950 utique
578 4877 779 4933 littera
820 4876 924 4930 Ρω
1066 4836 1266 4947 agaret·
1300 4876 1355 4930 Β
1393 4877 1452 4946 (p
1486 4893 1751 4948 superscr.
1792 4878 1846 4944 b)
2013 4882 2078 4931 21
2119 4874 2578 4948 praecedentibus
2617 4874 2864 4945 syllabae
2906 4874 2963 4930 P
