3613 5528
648 415 782 480 404
1770 413 2120 470 ΒΟΒΙΤΗΕΙ

648 528 692 565 p.
722 517 786 559 ³³.
818 517 872 557 ³4
898 516 957 558 H.

649 610 784 662 uter
829 609 963 663 utra
1010 607 1240 662 utrum:
1284 599 1361 681 pl.
1410 596 1673 662 ἕκαστοι
1720 594 1988 662 ἕκασται
2035 596 2273 663 ἕκαστα
2324 604 2442 663 utri
2490 610 2659 663 utrae
2706 610 2858 662 utra.
2950 592 3275 682 ἑκάτερος·

649 702 962 788 ἑκατέρου
1004 703 1133 769 καὶ
1181 702 1453 788 ἑκατέρα
1500 701 1808 788 ἑκατέρας
1850 702 1963 769 καὶ
2001 700 2314 790 ἑκάτερον
2353 702 2669 789 ἑκατέρου
2705 717 2960 789 uterque
2999 717 3253 789 utraque

649 824 998 895 utrumque:
1060 815 1136 897 pl.
1205 808 1502 895 ἑκάτεροι
1563 810 1676 876 καὶ
1742 808 2042 896 ἑκάτεραι
2106 809 2218 877 καὶ
2284 807 2557 897 ἑκάτερα
2622 810 2950 898 ἑκατέρων
3013 819 3255 896 utrique

649 931 935 1002 utraeque
984 931 1255 1002 utraque.
1347 914 1650 1004 ἑκάτερος
1698 917 1971 1001 ἑκατέρα
2027 914 2340 1003 ἑκάτερον
2395 924 2681 985 alteruter
2739 923 3024 985 alterutra
3079 922 3253 984 alter·

647 1038 864 1091 utrum.
955 1017 1050 1102 εἷς
1094 1028 1213 1111 μία
1251 1024 1324 1092 ἕν
1362 1047 1518 1091 unus
1556 1048 1670 1090 una
1711 1048 1923 1112 unum,
1971 1031 2396 1110 unusquisque.
2487 1024 2587 1103 τὶς
2631 1022 2848 1110 τινός,
2894 1020 3253 1109 ἀρσενικὸν
3309 1049 3336 1089 5

643 1130 753 1198 καὶ
816 1132 1154 1217 θηλυκόν,
1206 1130 1318 1198 καὶ
1374 1126 1734 1216 οὐδέτερον
1787 1130 1853 1197 τὶ
1906 1128 2094 1209 τινός
2151 1135 2389 1216 quidam
2449 1137 2733 1216 quaedam
2791 1135 3110 1217 quoddam:
3174 1135 3254 1217 pl.

643 1236 820 1316 τινὲς
861 1237 973 1304 καὶ
1018 1236 1172 1305 τινά
1218 1242 1458 1323 quidam
1504 1241 1793 1322 quaedam
1841 1244 2144 1322 quaedam.
2233 1242 2334 1317 τίς
2379 1243 2592 1324 aliquis
2635 1243 2828 1324 aliqua
2866 1243 3129 1325 aliquod,
3176 1243 3253 1324 pl.

643 1345 819 1424 τινές
855 1350 1033 1432 aliqui
1071 1350 1301 1430 aliquae
1339 1349 1559 1428 aliqua:
1603 1352 1664 1411 in
1704 1350 2029 1412 masculino
2068 1353 2296 1431 antiqui
2333 1351 2546 1431 aliquis
2582 1350 2859 1414 dicebant
2895 1353 3254 1413 nominativo

643 1458 884 1542 plurali,
933 1457 1087 1520 unde
1135 1461 1353 1520 mansit
1397 1456 1710 1538 aliquibus,
1800 1457 2057 1532 τίςποτε
2102 1451 2476 1538 τινόςποτε,
2521 1451 2633 1519 καὶ
2681 1452 2785 1520 ἐπὶ
2828 1456 3137 1539 θηλυκοῦ
3175 1451 3254 1521 τὸ

643 1556 832 1645 αὐτό,
872 1557 1231 1646 οὐδετέρου
1279 1558 1352 1627 δὲ
1397 1564 1620 1628 τίποτε
1664 1558 2008 1640 τινόςποτε
2057 1565 2212 1628 ullus
2251 1566 2366 1628 ulla
2404 1566 2619 1628 ullum:
2665 1566 2741 1648 pl.
2769 1561 3103 1640 τινέςποτε
3140 1561 3255 1629 καὶ
3285 1585 3338 1625 ιο

647 1665 1006 1753 οὐδετέρου
1060 1665 1366 1735 τινάποτε
1423 1664 1790 1734 τινώνποτε
1837 1672 1942 1735 ulli
1998 1672 2151 1735 ullae
2208 1672 2322 1734 ulla
2370 1723 2383 1736 .
2432 1667 2656 1748 οὐδεὶς
2712 1664 2991 1755 οὐδεμία
3048 1664 3255 1737 οὐδέν

650 1781 847 1843 nullus
897 1780 1052 1842 nulla
1100 1780 1356 1842 nullum:
1410 1780 1487 1862 pl.
1536 1769 1812 1853 οὐδένες
1858 1769 2165 1862 οὐδεμίαι
2214 1772 2462 1842 οὐδένα
2509 1772 2815 1843 οὐδένων
2864 1782 3007 1843 nulli
3058 1782 3253 1845 nullae

646 1887 822 1949 nulla.
919 1878 1076 1961 ὅλος
1121 1878 1288 1950 ὅλου
1335 1878 1455 1966 ὅλη
1505 1878 1665 1968 ὅλης
1712 1878 1877 1949 ὅλον
1915 1877 2080 1949 ὅλου
2118 1894 2279 1948 totus
2318 1895 2438 1948 tota
2481 1896 2686 1969 totum,
2734 1888 2810 1968 pl.
2840 1891 2993 1951 toti.
3023 1880 3256 1965 ὁποῖος

644 1984 884 2057 ὁποίου
934 1988 1046 2056 καὶ
1101 1984 1299 2057 ὁποία
1358 1984 1617 2073 ὁποίας,
1683 1983 1923 2056 ὁποῖον
1989 1986 2065 2055 δὲ
2130 1984 2371 2056 ὁποίου
2432 1989 2506 2056 έν
2559 2002 2700 2069 τοῖς
2755 1992 3116 2078 (imputante
3170 1987 3254 2060 οὐ

644 2099 968 2180 κλίνεται,
1032 2100 1222 2181 qualis
1287 2099 1485 2181 quale:
1558 2100 1634 2180 pl.
1701 2091 1924 2163 ὁποῖοι
1985 2094 2097 2162 καὶ
2163 2090 2388 2162 ὁποῖαι
2453 2091 2707 2163 ὁποίων
2773 2102 2976 2182 quales
3041 2104 3253 2185 qualia.
3286 2120 3338 2161 ιε»

645 2205 949 2281 τοιοῦτος
1010 2202 1121 2270 καὶ
1184 2198 1459 2286 τοιαύτη
1525 2205 1658 2267 talis
1726 2205 1867 2269 tale:
1930 2205 2006 2287 pl.
2053 2203 2348 2269 τοιοῦτοι
2402 2201 2515 2268 καὶ
2570 2206 2871 2270 τοιαῦται
2923 2203 3253 2274 τοιούτων

645 2315 793 2377 tales
841 2315 1004 2379 talia:
1051 2311 1125 2377 ἐν
1172 2308 1247 2377 δὲ
1293 2322 1435 2388 τοῖς
1480 2308 1853 2395 ἑλληνικοτς
1896 2309 2006 2377 καὶ
2053 2306 2132 2377 τὰ
2180 2305 2499 2394 οὐδέτερα
2542 2314 2839 2378 κλίνεται
2886 2309 3127 2396 οὕτως,
3172 2310 3254 2381 τὰ

646 2420 923 2487 τοιαῦτα
968 2421 1103 2486 των
1147 2415 1476 2485 τοιούτων
1525 2470 1541 2484 .
1588 2412 1835 2496 ὁπόσος
1880 2412 1919 2504 ἢ
1968 2414 2126 2496 ὅσος
2168 2415 2280 2484 καὶ
2328 2412 2539 2501 ὁπόση
2587 2411 2629 2501 ἢ
2677 2413 2802 2503 ὅση
2845 2417 2957 2484 καὶ
2995 2415 3253 2487 ὁπόσον

646 2523 687 2612 ἣ
747 2524 913 2594 ὅσον
969 2539 1227 2612 quantus
1281 2537 1519 2607 quanta
1584 2538 1902 2610 quantum:
1965 2528 2042 2609 pl.
2099 2519 2339 2591 ὁπόσοι
2396 2523 2506 2591 καὶ
2563 2519 2803 2591 ὁπόσαι
2860 2525 2972 2592 καὶ
3037 2523 3253 2596 ὁπόσα

645 2629 916 2702 ὁπόσων
954 2641 1158 2719 quanti
1197 2645 1449 2719 quantae
1488 2645 1705 2717 quanta
1743 2645 1804 2697 et
1842 2637 1945 2699 rel.
1974 2632 2295 2709 τοσοῦτος
2329 2629 2441 2697 καὶ
2467 2628 2756 2717 τοσαύτη
2785 2630 2896 2698 καὶ
2924 2635 3250 2702 τοσοῦτον
3281 2658 3335 2697 eo

649 2754 848 2810 tantus
897 2755 1057 2809 tanta
1105 2754 1360 2809 tantum:
1416 2744 1491 2827 pl.
1539 2741 1851 2807 τοσοῦτοι
1896 2736 2007 2806 καὶ
2054 2739 2369 2806 τοσαῦται
2416 2736 2527 2804 καὶ
2571 2740 2864 2808 τοσαῦτα
2908 2739 3251 2810 τοσούτων

644 2857 792 2916 tanti
858 2862 1052 2916 tantae
1118 2862 1294 2916 tanta.
1403 2845 1646 2927 πόστος
1715 2845 1926 2932 πόστη
1989 2844 2241 2913 πόστον
2281 2858 2520 2930 quotus
2585 2860 2765 2931 quota
2831 2862 3109 2933 quotum:
3173 2856 3250 2938 pl.

643 2955 877 3023 πόστοι
922 2954 1160 3022 πόσται
1205 2953 1417 3023 πόστα
1465 2962 1626 3040 quoti
1675 2968 1888 3039 quotae
1937 2966 2133 3038 quota.

819 3067 1160 3129 Possessiva
1205 3059 1491 3149 κτητικά.
1546 3059 1705 3148 έμὸς
1756 3061 1868 3128 καὶ
1925 3058 2046 3148 ἐμὴ
2100 3061 2212 3128 καὶ
2258 3059 2422 3148 έμόν
2481 3085 2649 3128 meus
2706 3086 2835 3128 mea
2891 3086 3117 3131 meum:
3173 3069 3247 3150 pl.

643 3171 789 3258 ἐμοὶ
833 3170 943 3238 καὶ
989 3170 1140 3255 ἐμαὶ
1185 3170 1296 3238 καὶ
1342 3166 1464 3257 ἐμὰ
1511 3170 1689 3255 ἐμῶν
1737 3175 1855 3235 mei
1901 3191 2064 3234 meae
2112 3192 2241 3236 mea
2279 3222 2292 3235 .
2333 3174 2435 3235 sed
2484 3182 2716 3236 veteres
2762 3177 2918 3237 mius
2955 3176 3249 3259 dicebaut,
3276 3194 3329 3235 25

644 3291 711 3344 ut
759 3286 969 3344 merito
1026 3292 1086 3344 et
1143 3286 1442 3344 vocativus
1489 3280 1817 3343 secundum
1866 3280 2130 3360 regulam
2179 3281 2190 3358 Ι
2240 3284 2550 3362 manserit,
2611 3288 2681 3343 ut
2735 3284 2813 3343 sit
2868 3303 2904 3342 o
2961 3286 3059 3346 mi.
3116 3300 3248 3346 nam

644 3393 838 3451 omnia
896 3392 1159 3471 nomina,
1224 3409 1374 3469 quae
1442 3390 1800 3450 nominativo
1857 3395 1993 3448 ante
2049 3406 2121 3448 us
2176 3389 2550 3449 novissimam
2607 3388 2884 3470 syllabam
2939 3393 2960 3452 i
3013 3390 3251 3473 habent,

644 3501 906 3560 vocativo
953 3500 973 3557 i
1020 3498 1444 3577 terminantur,
1504 3496 1684 3558 veluti
1731 3495 2024 3557 Salustius
2071 3512 2106 3554 o
2155 3493 2394 3558 Salusti.
2487 3488 2607 3569 σὸς
2652 3493 2779 3558 σοῦ
2825 3488 2909 3578 σὴ
2956 3494 3077 3578 σῆς
3123 3488 3248 3559 σὸν

819 3778 1001 3833 Codex
1039 3778 1434 3848 Sanqallensi&
1514 3784 1538 3831 1
1578 3777 1704 3831 uber
1749 3777 1878 3830 utra
1921 3777 2107 3830 utram
2155 3776 2460 3843 (corn-um)
2508 3776 2598 3845 pli·
2644 3794 2883 3830 εκαστου
2930 3776 3042 3830 utri
3088 3778 3249 3832 utrae

642 3860 770 3914 utra
805 3861 1088 3927 (superser.
1120 3877 1348 3914 εκαστοι
1383 3878 1477 3913 ται
1513 3858 1604 3926 τα)
1643 3875 1941 3925 εκαστερος
1978 3858 2137 3926 (corr.
2169 3859 2452 3926 εκατερος)
2596 3863 2629 3911 2
2658 3857 2756 3912 καὶ
2785 3858 2976 3927 priore
3002 3859 3118 3913 loco
3144 3875 3244 3913 om,

673 4018 680 4025 ·
713 3989 748 4037 4
801 3940 1045 4051 ἔξωρος.
1072 3943 1406 4039 ῗααΪὶὲἵυὺθι·
1550 3988 1582 4037 5
1618 4000 1709 4037 τισ
1743 4002 1896 4044 τινος
1931 3998 2061 4052 app.
2100 4002 2152 4050 κ,
2187 3984 2392 4052 θηλυκ,
2429 4003 2482 4051 κ,
2520 3986 2689 4052 ουδερ
2725 4000 2929 4045 τιτινος
3074 3988 3104 4037 7
3142 3982 3244 4037 ali-

643 4063 820 4136 quod]
858 4064 1008 4133 quod
1177 4070 1210 4119 8
1248 4063 1471 4133 aliquae
1519 4063 1733 4134 aliqua]
1782 4062 2009 4131 aliquae
2045 4079 2156 4131 qua
2330 4070 2396 4117 14
2431 4083 2530 4117 και
2574 4081 2711 4117 ποια
2756 4082 2925 4126 ποιας
2968 4082 3136 4118 ποιον
3180 4065 3245 4119 δε

641 4162 810 4198 ποιου
848 4162 913 4199 εν
948 4163 1065 4208 τοις
1099 4164 1412 4215 πωμαικοις
1464 4162 1720 4199 ουκειται
1773 4142 1957 4212 qualis
2005 4142 2171 4212 quale
2217 4142 2293 4211 pl.
2331 4161 2501 4197 ποιου
2546 4145 2706 4212 (corr.
2744 4162 2896 4198 ποιοι
2934 4149 3051 4213 και)
3088 4163 3250 4198 ποιαι

2538 4229 2568 4257 α

642 4287 820 4322 ποιων
859 4270 1052 4339 quales
1090 4268 1282 4339 qualia.
1316 4267 1449 4324 tulis
1495 4286 1756 4330 ,τοιοντος
1921 4272 1986 4321 17
2026 4267 2295 4338 κλίνεται]
2335 4287 2589 4324 καινετοι
2732 4274 2799 4323 19
2837 4270 3049 4339 quauta
3074 4285 3175 4324 om.

644 4355 713 4404 23
751 4367 947 4404 ποστοι
984 4368 1156 4405 ποσαι
1190 4367 1338 4405 ποσα
1483 4354 1552 4405 25
1591 4347 1759 4420 mins]
1790 4352 1914 4402 msis
2058 4354 2126 4403 26
2162 4349 2391 4404 meritos
2534 4348 2636 4421 mi]
2678 4348 2816 4403 mihi
2956 4355 3023 4404 27
3064 4349 3247 4405 nouis-

643 4431 788 4486 sima
824 4430 1044 4501 syllaba.
1187 4436 1258 4485 28
1293 4429 1618 4486 uocatiuum
1762 4427 2028 4483 salustius
2066 4445 2098 4483 ο
2136 4427 2182 4483 ti

961 4718 1182 4758 alteruter
1342 4717 1564 4758 alterutra
1688 4716 1959 4757 alterutrum
1985 4727 2105 4757 unu·
2123 4728 2217 4757 una
2235 4728 2376 4757 unum
2397 4728 2516 4758 unus
2535 4718 2726 4767 quinquo
2754 4729 2847 4758 un·
2874 4729 3077 4768 quaeque
3105 4730 3245 4759 unum

822 4775 856 4824 4
895 4774 1243 4839 εκαθατερος
1282 4772 1607 4839 εκαθατερα
1645 4772 1965 4836 εκαθατερο
2004 4788 2086 4831 εις
2122 4787 2223 4839 μια
2278 4787 2340 4823 εν
2421 4789 2503 4832 τις
2569 4790 2718 4833 τινος
2763 4791 2844 4834 τις
2916 4791 3040 4839 τινη
3158 4791 3209 4824 τι

642 4851 851 4901 qnodque
2231 4850 2417 4899 quidam
2460 4855 2506 4891 ot
2559 4853 2780 4901 quaedam

670 4921 822 4965 τινος
868 4905 953 4973 (in
987 4920 1157 4975 mary.
1199 4910 1462 4974 αρσενικό
1500 4906 1726 4973 θηλυκη
1764 4905 2055 4973 ονδετερο)
2090 4903 2196 4973 plr.
2250 4922 2399 4967 τινες
2435 4923 2532 4957 και
2604 4924 2731 4960 τινα
2788 4905 2865 4960 Μ
