3613 5528
601 431 732 497 520
1121 457 1130 466 ο
1478 429 1847 505 [connum
1902 427 2352 506 rnonfroms]

599 545 642 582 Ρ.
670 535 789 575 8191.
816 534 921 574 2192
948 532 995 575 P.

601 619 879 682 obsessor
925 629 1044 703 est;
1091 621 1193 700 qui
1239 622 1554 702 inpugnat,
1599 639 1708 702 per
1753 623 1948 682 omnia
1994 622 2271 681 inimicus
2319 628 2424 680 est.
2517 622 2717 701 itaque
2762 630 2987 701 pugnat
3032 640 3203 682 exer·

601 728 781 809 citus,
827 735 1246 807 oppugnantur
1292 726 1384 787 vel
1431 735 1622 788 castra
1670 727 1761 788 vei
1811 727 2012 808 urbes»,
2061 730 2466 809 inpugnantur
2512 730 2754 790 inimici.

776 833 991 895 Album
1036 842 1097 895 et
1142 833 1472 895 candidum.
1566 833 1763 897 album
1812 845 2019 897 natura
2067 836 2157 917 fit,
2204 834 2519 896 candidum
2566 853 2725 896 cura.

778 940 973 1003 Decus
1020 950 1082 1002 et
1127 941 1419 1003 decorem.
1511 942 1695 1003 decus
1742 942 2014 1017 bonoriS,
2061 943 2241 1004 decor
2288 944 2527 1004 formae.

773 1048 1018 1129 Pompei
1080 1051 1347 1129 porticus
1412 1057 1473 1109 et
1533 1048 1813 1129 Pompeia
1879 1059 1940 1111 et
1995 1049 2364 1131 Pompeiana.
2466 1050 2739 1131 Pompei,
2802 1051 2854 1110 si
2909 1050 3203 1132 possidet3
3234 1063 3263 1103 ⁵

596 1154 902 1239 Pompeia,
949 1158 1001 1216 si
1045 1156 1392 1238 publicavit3
1430 1155 1812 1240 Pompeiana,
1861 1159 1913 1218 si
1960 1159 2020 1218 in
2067 1157 2310 1218 alterius
2357 1156 2818 1218 dominationem
2864 1159 3038 1218 venit.

776 1262 1027 1324 Satietas
1075 1271 1136 1325 et
1181 1266 1475 1325 saturitas
1568 1266 1810 1326 satietas
1855 1266 2107 1346 ventris„
2154 1266 2434 1326 saturitas
2480 1266 2676 1326 animi.
2717 1259 2727 1343 Ι

776 1369 1064 1450 Obiurgat
1111 1388 1248 1432 eum
1306 1373 1476 1432 cuius
1523 1370 1698 1432 habet
1744 1379 2125 1452 potestatem3
2184 1381 2382 1433 monet
2426 1381 2672 1452 propter
2718 1370 3202 1452 benivolentiam3

597 1476 898 1559 admonet,
962 1485 1030 1539 ut
1094 1479 1404 1539 confirmet
1469 1480 1838 1559 memoriam3
1913 1485 2274 1559 summouet,
2341 1487 2406 1539 ut
2479 1481 2665 1558 possit
2734 1477 2999 1540 ordinate
3065 1497 3200 1560 pro-

597 1586 885 1645 nuntiare.
975 1587 1157 1664 igitur
1205 1588 1263 1646 in
1311 1584 1660 1664 obiurgante
1706 1593 1997 1668 potestas,
2053 1588 2113 1646 in
2169 1593 2448 1647 monente
2506 1584 2927 1669 benivolentia,
2960 1588 3044 1646 ‘in
3100 1586 3198 1646 ad·
3231 1601 3289 1641 ιο

603 1699 880 1752 monente
927 1694 1238 1774 memoria,
1286 1693 1346 1751 in
1394 1700 1805 1753 summouente
1853 1691 2132 1752 officium.

777 1800 1052 1861 Anticum
1116 1807 1177 1860 et
1239 1809 1425 1861 vetus.
1518 1801 1776 1859 anticum
1842 1807 1935 1859 est
1999 1799 2154 1876 quod
2221 1801 2476 1859 excessit
2539 1807 2774 1879 patrum
2842 1800 3203 1880 memoriam,

600 1913 770 1966 vetus
816 1924 1106 1967 annorum
1151 1906 1476 1967 muitorum
1523 1908 1704 1967 sentit
1752 1904 2087 1967 utilitatem.
2181 1908 2379 1967 vinum
2434 1906 2548 1966 hoc
2602 1906 2816 1968 melius
2872 1914 2986 1981 est,
3044 1907 3200 1987 quod

599 2013 666 2073 fit
709 2021 1024 2074 vetustum.

779 2119 1007 2181 Sartrix
1053 2129 1114 2181 et
1160 2123 1526 2181 sarcinatrix.
1618 2123 1834 2181 sartrix
1883 2138 2032 2200 quae
2080 2122 2288 2202 sarcit,
2345 2123 2693 2182 sarcinatrix
2741 2140 2893 2201 quae
2940 2124 3203 2182 sarcinas
3231 2135 3286 2175 1⁵

598 2237 810 2289 servat.

776 2333 988 2397 Videre
1036 2344 1095 2396 et
1141 2344 1410 2417 spectare
1459 2346 1518 2398 et
1563 2338 1783 2397 intueri
1831 2344 1892 2396 et
1930 2337 2194 2415 aspicere
2233 2342 2294 2395 et
2331 2352 2578 2395 cernere
2618 2344 2678 2396 et
2714 2335 3200 2397 animadvertere.

598 2442 865 2503 videmus
895 2452 1121 2524 natura,
1159 2452 1495 2525 spectamus
1523 2444 1851 2524 voluntate,
1893 2445 2196 2504 intuemur
2224 2461 2385 2523 cura,
2424 2445 2743 2522 aspicimus
2772 2461 2841 2503 ex
2881 2444 3200 2524 inproviso,

597 2549 1116 2612 animadvertimus
1163 2560 1223 2611 et
1268 2553 1568 2612 cernimus
1614 2553 1825 2611 animo.

774 2657 1088 2719 Ostentum
1136 2667 1195 2719 et
1239 2667 1581 2737 portentum
1628 2667 1688 2719 et
1738 2667 2066 2719 monstrum
2124 2666 2184 2718 et
2239 2658 2590 2737 prodigium.
2683 2667 2984 2719 ostentum
3040 2657 3199 2738 quod
3228 2672 3283 2713 so

593 2775 831 2846 praeter
870 2766 1361 2828 consuetudinem
1399 2767 1673 2848 offertur,
1714 2775 1780 2827 ut
1818 2775 1959 2845 puta
1999 2768 2048 2826 si
2086 2763 2358 2826 videatur
2396 2775 2555 2826 terra
2593 2766 2802 2827 ardere
2843 2766 2930 2827 vel
2970 2764 3200 2827 caelum

597 2873 688 2933 vei
734 2892 924 2935 mare:
970 2883 1310 2954 portentum
1361 2873 1516 2953 quod
1564 2891 1744 2953 porro
1791 2882 1853 2934 et
1898 2872 2125 2933 diutius
2164 2882 2361 2933 manet
2398 2874 2782 2953 futurumque
2822 2873 3199 2955 postmodum

595 2980 816 3060 aliquid
862 2983 1178 3061 significat:
1235 2989 1565 3041 monstrum
1612 2987 1704 3039 est
1751 2987 1957 3039 contra
2006 2988 2302 3060 naturam,
2364 2987 2428 3040 ut
2474 2990 2566 3040 est
2612 2979 3008 3041 Minotaurus:
3062 2999 3198 3061 pro-

594 3087 816 3168 digium
876 3088 1031 3167 quod
1088 3105 1287 3148 mores
1344 3088 1593 3168 faciunt,
1649 3105 1757 3167 per
1816 3085 1973 3165 quod
2031 3086 2454 3146 detrimentum
2513 3096 2905 3167 exspectatur.
2996 3089 3197 3167 itaque

593 3197 697 3273 qui
755 3195 1021 3276 prodigia
1088 3196 1312 3256 faciunt
1373 3193 1606 3274 prodigi
1669 3203 1983 3273 vocantur,
2048 3195 2107 3253 in
2173 3200 2407 3253 ostento
2471 3197 2684 3253 raritas
2747 3193 3197 3254 admirationem
3226 3209 3279 3249 25

595 3301 760 3383 facit,
807 3304 868 3362 in
915 3312 1181 3364 monstro
1228 3311 1431 3363 rectus
1478 3300 1624 3361 ordo
1671 3309 1916 3361 naturae
1955 3300 2241 3381 vincitur,
2287 3301 2348 3358 in
2397 3309 2672 3379 portento
2710 3300 2984 3361 differtur
3022 3319 3194 3360 even-

592 3415 717 3490 tuS,
763 3410 822 3469 in
870 3409 1139 3489 prodigio
1187 3408 1538 3469 detrimenta
1587 3408 2010 3486 significantur.

769 3513 1029 3575 Turbam
1086 3524 1146 3576 et
1201 3515 1610 3594 frequentiam.
1702 3522 1989 3593 angustus
2044 3512 2210 3573 locus
2269 3514 2409 3576 facit
2473 3514 2735 3596 turbam,
2803 3516 3199 3595 frequentiam

595 3620 925 3682 multitudo.

768 3728 945 3791 Putat
992 3739 1052 3791 et
1098 3733 1451 3810 suspicatur.
1543 3730 1645 3809 qui
1691 3736 1888 3809 putat,
1944 3729 2104 3788 omni
2159 3746 2378 3807 genere
2435 3740 2622 3813 errat3
2682 3733 2785 3811 qui
2842 3734 3199 3815 suspicatur,
3227 3748 3283 3787 so

596 3834 815 3915 aliquid
859 3837 1130 3917 pervidit.

769 4005 833 4053 12
872 3999 1023 4054 Inter
1058 3998 1352 4069 antiquum
1390 4001 1449 4054 et
1484 4001 1643 4054 vetus
1681 4041 1692 4052 .
1733 3998 2029 4067 antiquum
2067 4001 2154 4053 est
2189 3999 2340 4068 qnod
2378 4002 2603 4070 patrum
2643 4001 2882 4056 excessit
2925 4001 3201 4058 memoria

593 4082 650 4148 (Ζ.
688 4079 1064 4149 memoriam),
1104 4079 1265 4149 quasi
1300 4081 1432 4134 ante
1470 4081 1684 4142 actum3
1723 4082 1882 4133 vetus
1921 4079 2073 4147 quod
2109 4077 2223 4132 iam
2261 4082 2575 4135 veteratum
2612 4083 2725 4149 est,
2774 4081 2838 4133 ut
2874 4079 3064 4135 vinum
3105 4083 3199 4137 vel

592 4160 778 4214 oleum
815 4160 928 4215 cod.
971 4159 1150 4213 Mont.
1300 4164 1365 4213 15
1404 4157 1615 4213 Sartrix
1653 4157 1811 4212 Beda
1845 4164 2063 4225 288,29

768 4364 800 4413 6
838 4304 1150 4428 ρηιέΙίοαιιίὴ
1185 4356 1252 4410 Ν
1406 4363 1437 4411 7
1485 4355 1766 4412 Satiatum
1819 4358 1877 4409 et
1921 4356 2235 4410 saturatum
2285 4397 2296 4409 .
2346 4355 2593 4410 Satiatus
2640 4349 2877 4425 uentris,
2931 4357 3198 4414 saturitas

590 4441 764 4497 animi
800 4455 834 4497 ς
976 4444 1007 4491 9
1048 4435 1376 4492 memoriam
1404 4452 1439 4495 ς
1466 4436 1736 4492 memoria
1764 4435 1833 4490 N
1969 4441 2033 4488 13
2065 4450 2178 4503 qno
2214 4434 2280 4489 fit
2306 4437 2596 4491 uetustum
2624 4451 2658 4494 ς
2688 4454 2798 4506 quo
2827 4437 2892 4492 fit
2917 4437 3197 4494 uetustius

590 4521 756 4574 editio
793 4518 1127 4574 Basileensis
1281 4523 1363 4571 ⁰17
1412 4520 1471 4572 et
1515 4523 1641 4573 ante
1691 4515 1943 4586 aspicere
1978 4531 2079 4569 om.
2118 4530 2152 4572 ς
2327 4520 2391 4569 19
2436 4515 2935 4572 animaduertimus
2984 4517 3196 4588 animo,

590 4600 865 4654 cernimus
903 4597 1078 4653 oculis
1116 4596 1418 4651 Fabricius
1559 4603 1629 4651 23
1666 4598 1731 4651 ut
1767 4597 1856 4650 est
1890 4596 2054 4650 editio
2092 4594 2460 4661 Ascensiam,
2512 4595 2573 4650 id
2608 4599 2697 4651 est
2734 4596 2802 4651 N
2811 4612 2846 4655 ς
2989 4602 3056 4651 25
3097 4597 3197 4651 ad·

591 4677 1059 4733 ministrationem
1096 4693 1233 4734 corr.
1272 4676 1703 4731 admirationem
1741 4676 1809 4730 N
1960 4682 2030 4731 26
2066 4676 2334 4747 vincitur]
2385 4675 2623 4730 uertitur
2661 4677 2963 4733 Fabricius
3122 4686 3194 4735 27

593 4757 989 4813 detrimentum
1028 4756 1372 4826 significatur
1408 4772 1442 4815 ς
1586 4763 1655 4811 30
1691 4757 1899 4825 putant
1935 4757 1994 4810 et
2029 4757 2380 4825 suspicantur
2416 4756 2511 4826 qui
2548 4759 2757 4825 putant
2801 4758 2953 4814 omni
2989 4776 3197 4829 genere

592 4842 744 4892 errat
778 4839 875 4907 qui
912 4838 1225 4907 suspicatur
1261 4837 1473 4907 aliquid
1511 4836 1761 4907 peruidit
1786 4836 1854 4888 N
1884 4835 2094 4891 Putant
2133 4839 2194 4889 et
2229 4837 2579 4906 suspicantur
2617 4879 2629 4890 .
2670 4838 2767 4907 qui
2804 4842 3007 4909 putant
3042 4840 3197 4895 omni

590 4934 793 4987 genere
832 4918 1018 4973 errant
1055 4960 1068 4971 .
1106 4916 1202 4986 qui
1237 4917 1592 4987 suspicantur
1629 4915 1845 4986 aliquid
1881 4916 2213 4987 praeuident
2248 4931 2282 4973 ς
