3613 5528
1336 413 1433 468 DE
1472 411 2051 469 ORTHOGRAPHIA
2866 409 2990 474 19].

388 525 432 562 p.
459 514 579 555 2⁸06.
608 513 632 553 ἰ
659 513 711 553 1².

390 617 575 660 novus
631 616 781 658 nova
827 615 1071 679 novum,
1132 614 1341 658 saevus
1398 617 1568 659 saeva
1625 616 1895 681 saevum,
1953 615 2172 659 curvus
2239 613 2418 657 curva
2475 613 2750 674 curvum,
2807 593 3011 655 balvus

389 705 554 766 balva
606 703 870 786 balvum,
924 714 1130 766 torvus
1176 713 1343 766 torva
1388 714 1652 787 torvum,
1713 706 1913 767 clavus
1960 703 2119 765 clava
2166 703 2424 783 clavum,
2478 701 2619 763 licet
2673 683 2845 762 aliam
2899 718 3010 780 per

390 830 604 891 genera
664 811 1153 891 significationem
1213 814 1571 893 suscipiunt3
1642 831 1785 872 avus
1850 813 2007 892 avia,
2075 829 2290 871 cervus
2349 828 2550 890 cerva,
2619 810 2786 870 savus
2862 809 3009 887 fava,

390 937 563 999 quam
610 917 884 980 similiter
938 917 1087 979 alter
1141 919 1481 980 intellectus
1529 921 1829 1001 sequitur,
1897 920 2012 980 nisi
2060 918 2407 979 femininum
2453 917 2830 978 discretionis
2876 933 3005 994 gra-

267 1013 282 1028 ’
339 1038 363 1077 ⁵
392 1028 467 1086 tia
521 1045 631 1106 per
683 1025 723 1086 b
779 1034 1003 1087 mutam
1059 1024 1421 1086 voluerimus
1481 1024 1774 1105 scribere3
1845 1024 2045 1085 calvus
2101 1023 2420 1084 calvarium
2476 1031 2537 1084 et
2591 1040 2806 1082 corvus
2874 1040 3007 1100 pro·

391 1111 679 1194 miscuum
729 1140 789 1193 et
835 1132 931 1192 hic
978 1140 1037 1192 et
1081 1131 1227 1192 haec
1276 1131 1474 1193 clavus
1522 1131 1775 1193 alterum
1820 1149 1929 1211 per
1978 1148 2167 1210 genus
2214 1130 2577 1210 significans:
2636 1128 2783 1190 orbo
2830 1127 3007 1207 gibbo

389 1238 574 1318 probo
613 1237 925 1300 subduc-tis
961 1257 993 1299 a
1031 1238 1264 1321 regula,
1311 1238 1443 1299 albo
1481 1241 1658 1300 etiam
1696 1237 2076 1299 discretionis
2112 1239 2316 1317 gratia.
2391 1255 2527 1297 nam
2564 1253 2701 1297 cum
2740 1244 3008 1296 ventrem

391 1346 705 1427 significat,
764 1364 873 1425 per
926 1345 1262 1425 digammon
1316 1365 1379 1426 v,
1450 1364 1586 1406 cum
1644 1346 1932 1427 colorem,
1988 1363 2096 1425 per
2151 1343 2190 1403 b
2247 1352 2472 1437 mutam
2528 1341 2825 1403 scribetur
2881 1337 3008 1401 cer*-

392 1453 633 1513 tissime.
696 1452 1004 1520 sciendum
1041 1451 1315 1513 similiter
1354 1451 1513 1530 quod
1550 1450 1647 1511 hic
1686 1470 1926 1531 quoque
1965 1449 2384 1530 disyllaborum
2424 1450 2762 1529 superantia
2801 1467 3005 1509 nume-

317 1573 363 1613 ιο
390 1575 522 1620 rum
579 1557 827 1620 eandem
886 1561 1244 1638 scripturam
1299 1577 1420 1619 non
1476 1559 1797 1639 retineant,
1868 1566 1935 1619 ut
1995 1556 2292 1636 superbus
2346 1555 2601 1636 superba
2664 1553 3009 1636 superbum,

389 1664 640 1726 acerbus
696 1664 908 1727 acerba
964 1663 1244 1726 acerbum
1293 1673 1354 1726 et
1406 1663 1722 1744 palumbus
1768 1666 2138 1746 promiscue,
2200 1663 2339 1725 licet
2382 1662 2675 1742 Vergilius
2723 1662 3008 1723 feminino

393 1789 614 1849 genere
659 1771 967 1853 extulerit,

707 1898 837 1940 nec
883 1888 1114 1941 tamen
1162 1881 1443 1940 interea
1491 1897 1776 1960 raucae,
1820 1887 1941 1941 tua
1987 1898 2191 1960 cura,
2235 1878 2627 1959 palumbae.

390 1988 681 2066 excipitur
718 1995 1069 2067 protervus:
1109 1986 1118 2061 Ι
1160 2004 1293 2047 nam
1332 1986 1587 2047 lascivus
1614 2005 1723 2077 per
1759 1985 2133 2062 v-scribitur‚
2181 1989 2460 2066 quoniam
2497 1985 2728 2063 longam
2770 1991 3001 2043 natura-

571 2164 598 2213 1
637 2175 802 2213 aeuus
831 2174 966 2212 seua
992 2175 1190 2212 senum
1218 2174 1413 2212 ceruus
1442 2175 1610 2212 cerua
1638 2175 1868 2214 ceruum
1902 2159 2102 2213 uulnus
2138 2157 2310 2212 uulua.
2345 2156 2574 2210 ualuum
2610 2157 2805 2211 toruus
2842 2154 3008 2209 torua

391 2241 611 2294 toruum
648 2241 730 2308 (et
763 2238 892 2295 add.
929 2237 1007 2307 Β)
1044 2238 1238 2293 clauus
1275 2238 1439 2293 claua.
1488 2237 1711 2293 clauum
1749 2237 1931 2292 ABG
1965 2253 2130 2293 aeuus
2175 2254 2309 2292 seua
2356 2253 2550 2292 senum
2597 2253 2794 2291 ceruus
2840 2249 3008 2288 cerua.

392 2335 590 2373 curuus
635 2334 810 2374 curua
854 2334 1084 2373 curuum
1132 2319 1327 2373 toruus
1370 2321 1537 2374 torua.
1578 2320 1804 2373 toruum
1852 2323 1911 2375 et
1956 2319 2149 2373 clauus
2195 2318 2359 2372 claua.
2404 2318 2627 2373 clauum
2664 2333 2698 2376 ς
2743 2321 2793 2371 et
2841 2314 3008 2369 codex

390 2396 687 2454 Bet-nensis
721 2401 836 2455 243
1005 2403 1039 2452 2
1078 2397 1193 2452 ulia.
1228 2399 1283 2453 A
1320 2397 1435 2453 alia
1470 2399 1525 2452 B
1543 2398 1629 2456 Ος
1799 2405 1832 2453 3
1870 2417 2011 2455 auus
2048 2417 2159 2462 aua.
2195 2417 2399 2455 curuus
2436 2414 2609 2452 curua.
2644 2397 2822 2452 flauus
2858 2395 3007 2449 flaua.

392 2495 559 2547 quam
594 2479 650 2532 A
695 2495 836 2533 auus
881 2477 1013 2532 auia.
1061 2494 1257 2534 ceruus
1303 2480 1491 2534 ceruia
1534 2477 1711 2533 fiauus
1758 2478 1928 2534 flauiu
1972 2498 2143 2550 quam
2177 2480 2233 2534 Β
2280 2497 2420 2535 auus
2465 2495 2574 2534 aua
2608 2493 2807 2532 ceruus
2839 2489 3008 2529 cerua

391 2557 565 2613 flauus
602 2559 750 2613 flaua
787 2551 957 2626 quum
997 2556 1044 2610 0
1202 2563 1233 2611 5
1273 2559 1465 2614 caluus
1500 2557 1789 2613 caluarum
1828 2559 1883 2613 Β
1920 2559 2114 2616 clauus
2153 2559 2460 2615 caluariam
2494 2559 2551 2613 A
2589 2558 2782 2612 clauus
2819 2555 3005 2609 claua.-

392 2638 532 2692 rium
565 2637 614 2692 G
645 2654 784 2692 corr.
815 2636 1009 2692 caluus
1038 2635 1346 2692 caluariam
1383 2654 1437 2708 c,
1476 2639 1669 2693 caluus
1697 2638 1861 2693 calna
1896 2652 1931 2695 ς
1988 2639 1991 2642 ’
2075 2645 2108 2694 6
2146 2639 2338 2694 clauus
2366 2638 2483 2693 BG
2516 2637 2711 2693 clabus
2749 2636 2804 2690 A
2844 2635 3021 2689 aluus.

393 2732 422 2771 c
454 2723 503 2774 et
541 2717 738 2774 Carrio
907 2715 1105 2790 gibbo]
1154 2716 1295 2789 gillo
1331 2718 1389 2774 Β
1558 2725 1592 2776 8
1639 2718 1920 2789 significat
1958 2716 2006 2773 O
2044 2717 2363 2789 significant
2396 2717 2453 2772 A
2496 2716 2775 2788 significet
2807 2715 2863 2769 Β

395 2804 426 2851 9
463 2798 635 2870 quod]
666 2816 773 2867 que
799 2797 856 2851 Β
968 2805 1034 2854 10
1071 2800 1403 2869 scripturam
1430 2800 1713 2855 retineant
1738 2800 1793 2853 Β
1831 2797 2164 2868 scripturam
2200 2801 2435 2854 teneant
2460 2797 2578 2851 Ao
2683 2802 2745 2850 11
2786 2794 3003 2866 palum-

394 2877 488 2932 bes
523 2879 834 2948 promiscue
865 2878 1063 2934 Carrio
1174 2886 1237 2934 13
1276 2880 1458 2935 runc&
1486 2896 1726 2935 uacuare
1760 2880 2064 2952 palumbae
2100 2879 2156 2932 A
2192 2895 2394 2934 raucae
2420 2880 2524 2933 tua.
2550 2892 2749 2932 cauere
2786 2876 3003 2945 palum-

243 3012 258 3023 ,
371 2957 495 3028 *bae
534 2958 581 3012 0
719 2959 1014 3028 palumbes
1054 2957 1252 3014 Carrio

2817 3111 3004 3119 ———-——

1297 3235 1661 3291 MARTYRIJ
1698 3237 1797 3291 DE
1836 3237 1881 3291 B
1917 3236 2014 3291 ET
2053 3236 2103 3291 V

400 3420 604 3463 cervus
657 3422 858 3484 cerva,
924 3403 1090 3463 favus
1148 3401 1302 3482 sava,
1366 3421 1542 3482 quam
1599 3403 1872 3464 similiter
1930 3395 2079 3464 alte'r
2133 3401 2470 3463 intellectus
2528 3401 2824 3481 sequitur,
2891 3398 3004 3458 nisi

301 3508 308 3515 “
399 3508 739 3572 femininum
792 3507 1167 3569 discretionis
1223 3512 1410 3589 gratia
1464 3529 1573 3591 per
1627 3509 1666 3570 b
1730 3518 1955 3571 mutam
2017 3508 2377 3571 voluerimus
2443 3506 2734 3587 scribere3
2798 3504 2999 3566 calvus

399 3615 707 3678 calvarium
762 3624 823 3677 et
875 3633 1090 3677 corvus
1141 3618 1479 3695 promiscue
1538 3624 1598 3679 et
1653 3616 1749 3676 hic
1813 3624 1873 3677 et
1925 3615 2072 3676 haec
2120 3594 2339 3677 clavus·
2363 3614 2615 3676 alterum
2660 3631 2770 3694 per
2815 3631 3003 3693 genus

397 3723 752 3802 significans:
807 3721 952 3783 orbo
1007 3720 1186 3802 gibbo
1240 3724 1428 3803 probo
1476 3722 1785 3784 subductis
1842 3741 1875 3783 a
1921 3722 2152 3804 regula,
2208 3723 2340 3783 albo
2388 3724 2567 3784 etiam
2625 3721 3004 3784 discretionis

347 3836 374 3877 ⁵
397 3831 593 3907 gratia.
668 3848 805 3891 nam
841 3846 976 3890 cum
1014 3837 1283 3891 ventrem
1331 3806 1650 3910 significat,
1695 3847 1803 3909 per
1848 3828 2184 3909 digammon
2221 3848 2275 3911 v,
2320 3849 2457 3891 cum
2494 3829 2774 3911 colorem,
2817 3847 2927 3909 per
2963 3826 3002 3887 b

395 3944 611 3998 mutam
655 3934 950 3997 scribetur
996 3937 1346 4007 certissime.
1420 3936 1730 3998 sciendum
1775 3935 2049 3997 similiter
2094 3936 2250 4016 quod
2318 3935 2415 3996 hic
2475 3954 2712 4016 quoque
2768 3935 2997 4016 disylla-

395 4038 601 4103 borum
647 4044 987 4122 superantia
1033 4060 1348 4104 numerum
1396 4042 1643 4103 eandem
1691 4043 2048 4122 scripturam
2090 4060 2210 4102 non
2259 4044 2546 4123 retinent,
2590 4050 2659 4103 ut
2705 4042 3003 4122 superbus

397 4147 644 4226 superba
692 4149 1044 4234 superbum,
1089 4147 1341 4212 acerbus
1388 4146 1602 4209 acerba
1647 4148 1928 4209 acerbum
1976 4156 2037 4208 et
2080 4148 2397 4228 palumbus
2442 4150 2809 4232 promiscue,
2863 4148 3001 4209 licet

397 4250 680 4332 Vergilius
727 4255 1010 4317 feminino
1055 4276 1274 4337 genere
1322 4256 1534 4319 extulit

328 4369 395 4416 1⁰.
668 4379 839 4422 -nec
883 4370 1118 4424 tamen
1164 4366 1450 4425 interea
1497 4381 1781 4445 raucae,
1820 4371 1937 4425 tua
1985 4381 2184 4445 cura,
2229 4362 2615 4443 palumbes.

275 4500 294 4509 ·
399 4464 690 4546 ,empitur
722 4476 1065 4547 protervus:
1099 4489 1239 4531 nam
1272 4469 1523 4531 lascivus
1556 4489 1666 4551 per
1695 4489 1731 4530 v
1764 4470 2099 4550 digammon
2133 4469 2434 4550 scribitur,
2463 4470 2739 4548 quoniam
2768 4467 2999 4547 longam

571 4644 598 4692 1
647 4638 809 4694 favus
857 4639 990 4695 fava.
1036 4657 1204 4708 quam
1250 4639 1509 4695 similiter
1553 4641 1794 4696 alterum
1842 4641 1988 4696 alter
2030 4639 2351 4696 intellectus
2398 4639 2649 4708 sequitur
2692 4639 2749 4693 P
2795 4631 3014 4695 Flavus'

404 4714 591 4772 Flavia
624 4718 881 4787 quamvis
918 4718 1181 4774 similiter
1215 4719 1360 4774 ulter
1394 4719 1716 4776 intellectus
1752 4720 2009 4789 sequitur
2044 4720 2112 4774 N
2256 4727 2290 4775 3
2328 4719 2519 4775 clavus
2558 4719 2613 4773 P
2640 4714 2800 4775 laxius
2833 4719 2902 4773 N

405 4799 433 4847 ‘1
461 4812 568 4852 non
592 4796 839 4853 retinent
864 4797 922 4852 P
944 4814 1127 4855 nonne
1154 4798 1401 4854 retinent
1425 4800 1493 4854 N
1588 4805 1654 4855 10
1675 4814 1778 4855 neo
1805 4800 2021 4870 tamen]
2056 4799 2210 4869 Ver-9.
2241 4800 2412 4855 bucol.
2440 4805 2495 4865 1,
2513 4804 2591 4854 58
2692 4806 2753 4853 11
2785 4798 2999 4869 digam-

404 4890 526 4930 mon
558 4893 659 4933 om.
694 4877 775 4945 N,
810 4879 939 4934 add.
976 4867 1036 4931 1¹
1859 4880 1868 4888 ‘
2615 4911 2627 4922 .
2737 4920 2747 4927 .
