3613 5528
1372 438 1512 499 Ans
1549 438 2037 500 GRAMMATIOA
2865 440 2993 510 391

403 556 449 598 ι).
476 547 541 589 21.
569 547 622 589 22
647 542 707 588 Η.

404 633 581 695 arbor
624 650 837 714 pecus,
883 649 1034 712 quae
1079 649 1188 692 nos
1234 629 1562 711 corporalia
1607 648 1916 712 vocamus3
1963 629 2074 692 alia
2119 649 2270 711 quae
2317 649 2358 692 α
2405 631 2756 712 quibusdam
2801 631 2995 713 appel·

406 741 654 803 lationes
699 739 979 801 dicuntur
1027 746 1087 800 et
1132 745 1272 800 sunt
1316 736 1739 820 incorporalia,
1801 755 1952 817 quae
2008 737 2311 800 intellectu
2358 746 2586 801 tantum
2629 739 2808 846 ‘do
2862 757 2996 819 per-

407 850 734 930 cipiuntur,
788 865 996 908 verum
1052 864 1245 925 neque
1304 845 1490 906 videri
1545 864 1656 907 nec
1710 847 1872 925 tangi
1932 854 2207 927 possunt,
2262 854 2330 908 ut
2386 855 2478 909 est
2530 849 2718 929 pietas
2774 847 2997 908 iustitia

404 955 588 1017 decus
632 954 888 1034 dignitas
936 952 1205 1015 facundia
1253 951 1537 1013 doctrina.
1628 970 1695 1013 ea
1741 970 1851 1013 nos
1895 951 2241 1033 appellativa
2287 953 2555 1016 dicimus,

351 1078 378 1118 ι
580 1061 817 1124 Nomini
862 1060 1139 1123 accidunt
1183 1059 1359 1141 haec,
1404 1058 1653 1139 qualitas
1699 1077 1889 1139 genus
1935 1060 2120 1139 figura
2163 1078 2449 1123 numerus
2487 1079 2675 1123 casuz.
2749 1060 2997 1142 qualitas

407 1176 499 1231 est
536 1187 652 1250 qua
686 1168 1075 1248 intellegitur,
1110 1167 1421 1253 proprium
1457 1168 1535 1228 sit
1570 1183 1787 1226 nomen
1824 1183 1900 1227 an
1938 1166 2365 1247 appellativum.
2439 1185 2658 1248 genera
2693 1170 2997 1230 nominum

406 1287 545 1339 sunt
582 1275 717 1358 1111,
764 1272 1153 1336 masculinum
1198 1273 1545 1333 femininum
1593 1280 1876 1335 neutrum
1913 1290 2241 1336 commune.
2303 1279 2699 1338 masculinum
2738 1284 2826 1338 est
2862 1280 2968 1338 cui
2985 1269 2993 1358 Ι

399 1385 806 1461 praeponitur
851 1384 979 1457 hic,
1024 1387 1092 1441 ut
1134 1384 1237 1442 hic
1275 1387 1672 1458 praeceptor:
1721 1380 2082 1457 femininum
2125 1391 2220 1443 est
2262 1383 2361 1444 cui
2406 1384 2791 1464 praeponitur
2837 1383 3000 1465 haee,

408 1501 474 1553 ut
519 1491 662 1552 haec
709 1489 935 1551 schola:
982 1495 1259 1549 neutrum
1306 1495 1395 1549 est
1439 1490 1538 1549 cui
1582 1491 1970 1569 praeponitur
2014 1489 2154 1572 hoe,
2199 1497 2266 1551 ut
2310 1488 2424 1550 hoc
2470 1492 2784 1552 scrinium:
2839 1508 2997 1551 oom-

331 1616 384 1655 ιο
410 1616 588 1659 mune
625 1605 719 1659 est
754 1599 852 1659 eui
897 1597 1282 1676 praeponitur
1326 1594 1424 1655 hic
1463 1603 1524 1655 et
1558 1594 1702 1656 haec
1741 1604 1801 1657 et
1839 1595 1977 1679 hoc,
2022 1604 2090 1658 ut
2132 1599 2234 1658 hic
2280 1605 2340 1658 et
2382 1600 2546 1659 haec·
2582 1606 2642 1659 et
2685 1601 2800 1660 hoc
2846 1597 2999 1659 felix.

412 1713 551 1766 sunt
596 1713 657 1767 et
700 1693 1060 1785 promiscua,
1106 1720 1255 1782 quae
1304 1701 1513 1762 Graeci
1560 1697 1861 1764 ἐπίκοινα
1908 1703 2227 1785 appellant,
2272 1722 2409 1765 oum
2456 1705 2617 1784 quod
2663 1707 2999 1768 necessario

412 1810 732 1873 masculino
778 1829 996 1891 genere
1043 1810 1462 1890 pronuntiatur
1500 1810 1676 1870 etiam
1713 1810 1996 1871 feminino
2033 1810 2424 1893 intellegitur,
2470 1811 2559 1873 vel
2597 1819 2802 1873 contra
2838 1815 3006 1889 quod

413 1920 692 1980 feminino
745 1920 1166 1999 pronuntiatur
1222 1917 1398 1977 etiam
1444 1915 1767 1978 masculino
1816 1921 2140 1995 accipitur,
2199 1926 2266 1980 ut
2320 1937 2526 1999 passer
2580 1919 2772 2000 aquila
2828 1938 3002 1982 anser

414 2025 676 2087 mustela.
768 2025 991 2105 figurae
1039 2024 1342 2085 nominum
1390 2030 1532 2084 sunt
1577 2022 1753 2106 duae,
1799 2023 2048 2104 simplex
2095 2033 2156 2085 et
2200 2027 2552 2108 composita,
2608 2026 2883 2109 simplex,
2936 2034 3005 2088 ut

335 2148 387 2190 ιι
413 2133 577 2215 felix,
623 2135 975 2211 composita,
1022 2139 1091 2192 ut
1134 2128 1367 2206 infelix.
1459 2139 1898 2212 componuntur
1953 2139 2152 2193 autem
2207 2117 2442 2193 nomina
2499 2132 2686 2194 modis
2741 2133 2876 2195 llll:
2931 2152 3003 2194 ex

590 2332 773 2388 Codex
809 2329 1203 2400 Sanyalleneia.
1288 2335 1315 2383 1
1358 2346 1394 2384 a.
1430 2345 1529 2385 om.
1693 2337 1724 2385 2
1762 2329 2147 2401 precipiantur
2307 2338 2336 2387 7
2376 2334 2634 2388 neutrum
2672 2362 2741 2373 —
2778 2336 2811 2386 8
2849 2331 3003 2387 femi·

410 2412 604 2469 ninum
639 2429 739 2468 om.
885 2415 916 2463 9
955 2409 1108 2464 scola
1250 2410 1335 2465 eet
1360 2415 1489 2481 post
1526 2413 1785 2467 neutrum
1821 2427 1922 2466 om.
2072 2416 2136 2465 10
2171 2412 2238 2466 ut
2270 2410 2364 2466 hio
2401 2412 2458 2468 et
2493 2412 2632 2467 haee
2666 2412 2726 2467 et.
2759 2411 2867 2466 hoe
2902 2427 3002 2466 om.

485 2499 548 2548 11
588 2491 738 2563 quod
774 2510 939 2548 οποτε
979 2508 1107 2546 oum
1141 2491 1517 2549 necessarium
1554 2511 1691 2563 οπερ
1727 2510 2052 2561 αναγκαιως
2212 2497 2276 2546 12
2315 2492 2467 2562 quod
2503 2509 2602 2550 om.
2759 2499 2824 2548 13
2862 2492 3004 2549 acei-

412 2573 564 2645 pitm·
582 2589 681 2629 om.
827 2577 895 2626 14
922 2571 1157 2643 simplex
1185 2572 1321 2628 felix
1349 2593 1470 2628 απα
1498 2593 1573 2636 ως
1599 2591 1662 2628 το
1691 2574 2098 2643 componuntur
2123 2572 2352 2628 nomina.
2378 2577 2631 2629 συνθετα
2659 2576 2721 2630 δε
2753 2594 3002 2646 ονοματα

414 2875 601 2967 ἡμεῖς
636 2876 982 2965 ἐνσώματα
1019 2882 1378 2967 καλοῦμεν.
1422 2874 1465 2947 ἃ
1504 2878 1580 2948 δὲ
1613 2879 1724 2947 καὶ
1759 2877 1940 2969 παρά
1979 2905 2187 2948 τινων
2222 2885 2663 2968 προσηγορίαι
2699 2881 3006 2967 λέγονται

413 2992 532 3056 καί
551 2988 733 3056 ἐστιν
760 2982 1095 3075 ἀσώματα,
1132 2983 1328 3054 ἅτινα
1353 2988 1446 3079 τῷ
1473 2989 1570 3079 νῷ
1600 2985 1815 3075 μόνον
1843 2986 2436 3074 καταλαμβάνεται,
2472 2984 2617 3055 ἀλλ’
2654 2985 2806 3056 οὔτε
2835 2991 3007 3057 ἰδεῖν

418 3091 569 3163 οὔτε
614 3091 920 3176 ἅψασθαι
964 3091 1186 3163 αὐτῶν
1233 3093 1552 3181 δυνατόν,
1606 3091 1699 3175 ὥς
1741 3096 1922 3163 ἐστιν
1968 3088 2270 3180 εὐσέβεια
2316 3092 2710 3181 δικαιοσύνη
2762 3092 3010 3184 κόσμος

416 3199 670 3290 ἀξίωμα
714 3199 946 3288 εὔροια
991 3206 1403 3270 διδασκαλία.
1492 3204 1697 3271 ταῦτα
1741 3198 1929 3288 ἡμεῖς
1972 3197 2424 3289 προσηγορικὰ
2470 3201 2767 3289 λέγομεν.

363 3327 390 3367 ⁵
600 3311 704 3401 Τῷ
742 3306 1023 3396 ὀνόματι
1061 3313 1413 3397 συμβαίνει
1447 3312 1684 3396 ταῦτα,
1722 3305 1902 3390 εἶδος
1937 3309 2131 3396 γε’νος
2167 3310 2385 3396 σχῆμα
2421 3304 2712 3397 ἀριθμὸς
2744 3313 3011 3391 πτῶσις.

416 3413 597 3497 εἶδός
641 3418 821 3484 ἐστιν
867 3406 919 3508 ῷ
966 3430 1247 3503 νοεῖται,
1292 3411 1334 3504 ἢ
1382 3414 1620 3503 κύριον
1658 3424 1758 3502 εἴη
1795 3413 1872 3485 τὸ
1912 3413 2128 3504 ὄνομα
2164 3410 2207 3503 ἢ
2244 3414 2757 3505 προσηγορικόν.
2847 3418 3008 3504 γένη

416 3526 552 3591 τῷν
626 3519 980 3611 ὀνομάτων
1051 3524 1223 3592 εἰσὶν
1301 3523 1618 3612 τέσσαρα,
1699 3520 2054 3611 ἀρσενικὸν
2136 3520 2494 3610 θηλυκὸν
2578 3520 3010 3611 οὐδέτερον

417 3626 722 3697 κοινόν.
811 3626 1240 3715 ἀρσενικόν
1288 3636 1298 3713 Ι
1349 3631 1566 3698 ἐστιν
1612 3620 1703 3698 οὗ
1748 3628 2285 3719 προτάσσεται
2333 3620 2590 3717 οὗτος,
2637 3629 2736 3711 ὥς
2782 3622 3012 3711 οὗτος

421 3732 456 3804 ὁ
525 3731 1029 3816 διδάσκαλος·
1093 3734 1399 3822 θηλυκόν
1454 3738 1635 3805 ἐστιν
1692 3726 1777 3804 οὗ
1828 3734 2268 3824 προτάσσεται
2321 3734 2520 3823 αὕτη,
2585 3732 2676 3816 ὥς
2738 3734 2903 3823 αὕτη
2968 3734 3010 3823 ἡ

346 3863 396 3903 10
422 3842 651 3931 σχολή·
702 3837 1061 3929 οὐδέτερόν
1097 3843 1131 3909 ἐ
1139 3860 1315 3909 στιν
1357 3833 1438 3909 οὗ
1475 3840 1914 3929 προτάσσεται
1950 3844 2169 3927 τοῦτο,
2215 3839 2307 3923 ὡς
2339 3846 2536 3912 τοῦτο
2573 3841 2648 3912 τὸ
2689 3849 3011 3931 σκρίνιον·

418 3948 655 4019 κοινόν
710 3950 892 4017 ἐστιν
949 3939 1031 4017 οὗ
1076 3947 1512 4037 προτάσσεται
1559 3945 1594 4017 ὁ
1642 3949 1754 4017 καὶ
1798 3945 1841 4035 ἡ
1886 3949 1999 4017 καὶ
2041 3945 2117 4016 τὸ
2252 4003 2267 4017 .
2314 3953 2495 4018 ἔστιν
2548 3950 2658 4018 καὶ
2692 3940 3013 4020 ’ἐπίκοινα

422 4054 749 4145 ὀνόματα,
810 4050 855 4123 ἃ
921 4058 989 4124 οἱ
1042 4053 1360 4143 Ἕλληνες
1431 4058 1795 4124 ἐπίκοινα
1866 4054 2517 4144 προσαγορεύουσιν,
2590 4054 2786 4125 ὁπότε
2850 4055 3010 4145 ὅπερ

421 4160 798 4250 ἀναγκαίως
841 4160 1169 4255 ἀρσενικῷ
1215 4163 1393 4248 γένει
1430 4165 1823 4250 ἐκφωνεῖται
1856 4162 1969 4230 καὶ
2004 4165 2279 4254 θηλυκῷ
2318 4176 2600 4249 νοεῖται,
2644 4158 2686 4249 ἢ
2731 4159 3012 4232 τούναν-

420 4275 566 4339 τίον
615 4267 801 4356 ὅπερ
845 4273 1122 4361 θηλυκῷ
1170 4271 1563 4356 ἐκφωνεῖται
1608 4270 1718 4338 καὶ
1763 4266 2093 4363 ἀρσενικῷ
2137 4268 2755 4359 παραλαμβάνεται,
2802 4267 2893 4351 ὡς
2935 4269 3011 4339 τὸ

348 4396 397 4437 15
425 4374 761 4464 στρουθός
796 4373 987 4455 ἀετός
1018 4374 1146 4464 χήν
1183 4380 1370 4463 γαλῆ.
1442 4376 1741 4465 σχήματα
1774 4379 1911 4445 τῷν
1950 4373 2303 4463 ὀνομάτων
2339 4376 2519 4444 ἐστὶν
2557 4375 2713 4462 δύο,
2754 4374 3014 4447 ἁπλοῦν

422 4483 533 4551 καὶ
598 4481 966 4568 σύνθετον,
1027 4479 1316 4568 ἁπλοῦν,
1382 4480 1472 4563 ως
1531 4481 1608 4552 τό
1760 4535 1776 4552 .
1825 4487 2212 4552 συντίθεται
2268 4482 2343 4550 δὲ
2396 4480 2693 4570 ὀνόματα
2744 4483 3016 4574 τρόποις

423 4590 749 4680 τέτρασιν,
796 4590 865 4657 ἐκ
911 4587 1037 4657 δύο
1082 4595 1374 4676 τελείων,
1433 4587 1524 4671 ὥς
1564 4586 1639 4658 τὸ
1696 4589 2126 4676 προάστειον·
2183 4591 2253 4657 ἐκ
2309 4587 2433 4657 δύο
2489 4587 3014 4679 ἀπολειπόντων,

602 4776 634 4824 2
673 4769 1125 4841 καταλαβανεται
1289 4774 1318 4823 7
1356 4762 1613 4836 θηλυκὸν
1649 4798 1720 4808 -
1755 4773 1787 4823 9
1828 4763 2166 4830 διδάσκαλος
2214 4783 2312 4822 om.
2480 4775 2545 4823 10
2585 4764 2737 4825 ἔστιν
2772 4787 2873 4827 om.

431 4855 494 4903 12
531 4843 571 4903 ἃ
608 4846 693 4920 οἵ]
751 4868 846 4904 αιο
1017 4842 1277 4903 ἐπίκοινα
1324 4848 1623 4916 posteriore
1675 4848 1788 4903 loco
1833 4864 1932 4903 om.
2108 4852 2176 4903 14
2211 4841 2352 4918 ὅπερ
2389 4864 2489 4903 om.
2665 4857 2729 4906 16
2765 4846 3015 4925 τρόποις]

427 4948 656 4999 τραποις
