3613 5528
1528 427 1914 484 EXCERPTA
2892 428 3023 494 325

414 538 458 577 p.
485 526 511 567 5
539 526 598 567 Η.

412 630 521 672 vox
595 615 809 673 emissa
883 613 1410 696 comprehenditur
1484 662 1497 676 .
1573 615 1688 687 Qui
1764 616 1941 695 primi
2014 613 2349 676 litterarum
2423 616 2765 677 inventores
2839 617 3022 677 fuisse

411 716 770 781 traduntur?
834 719 1192 804 Phoenices,
1231 723 1498 801 quamvis
1536 722 1630 783 alii
1672 724 1969 802 AssyrioS,
2008 721 2104 782 alii
2132 721 2494 783 Mercurium
2524 722 2678 802 apud
2710 724 3023 804 Aegyptios

410 835 688 887 asserunt
727 874 739 887 .
780 829 839 888 in
880 827 1184 889 Graeciam
1226 838 1387 891 certe
1419 828 1702 891 Cadmum
1743 848 1774 889 e
1814 828 2111 889 Phoenice
2152 827 2411 889 sedecim
2450 830 2734 891 adtulisse
2774 839 3022 891 constat.

410 929 613 1003 Quas?
662 937 722 995 A
766 934 809 1014 β
855 956 898 1015 γ
946 932 986 996 ὃ
1033 956 1063 997 ε
1113 958 1135 996 ι
1181 956 1221 996 κ
1266 936 1304 997 λ
1351 956 1397 1015 μ
1444 956 1485 996 ν
1533 956 1569 997 o
1617 952 1665 997 π
1711 956 1750 1018 ρ
1798 949 1841 996 σ
1885 955 1921 996 τ
1967 956 2038 1017 v,
2095 934 2305 1015 hisque
2354 935 2611 998 Troiano
2657 936 2812 999 bello
2859 937 3020 998 Pala-

354 1056 380 1095 5
408 1041 640 1116 medem
687 1041 983 1103 addidisse
1032 1051 1340 1121 quattuor,
1388 1062 1429 1121 η
1478 1048 1530 1115 ψ
1575 1063 1612 1123 χ
1660 1062 1738 1122 φ,
1784 1050 1922 1121 post
1968 1060 2103 1103 eum
2145 1042 2509 1104 Simonidem
2559 1043 2832 1106 melicum
2880 1044 3023 1105 alias

408 1155 716 1229 quattuor,
777 1144 884 1223 ζξ
932 1169 984 1210 ω
1031 1152 1085 1210 θ·
1130 1198 1143 1210 .
1190 1149 1299 1209 hae
1357 1158 1628 1230 auctore,
1690 1157 1757 1210 ut
1814 1147 2052 1228 quidam
2109 1148 2337 1231 volunt,
2403 1150 2706 1230 Euandro,
2777 1160 2845 1213 ut
2907 1152 3021 1233 alii,

407 1251 662 1315 Hercule
723 1256 783 1314 in
840 1254 1067 1316 Italiam
1122 1275 1153 1315 a
1210 1254 1472 1335 Pelasgis
1537 1237 1763 1317 adlatae
1829 1302 1842 1315 .
1910 1255 2069 1326 Quot
2134 1273 2231 1315 res
2297 1257 2574 1319 accidunt
2637 1261 2740 1319 uni
2806 1261 3020 1339 cuique

407 1356 684 1421 litterae?
765 1361 916 1422 Tres
977 1410 989 1421 .
1048 1358 1257 1432 Quae?
1336 1361 1594 1442 Nomen,
1660 1363 1874 1442 figura,
1941 1370 2221 1442 potestas
2308 1363 2537 1426 Nomen
2591 1365 2821 1427 litterae
2879 1365 3021 1446 quid

407 1463 541 1528 est?
616 1467 747 1539 Quo
804 1466 1158 1548 appellatur,
1216 1476 1281 1528 ut
1335 1486 1367 1527 a
1416 1515 1429 1528 .
1479 1471 1531 1529 A
1587 1487 1703 1548 quo
1760 1487 1979 1548 genere
2037 1466 2345 1533 ecfertur?
2416 1470 2671 1552 Neutro,
2726 1472 3019 1552 siquidem

328 1591 379 1630 ιο
406 1583 467 1635 et
511 1591 718 1634 omnes
764 1573 1024 1656 litterae,
1071 1574 1251 1636 veluti
1298 1594 1432 1636 cum
1477 1575 1730 1637 dicimus
1768 1576 1976 1638 deesse
2015 1595 2200 1638 unum
2243 1595 2275 1637 a
2314 1578 2403 1638 vel
2444 1595 2626 1638 unum
2674 1579 2729 1641 b.
2805 1579 3020 1659 Figura

406 1680 636 1742 litterae
684 1699 837 1760 quae
885 1677 1019 1743 est?
1092 1681 1219 1753 Qua
1269 1691 1507 1744 notatur
1555 1731 1566 1743 .
1616 1683 1888 1744 Potestas
1936 1681 2131 1763 quae?
2206 1682 2332 1754 Qua
2380 1687 2439 1745 in
2488 1688 2716 1747 ratione
2775 1689 3018 1748 metrica

404 1786 583 1869 valet,
639 1807 777 1849 cnm
832 1797 934 1849 aut
977 1788 1265 1867 producta
1324 1796 1416 1850 est
1461 1799 1563 1850 aut
1609 1800 1886 1870 correpta
1936 1839 1947 1850 .
1997 1800 2057 1852 et
2112 1810 2328 1852 nomen
2387 1792 2628 1872 quidem
2684 1812 2826 1854 voce
2880 1812 3016 1872 pro·

406 1895 679 1976 serimus,
728 1896 975 1975 figuram
1024 1895 1212 1956 oculis
1258 1896 1787 1978 deprehendimuS,
1834 1905 2188 1977 potestatem
2235 1906 2434 1959 mente
2485 1901 2915 1978 cognoscimus,

582 2001 943 2065 Litterarum
974 2006 1203 2083 species
1242 2012 1388 2082 quot
1426 2000 1607 2066 suut?
1684 2004 1844 2065 Duae
1885 2053 1898 2066 .
1937 2001 2148 2076 Quae?
2195 2002 2438 2066 Vocales
2476 2014 2536 2067 et
2573 2006 2971 2067 consonantes
3001 2055 3014 2068 .

326 2124 376 2163 15
405 2116 545 2169 sunt
592 2112 748 2170 enim
810 2110 1040 2171 vocales
1096 2129 1246 2191 quae
1304 2130 1411 2191 per
1467 2130 1531 2172 se
1588 2114 1977 2191 proferuntur
2041 2120 2103 2172 et
2156 2131 2265 2191 per
2321 2131 2385 2173 se
2442 2112 2720 2193 syllabam
2777 2114 3016 2175 faciunt.

406 2214 558 2286 Quid
608 2224 700 2277 est
745 2236 854 2296 per
901 2213 1010 2278 se?
1084 2218 1224 2278 Siue
1263 2218 1508 2279 alterius
1545 2218 1920 2279 adminiculo.
2004 2217 2080 2279 Et
2117 2237 2268 2298 quac
2316 2228 2457 2280 sunt
2503 2238 2654 2299 quae
2712 2222 2838 2280 sine
2888 2220 3016 2282 aliis

406 2339 522 2382 non
571 2320 1002 2386 enuntiantur?
1072 2324 1118 2384 B
1169 2344 1419 2406 namque
1468 2333 1528 2386 et
1574 2344 1607 2386 c
1655 2334 2009 2405 ceteraeque
2061 2325 2240 2387 huius
2281 2326 2466 2407 modi,
2514 2329 2628 2386 nisi
2665 2339 3014 2410 consonent,

404 2430 660 2508 proferri
708 2429 1028 2511 nequeunt.
1105 2430 1350 2493 Vocales
1397 2442 1544 2512 quot
1588 2428 1770 2492 sunt?
1846 2431 2122 2510 Quinque
2161 2478 2175 2493 .
2218 2432 2383 2504 Quae
2423 2429 2613 2494 sunt?
2671 2435 2717 2494 Α
2756 2455 2787 2496 e
2827 2437 2846 2495 i
2884 2454 2919 2495 o
2959 2454 3016 2496 u.

404 2534 568 2606 Quae
624 2556 827 2599 earum
889 2539 1323 2620 corripiuntur,
1378 2557 1528 2618 quae
1586 2534 2046 2617 producuntur?
2131 2537 2252 2599 Hae
2308 2558 2516 2600 omues
2581 2541 2734 2620 apud
2791 2561 2901 2602 nos
2956 2550 3016 2604 et

320 2659 374 2698 20
405 2645 812 2725 corripiuntur
859 2654 918 2707 et
964 2645 1394 2727 producuntur.
1470 2644 1623 2716 Quid
1672 2644 1826 2725 apud
1876 2643 2179 2706 Graecos?
2250 2645 2381 2706 Non
2420 2649 2497 2706 ita
2537 2654 2627 2707 est
2665 2647 2818 2727 apud
2859 2667 2961 2709 eos
3000 2697 3013 2709 .

401 2758 629 2832 septem
687 2754 847 2814 enim
904 2751 1235 2816 litterarum
1292 2751 1580 2815 vocalium
1639 2751 1783 2814 haec
1843 2760 1937 2814 est
1990 2751 2230 2815 divisio:
2289 2774 2331 2833 η
2378 2762 2439 2815 et
2486 2774 2538 2814 ω
2595 2752 2801 2834 longae
2858 2764 3015 2838 sunt,

400 2877 431 2920 ε
479 2866 539 2920 et
585 2880 622 2921 o
670 2860 883 2923 breves
929 2872 1096 2943 sunt,
1142 2882 1184 2922 α
1233 2883 1257 2922 ι
1304 2882 1347 2923 υ
1392 2861 1712 2922 dichronae
1754 2862 2138 2921 nominantur
2185 2909 2197 2921 .
2247 2870 2562 2941 propterea
2600 2870 2798 2924 autem
2834 2863 3012 2925 latina

400 2964 597 3046 lingua
654 2986 793 3030 suas
849 2972 1112 3049 quinque
1156 2967 1165 3050 Ι
1206 2978 1266 3030 et
1321 2971 1571 3050 corripit
1615 2978 1676 3030 et
1721 2966 2025 3049 producit,
2073 2974 2167 3049 ut,
2223 2970 2359 3047 quia
2418 2985 2668 3029 numero
2725 2966 3010 3029 vocalium

541 3145 608 3192 22
648 3142 966 3213 propterea]
1009 3142 1277 3197 Iulianus
1321 3143 1387 3197 de
1432 3142 1614 3196 littera
1647 3158 1703 3209 p.
1743 3145 1782 3194 8
1819 3140 1898 3194 ed.
1936 3137 2094 3194 Rom.
2143 3139 2317 3208 unde,
2371 3139 2505 3208 quia
2550 3141 2609 3194 et
2651 3156 2753 3195 nos
2800 3139 2918 3195 illis
2952 3139 3012 3195 in

397 3235 630 3274 numero
676 3219 995 3276 litterarum
1042 3221 1318 3277 vocalium
1364 3238 1475 3276 non
1525 3237 1926 3290 coaequamur,
1983 3219 2186 3273 saltem
2239 3220 2307 3273 ut
2351 3218 2409 3273 in
2457 3220 2802 3289 temporibus
2851 3236 3010 3275 coae-

399 3317 657 3370 quemur,
704 3302 860 3372 ipsae
898 3302 1166 3372 quinque,
1216 3319 1356 3372 quas
1402 3301 1696 3368 habemus,
1743 3299 1842 3354 ubi
1888 3315 2110 3354 necesse
2158 3301 2268 3367 est,
2325 3300 2457 3352 sunt
2509 3298 2713 3369 longae
2773 3302 2855 3368 et,
2913 3300 3010 3354 ubi

398 3396 619 3436 necesse
656 3383 767 3451 est,
804 3386 934 3437 suut
968 3382 1163 3437 breves

545 3548 569 3595 1
611 3540 778 3611 primi
819 3543 868 3595 V
900 3541 1143 3613 primum
1170 3543 1313 3596 ΒΜ
1419 3548 1452 3596 3
1489 3540 1547 3594 in
1584 3558 1682 3596 om.
1718 3540 1815 3607 M,
1855 3540 1982 3594 add.
2012 3539 2067 3593 Β
2178 3541 2363 3595 certae
2402 3538 2661 3594 cadmum
2698 3540 3006 3610 ephenicae

401 3620 1266 3692 MeerteadnumepheniceB
1353 3628 1549 3676 4AB
1592 3626 1719 3677 ΓΛ
1760 3622 2236 3678 ΟΙΞΜΝΖ
2275 3622 2595 3674 ΠΚΟΦ
2637 3620 3008 3690 ΤΩΙιίεᾳιιο

396 3700 618 3757 troiano
673 3703 824 3758 bello
879 3703 1234 3773 palamedem
1289 3701 1574 3771 addidisq3
1640 3702 1908 3770 quattuor
1967 3704 2024 3754 H
2076 3701 2134 3754 Y
2176 3705 2232 3755 X
2273 3706 2318 3755 P
2369 3701 2499 3770 post
2552 3718 2680 3756 eum
2737 3702 3008 3758 simonide

396 3780 637 3837 militem
689 3782 830 3838 alias
878 3784 1144 3852 quattuor
1193 3785 1325 3837 ΨΕ
1363 3788 1406 3836 Α
1444 3784 1494 3836 Ε
1540 3783 1612 3837 he
1660 3785 1890 3837 auctore
1934 3781 1990 3834 Β
2027 3786 2070 3834 A
2110 3786 2152 3834 Β
2194 3785 2320 3834 ΓΑ
2360 3782 2406 3835 C
2445 3787 2472 3833 Ι
2509 3782 2564 3838 Ξ
2603 3785 2660 3834 Η
2696 3785 2752 3835 Ν
2788 3786 2829 3835 Ζ
2868 3782 3009 3837 HR

399 3862 450 3914 Ο
487 3864 535 3914 Φ
578 3865 629 3915 Τ
659 3864 713 3916 Ω
749 3862 950 3933 hisque
1000 3863 1216 3918 troiano
1263 3862 1412 3918 bello
1458 3861 1811 3931 palamedem
1857 3861 2079 3915 addisse
2126 3863 2392 3930 quattuor
2446 3862 2508 3913 N
2552 3861 2606 3914 Υ
2639 3864 2694 3915 Χ
2729 3866 2774 3915 Ρ
2813 3864 3010 3932 postea

396 3941 768 3997 suimonidem
796 3942 1036 3998 militem
1065 3943 1204 3998 alias
1233 3945 1498 4012 quattuor
1546 3942 1602 3996 Y
1627 3944 1676 3995 E
1702 3946 1746 3995 A
1776 3943 1827 3994 E
1852 3940 1994 3995 haec
2022 3943 2251 3995 auctore
2283 3942 2357 3995 M
2384 3983 2395 3996 .
2426 3943 2648 3997 eandem
2675 3943 3008 4009 scripturam

393 4027 608 4076 secutus
660 4038 808 4090 sum,
862 4041 1025 4093 quam
1080 4025 1143 4077 in
1206 4024 1482 4078 Victorini
1534 4024 1674 4078 libro
1722 4040 1782 4092 p.
1806 4027 2056 4089 „19434
2110 4023 2356 4089 restitui,
2418 4039 2748 4092 quamquam
2801 4039 3008 4077 errores

395 4102 661 4158 librorum
712 4105 1067 4173 grammatico
1120 4103 1403 4158 mouendi
1457 4118 1564 4157 esse
1607 4103 1866 4157 videntur
2009 4106 2042 4154 8
2088 4101 2248 4172 quid]
2298 4103 2449 4170 quod
2493 4102 2638 4156 ΒΜ
2779 4108 2810 4155 9
2858 4101 3006 4170 quod

394 4183 712 4254 appellatur
749 4185 825 4238 M
964 4186 1028 4237 ut
1063 4199 1099 4237 a
1134 4185 1181 4237 A
1220 4201 1332 4254 quo
1369 4199 1571 4253 genere
1610 4182 1837 4238 effertur
1885 4182 1935 4234 V
1966 4184 2032 4235 ut
2066 4198 2116 4236 a.
2146 4181 2252 4238 Int.
2286 4180 2407 4247 Quo
2442 4197 2648 4251 genere
2683 4181 2791 4235 hoc
2827 4180 3005 4234 fertur

398 4264 474 4317 M
505 4269 572 4320 ut
605 4282 655 4320 a.
697 4265 800 4321 Int.
840 4264 962 4331 Quo
999 4282 1201 4336 genere
1240 4264 1348 4319 hoc
1394 4262 1632 4317 refertur
1666 4262 1722 4316 Β
1868 4262 2110 4330 Neutro,
2157 4264 2221 4316 ut
2266 4263 2492 4331 quidem
2541 4278 2732 4317 omnes
2779 4259 3003 4314 litterae

396 4346 527 4399 sunt
566 4345 615 4398 V
640 4367 656 4398 :
682 4347 916 4412 fortasse
941 4348 1138 4400 neutro
1174 4343 1255 4399 sic
1293 4342 1546 4413 quidem,
1586 4343 1650 4397 ut
1677 4359 1870 4397 omnes
1898 4343 2120 4400 litterae
2232 4349 2296 4398 12
2325 4359 2523 4398 uocem
2550 4341 2908 4412 profert-imus
2936 4341 3005 4393 Μ

398 4431 466 4478 14
505 4424 658 4491 Quae
695 4430 822 4494 post
866 4425 1021 4481 Duae
1067 4443 1169 4481 om.
1212 4426 1306 4492 M,
1345 4426 1470 4480 add.
1509 4425 1564 4478 Β
1715 4430 1779 4477 15
1829 4427 1961 4479 sunt
2006 4424 2158 4479 enim
2205 4422 2304 4492 qui
2349 4439 2450 4492 per
2494 4440 2554 4477 se
2603 4421 2895 4491 proferunt
2932 4421 3004 4473 M

398 4513 461 4561 17
515 4510 844 4575 ceteraeque
900 4512 1152 4575 excerpta
1204 4505 1506 4561 Bobiensia
1568 4503 1866 4571 Victorini,
1924 4506 2222 4574 ceteraque
2276 4504 2421 4557 ΒΜ
2569 4501 2679 4556 nisi
2735 4502 3003 4554 consonet

394 4586 631 4655 proferri
665 4587 721 4640 Β
759 4586 866 4641 nisi
903 4589 1206 4642 consonent
1250 4585 1497 4656 proferre
1540 4585 1627 4639 Μ.
1758 4589 1825 4637 19
1867 4583 2019 4650 Quae
2067 4602 2257 4640 earum
2302 4583 2675 4653 corripiuntur
2711 4612 2779 4621 —
2818 4586 2948 4647 326,
2973 4590 2996 4635 1

393 4666 738 4735 temporibus
767 4669 1105 4737 exaequetur
1130 4669 1195 4721 in
1222 4668 1362 4721 libro
1400 4665 1675 4720 Victorini
1710 4665 1928 4731 omissa,
1965 4683 2032 4720 ex
2068 4666 2246 4721 eodem
2281 4666 2432 4732 sonte
2467 4664 2646 4718 relata
2680 4668 2810 4717 aunt
2849 4666 3003 4731 apud

398 4744 652 4800 Marium
700 4745 1041 4801 Victorinum
1068 4763 1127 4816 p.
1167 4751 1329 4814 31,17
1474 4749 1540 4800 19
1579 4744 1719 4799 haec
1758 4760 1952 4799 omnes
1988 4745 2043 4798 Β
2187 4752 2258 4800 20
2292 4746 2526 4812 fortasse
2571 4760 2684 4798 non
2730 4743 2814 4798 ita
2860 4746 2948 4798 est
2986 4786 2997 4797 .

395 4826 543 4895 apud
581 4842 674 4881 eos
711 4825 859 4881 enim
896 4829 1111 4895 septem
1146 4825 1462 4880 litterarum
1606 4830 1675 4879 23
1713 4825 1774 4878 et
1810 4823 2043 4893 corripit
2087 4825 2144 4878 et
2189 4823 2448 4893 producit
2495 4827 2553 4879 et
2597 4824 2732 4894 quia
2767 4840 2997 4877 numero

395 4904 741 4993 uocahilibus
778 4906 833 4958 Β
869 4908 926 4959 et
963 4921 1106 4975 quae
1143 4904 1299 4961 ducit
1337 4909 1395 4960 et
1431 4922 1573 4975 quae
1611 4922 1843 4960 numero
1879 4902 2172 4959 uocalibus
2213 4904 2286 4958 M

3060 2030 3149 2078 195,
