3613 5528
1332 422 1474 477 ARS
1512 423 1609 479 DE
1647 422 2229 480 ORTHOGRAPHIA
2953 421 3080 486 119

469 541 515 578 p.
543 531 660 569 sscs.
694 530 746 570 ro
770 530 820 569 P.

474 617 692 695 tione,
729 623 798 675 at
833 632 976 675 non
1013 615 1169 674 sine
1207 619 1628 692 argumento
1666 605 2176 673 maledicere?'
2215 612 2275 671 in
2306 610 2542 671 seminis
2571 618 2769 671 autem
2798 609 3077 671 honestas

475 720 705 802 dicitur,
743 721 899 782 unde
930 721 1246 783 Terentius
1276 718 1349 780 de
1377 717 1621 779 horrido
1650 726 1712 779 et
1738 737 1881 780 sene
1910 716 2202 778 Eunucho
2243 712 2572 778 ‘illumne
2611 717 3078 778 inhonestum

472 826 821 889 hominem
869 820 1272 905 [ambulare]'.
1346 825 1683 885 formositas
1729 842 1870 885 vero
1917 825 1979 883 in
2025 823 2375 883 luxuriosis:
2421 821 2700 902 Virgilius

779 934 1169 994 formosum
1214 937 1464 1011 pastor
1513 929 1842 1009 Corydon
1889 929 2191 991 ardebat
2236 928 2505 991 Alexin.

386 1067 413 1105 5
636 1040 769 1120 Ipse
816 1058 1146 1120 pronomen
1191 1038 1493 1118 dignitatis
1538 1044 1656 1118 est,
1700 1039 1814 1098 iste
1862 1035 2226 1097 abiectionis.

639 1148 870 1209 Donum
917 1147 1112 1208 dantis
1158 1153 1268 1227 est,
1312 1162 1530 1206 munus
1560 1145 1924 1224 accipientis,
1999 1142 2143 1204 illud
2191 1161 2223 1203 a
2270 1141 2481 1224 dando,
2527 1143 2640 1205 hoc
2672 1163 2703 1204 a
2747 1146 3077 1208 muniendo

465 1255 553 1316 vel
599 1274 631 1316 a
676 1255 971 1316 monendo
1011 1252 1023 1329 Ι
1063 1252 1306 1314 dictum.

638 1362 757 1423 Has
802 1366 1013 1422 manus
1061 1362 1237 1445 unius
1284 1359 1539 1420 hominis
1586 1360 1867 1440 dicimuS,
1912 1358 2065 1419 banc
2112 1375 2352 1420 manum
2390 1359 2714 1421 multorum
2751 1360 3076 1423 hominum.

640 1469 973 1550 Coarguere
1029 1475 1122 1530 est
1178 1486 1458 1529 coercere
1515 1477 1576 1529 et
1630 1483 2040 1546 compescere,
2099 1483 2352 1544 arguere
2417 1466 2733 1527 ostendere
2797 1476 2856 1529 et
2916 1477 3074 1548 pate-

384 1598 437 1638 1o
464 1578 689 1638 facere:
744 1575 1023 1655 Virgilius
1078 1570 1514 1655 ‘degeneres
1569 1576 1845 1634 animos
1891 1574 2104 1633 timor
2151 1568 2440 1652 arguit'.
2524 1573 2681 1635 unde
2730 1584 3076 1654 argumenta

467 1684 746 1745 dicuntur
792 1702 942 1763 quae
991 1701 1228 1744 causam
1276 1681 1614 1743 ostendunt.

638 1790 791 1851 Sunt
837 1809 866 1850 s
938 1808 1171 1870 mone5‚
1227 1796 1294 1850 ut
1339 1791 1421 1850 ita
1467 1787 1747 1869 dixerim,
1792 1805 2141 1848 communes
2186 1787 2303 1848 duo
2352 1787 2467 1848 sibi
2512 1792 2808 1850 contraria
2856 1792 3074 1870 signifi-

463 1905 680 1959 cantes.
754 1915 861 1958 vec
890 1915 959 1956 or
1004 1896 1224 1957 dicitur
1269 1903 1331 1956 et
1377 1896 1481 1974 qui
1524 1903 1723 1975 portat
1764 1904 1827 1955 et
1863 1897 1967 1974 qui
2004 1902 2293 1975 portatur.
2367 1894 2586 1975 hospes
2624 1904 2684 1958 et
2720 1900 2822 1976 qui
2861 1901 3077 1979 recipit

463 2013 523 2065 et
549 2007 651 2084 qui
688 2005 992 2083 recipitur.
1064 2021 1235 2064 sacer
1272 2009 1333 2063 et
1369 2001 1742 2062 venerandus
1779 2009 1842 2062 et
1878 2002 2274 2064 execrandus:
2318 2000 2597 2081 Virgilius
2634 1998 2824 2064 ‘auri
2871 2022 3074 2065 sacra

381 2132 434 2172 ιε
461 2105 735 2172 sames'.
820 2110 984 2172 ultus
1040 2120 1100 2172 et
1156 2109 1485 2170 vindicatus
1542 2117 1603 2170 et
1655 2111 1919 2189 punitus.
2001 2110 2188 2188 gratia
2248 2116 2310 2171 et
2367 2108 2556 2170 bonae
2617 2118 2680 2172 et
2739 2110 2924 2171 malae
2987 2115 3075 2172 rei

462 2235 664 2279 causa:
718 2235 855 2277 nam
911 2219 1066 2278 sicut
1112 2217 1365 2278 dicimus
1413 2211 1838 2278 ‘amicitiarum
1883 2223 1946 2277 et
1999 2215 2273 2277 beneficii
2328 2211 2577 2300 gratia'‚
2631 2219 2711 2278 ita
2761 2218 3074 2279 Sallustius

463 2321 870 2404 ‘obprobrii
934 2318 1226 2408 gratia',
1294 2331 1357 2386 et
1421 2323 1630 2385 Cicero
1696 2320 2215 2403 ‘relegationis
2278 2342 2357 2384 ac
2422 2323 2772 2405 supplicii
2843 2329 3072 2405 gratia

340 2494 351 2503 ,
461 2432 767 2494 colenda
821 2440 893 2494 et
948 2423 1253 2494 fruenda
1311 2426 1772 2512 tradiderat',
1819 2439 1881 2492 et
1926 2431 2243 2492 Terentius
2291 2427 2446 2511 ‘qui
2492 2432 2801 2492 referam
2848 2435 3072 2494 sacri·

460 2539 616 2619 lego
671 2539 782 2600 illi
837 2535 1188 2619 gratiam'.
1263 2539 1540 2618 suffragia
1584 2538 1788 2619 populi
1835 2545 1896 2599 et
1942 2557 2093 2617 quae
2139 2538 2434 2600 honorant
2488 2538 2772 2601 dicuntur
2816 2548 2877 2601 et
2924 2559 3106 2618 quae.

378 2670 435 2709 so
461 2647 765 2709 damnant:
812 2645 1021 2708 Cicero
1060 2646 1133 2707 de
1169 2654 1449 2727 praetura
1487 2644 1711 2707 urbana
1751 2639 2000 2707 ‘istum
2039 2647 2143 2706 vis
2192 2645 2336 2707 ulla
2374 2664 2454 2706 ex
2493 2646 2742 2725 populi
2778 2646 3072 2707 Romani

462 2755 840 2834 sul'l'ragiis
896 2755 1185 2835 eripere
1240 2747 1571 2836 poterit'.
1654 2753 1944 2815 donamus
2000 2761 2059 2815 et
2112 2752 2257 2815 illud
2316 2751 2474 2833 quod
2533 2752 2741 2815 damus
2798 2762 2859 2816 et
2905 2755 3070 2816 illum

463 2864 560 2923 cui
615 2861 839 2923 damus,
923 2861 1232 2923 adficimur
1284 2861 1511 2921 honore
1568 2867 1629 2920 et
1683 2859 1992 2921 adficimur
2046 2863 2281 2924 iniuria.
2353 2860 2651 2922 elevamus
2706 2869 2767 2923 et
2813 2880 2962 2942 quae
3013 2866 3072 2922 iu

463 2970 644 3031 altum
690 2967 1013 3030 attollimus
1060 2977 1120 3030 et
1177 2987 1326 3049 quae
1375 2966 1729 3029 adnullando
1775 2967 1995 3028 leviora
2042 2969 2309 3030 facimus.
2382 2966 2771 3030 subducimus
2816 2975 2878 3030 et
2922 2989 3072 3049 quae

462 3084 624 3137 retro
660 3074 1066 3137 subtrahimus
1103 3086 1165 3136 et
1201 3093 1351 3155 quae
1391 3075 1451 3134 in
1487 3080 1770 3154 promptu
1809 3074 2140 3136 offerimus:
2188 3074 2502 3136 Sallustius
2539 3073 2694 3135 bello
2733 3073 3071 3137 Catilinario

603 3336 629 3384 1
655 3331 717 3385 at
734 3345 846 3384 non
865 3328 942 3382 M
942 3326 990 3382 0
1003 3344 1070 3383 ac
1089 3344 1201 3382 non
1220 3344 1250 3382 c
1267 3331 1368 3383 aut
1386 3344 1496 3382 non
1516 3326 1571 3380 Β
1671 3331 1704 3380 2
1723 3325 2182 3448 undeg'erentius
2201 3327 2271 3382 de
2290 3327 2518 3383 horrido
2538 3328 2597 3383 et
2615 3344 2744 3383 sene
2764 3331 3018 3386 eunucho
3039 3345 3073 3389 ς

410 3465 423 3476 “
459 3464 605 3519 unde
649 3462 923 3519 terentius
970 3461 1039 3516 de
1086 3459 1317 3516 horrido
1364 3462 1423 3515 et
1465 3458 1515 3513 si
1561 3458 1679 3514 sine
1719 3460 1877 3515 cultu
1914 3461 2167 3515 eunucho
2208 3462 2284 3514 M
2327 3460 2473 3515 unde
2521 3460 2791 3516 terentius
2828 3462 2898 3518 de
2936 3463 3072 3519 ordo

460 3543 568 3599 etsi
602 3560 732 3598 sene
760 3542 1016 3599 eunucho
1041 3541 1098 3595 B
1134 3539 1283 3595 unde
1312 3579 1580 3595 ........
1611 3541 1865 3596 eunucho
1908 3543 2118 3613 aliquot
2155 3544 2352 3598 litteris
2386 3542 2597 3609 defectu
2632 3543 3074 3600 membranarum

453 3624 687 3694 perditis
734 3622 791 3678 0.
847 3623 1080 3690 fortasse
1123 3619 1273 3675 unde
1309 3618 1604 3675 Terentius
1640 3618 1711 3674 de
1747 3619 1972 3677 horrido
2011 3624 2071 3677 et
2103 3622 2317 3678 inculto
2353 3638 2482 3677 sene
2519 3622 2816 3678 Eunucho:
2859 3624 3068 3681 Terent.

458 3704 715 3760 Eunuch.
757 3704 839 3756 ΙΙ
873 3707 926 3769 3,
964 3707 1039 3757 65
1180 3699 1414 3755 illumne
1450 3699 1746 3755 honestum
1781 3699 1900 3754 BG
2037 3708 2069 3756 3
2106 3702 2395 3757 ambulare
2433 3717 2536 3758 om.
2563 3701 2701 3770 ΒΟ,
2739 3704 2866 3758 add.
2901 3705 2977 3758 M

458 3791 493 3839 4
528 3785 854 3855 formosum]
906 3783 1062 3852 Verq.
1100 3783 1271 3837 bucol.
1310 3787 1372 3848 2,
1408 3787 1439 3836 1
1567 3779 1802 3835 ardebat
1836 3779 2012 3835 alexis
2051 3780 2114 3850 G,
2155 3797 2255 3835 om.
2283 3780 2341 3834 Β
2342 3798 2388 3850 p
2509 3787 2541 3836 6
2578 3781 2683 3837 hoc
2721 3800 2758 3837 a
2793 3785 3070 3841 mouendo

458 3864 552 3919 uel
588 3881 623 3918 a
658 3863 935 3918 monendo
973 3862 1184 3917 dictum
1224 3860 1340 3916 Bo
1477 3866 1509 3913 8
1546 3860 1693 3915 hauc
1730 3861 1902 3929 (hune
1942 3860 2014 3930 0)
2051 3877 2280 3915 manum
2317 3861 2523 3916 inultos
2561 3862 2815 3918 homines
2851 3863 2968 3917 ΒΟ

464 3950 529 3999 10
574 3943 893 4014 degeneres]
944 3941 1099 4012 Very.
1137 3942 1278 3999 Aen.
1329 3942 1496 3994 IIII
1530 3945 1601 3994 13
1780 3940 1997 3996 animas
2042 3942 2098 3996 Β
2281 3947 2344 3995 13
2393 3942 2594 4011 hospes
2641 3943 2732 3997 est
2775 3944 2873 4012 qui
2906 3946 2964 3998 Β

462 4029 529 4077 14
573 4023 717 4095 auri]
768 4022 923 4092 Very.
970 4022 1107 4076 Aen.
1158 4021 1285 4075 III
1317 4024 1391 4074 57
1550 4026 1615 4076 16
1662 4021 1923 4094 dicimus]
1970 4021 2209 4077 diximus
2249 4021 2297 4075 Ο
2451 4021 2535 4076 ita
2579 4022 2841 4092 supplicii
2887 4024 3072 4093 gratia

459 4102 736 4158 Salustius
780 4101 1068 4173 obprobrii
1113 4098 1302 4170 gratia
1339 4098 1408 4154 0.-
1454 4099 1680 4155 Sallust.
1731 4100 1849 4157 Gat.
1896 4107 1993 4169 23,
2043 4108 2074 4157 1
2124 4120 2289 4172 quem
2337 4119 2592 4158 censores
2639 4105 2834 4157 senatu
2879 4105 3070 4173 probri

457 4180 643 4252 gratia
675 4181 970 4237 moverant
1149 4185 1214 4234 17
1254 4181 1314 4234 et
1348 4184 1475 4234 ante
1511 4180 1703 4237 Cicero
1740 4199 1842 4238 om.
1880 4182 1936 4236 Β
2115 4183 2480 4255 relegationis
2522 4184 2597 4239 M
2627 4182 2977 4253 religationis
3013 4184 3069 4237 B

458 4263 744 4333 religionis
772 4261 902 4331 pG:
942 4260 1051 4315 Cic.
1082 4276 1143 4329 p.
1183 4258 1343 4317 Rosc.
1380 4261 1564 4317 Amer.
1604 4267 1693 4329 15,
1729 4266 1802 4318 43
1984 4269 2051 4318 18
2101 4265 2335 4320 fruenda
2372 4264 2448 4318 M
2457 4263 2506 4318 0
2547 4263 2823 4318 seruanda
2858 4262 2962 4331 Bp

458 4341 596 4413 quid
630 4341 867 4397 referam
904 4342 984 4397 B:
1028 4343 1239 4398 Terent.
1278 4340 1536 4398 Eumol».
1586 4342 1639 4396 V
1670 4348 1724 4410 3,
1760 4350 1799 4400 2
1946 4350 2015 4399 20
2051 4346 2317 4414 praetura
2355 4344 2431 4397 M
2461 4343 2816 4413 praefectura.
2849 4344 2905 4397 B
2921 4342 2969 4396 Ο

456 4424 628 4477 istum
665 4422 751 4477 uis
788 4422 892 4477 illa
926 4423 1124 4494 populi
1162 4422 1442 4494 suffragiis
1479 4420 1719 4478 eximere
1757 4423 1968 4493 poterit
1999 4441 2065 4493 p:
2106 4423 2216 4479 Cic.
2254 4426 2318 4478 in
2365 4424 2518 4479 Verr.
2556 4428 2658 4477 act.
2696 4439 2794 4477 sec.
2836 4424 2878 4475 Ι
2912 4429 2966 4489 5,
2999 4429 3071 4478 14

457 4520 570 4559 non
606 4519 802 4558 vereor
838 4518 909 4556 ne
946 4505 1046 4557 aut
1080 4502 1251 4558 istum
1286 4502 1372 4558 vis
1409 4503 1529 4558 ulla
1564 4520 1630 4558 ex
1675 4503 1874 4574 populi
1909 4503 2149 4558 Romani
2193 4501 2473 4572 suffragiis
2519 4502 2734 4572 eripere
2772 4505 2871 4558 aut
2907 4519 2942 4556 a
2978 4521 3068 4557 me

460 4584 636 4639 ullum
688 4601 888 4638 munus
946 4584 1256 4641 aedilitatis
1310 4586 1551 4656 amplius
1610 4587 1711 4639 aut
1762 4583 1978 4654 gratius
2032 4584 2240 4654 populo
2295 4583 2548 4638 Romano
2605 4598 2725 4636 esse
2783 4581 2963 4652 possit

456 4671 523 4718 21
556 4663 764 4733 eripere
791 4680 862 4718 ne
890 4664 1102 4733 poterit
1130 4666 1206 4719 M
1289 4666 1499 4737 poterit
1526 4665 1635 4719 Ubi
1664 4682 1792 4719 eum
1819 4664 1995 4734 pudet
2022 4662 2290 4718 donamus
2319 4662 2398 4716 B:
2428 4663 2497 4729 cf.
2515 4678 2571 4730 p.
2595 4666 2725 4728 120,
2753 4667 2788 4715 3
2880 4669 2947 4716 22
2978 4663 3070 4717 eui

457 4743 675 4816 damus]
714 4743 805 4799 cui
841 4743 1116 4798 donamus
1155 4743 1203 4798 0
1296 4752 1364 4801 23
1401 4743 1767 4815 adnullando]
1809 4743 2050 4798 adlando
2086 4741 2188 4807 Bp
2287 4747 2357 4795 24
2395 4740 2689 4796 Sallustius
2729 4741 2878 4797 bello
2918 4742 3066 4798 Cati·

458 4822 681 4895 linario]
721 4824 988 4880 salustius
1023 4823 1174 4880 bello
1212 4825 1447 4881 catilina
1484 4825 1559 4879 M
1590 4824 1742 4879 bello
1779 4825 1872 4879 uel
1908 4822 2170 4879 catilinae
2209 4821 2474 4876 salustius
2514 4822 2563 4877 0
2592 4821 2742 4877 bello
2780 4820 3066 4878 catillinae

462 4903 557 4957 uel
589 4904 862 4961 catilenae
900 4904 1168 4962 salustius
1201 4905 1282 4961 B:
1323 4906 1552 4962 Sallust.
1593 4903 1765 4964 Catil..
1795 4909 1886 4972 59,
1923 4909 1959 4959 3
