3613 5528
627 401 716 463 64
812 396 817 400 ’
1700 399 1902 454 VELII
1938 400 2164 455 LONGI

626 512 668 549 p.
698 502 803 542 2226
829 501 880 541 Ρ.

626 586 879 648 ducatur
908 588 1035 648 eius
1064 584 1222 666 quod
1252 593 1345 647 est
1374 581 1710 664 ‘expectare
1747 584 1916 646 illum
1949 579 2106 645 volo'
2146 592 2207 646 et
2236 579 2527 665 ‘spectare
2557 584 2700 646 mihi
2742 580 2977 665 placet'.
3025 603 3233 647 verum

626 711 746 754 uno
804 693 977 754 modo
1033 700 1353 772 utrumque
1410 690 1591 752 scribi
1636 691 1778 752 licet
1825 711 1933 752 nec
1983 694 2193 753 timere
2240 710 2368 752 eam
2415 690 2886 773 ambiguitatem,
2942 709 3095 771 quae
3141 698 3235 753 est

628 798 828 860 multis
882 797 1078 859 verbis
1134 798 1609 880 familiarissima,
1665 816 1802 858 cum
1848 800 1910 858 in
1966 798 2074 859 hac
2131 797 2327 859 littera
2373 817 2410 858 x
2456 800 2632 859 etiam
2681 817 2708 859 s
2755 800 2946 878 posita
2994 800 3098 881 sit,
3156 800 3232 859 si-

626 905 865 984 quidem
912 913 1030 966 tam
1079 904 1233 985 apud
1282 923 1393 966 nos
1438 922 1616 983 quam
1663 904 1818 985 apud
1866 904 2124 966 Graecos
2171 904 2389 986 duplex
2436 907 2513 966 sit
2562 913 2621 966 et
2666 907 3008 985 composita.
3366 936 3403 959 ο

801 1010 1196 1085 Transeamus
1241 1030 1403 1073 nunc
1465 1011 1537 1072 ad
1594 1010 1765 1072 aliam
1820 1014 2333 1092 praepositionem.
2407 1010 2482 1072 ob
2527 1014 2887 1092 praepositio
2931 1011 3232 1073 interdum
3259 1029 3287 1069 ε»

623 1120 869 1198 ponitur
926 1119 1127 1201 plena,
1182 1127 1251 1180 ιιι
1307 1126 1398 1180 est
1451 1118 1619 1179 obire
1676 1117 1984 1200 oberrare,
2042 1118 2343 1181 interdum
2399 1118 2470 1179 ad
2526 1137 2654 1179 eam
2700 1119 2957 1181 litteram
3003 1120 3234 1192 transit,

624 1242 656 1284 a
696 1242 810 1304 qua
849 1243 1107 1304 sequens
1146 1243 1252 1286 vox
1291 1226 1515 1306 incipit,
1560 1232 1629 1286 ut
1674 1233 1767 1286 est
1814 1224 2038 1287 offulsit
2076 1228 2418 1286 ommutuit:
2466 1228 2607 1286 item
2654 1233 2714 1285 et
2760 1227 2811 1287 si
2855 1245 2893 1305 p
2933 1232 3235 1305 sequatur,

626 1340 692 1393 ut
730 1334 1024 1410 opposuit.
1091 1331 1362 1392 similiter
1410 1330 1648 1411 quidam
1694 1339 1753 1393 et
1801 1333 1861 1392 in
1910 1350 1981 1391 eo
2030 1329 2187 1409 quod
2234 1339 2327 1391 est
2373 1330 2603 1392 obstitit
2647 1351 2685 1412 p
2732 1349 2968 1392 servare
3017 1330 3235 1391 malue-

540 1474 545 1483 -
633 1444 791 1517 runt,
837 1438 973 1515 quia
1003 1435 1146 1497 haec
1175 1436 1369 1497 littera
1400 1435 1731 1497 semivocali
1761 1455 1790 1496 s
1820 1436 2063 1497 confusa
2095 1438 2222 1497 eius
2250 1436 2480 1498 litterae
2511 1456 2724 1498 sonum
2753 1439 3047 1519 exprimit,
3084 1455 3232 1527 quae

627 1552 720 1604 est
764 1544 919 1623 apud
966 1543 1223 1605 Graecos
1270 1541 1345 1624 Ψ,
1390 1550 1567 1623 atque
1626 1543 1775 1604 hanc
1826 1542 1906 1604 illi
1954 1542 2252 1623 duplicem
2295 1552 2569 1606 constare
2617 1544 2824 1606 dicunt
2878 1563 2950 1605 ex
2994 1564 3034 1623 p
3079 1552 3142 1605 et
3187 1562 3232 1604 s,
3265 1566 3316 1605 ιο

811 1649 964 1711 Huic
1012 1650 1221 1712 similis
1266 1657 1358 1711 est
1405 1658 1461 1711 et
1510 1649 1622 1710 sub
1669 1651 2055 1733 praepositio,
2093 1669 2244 1730 quae
2289 1651 2587 1713 interdum
2637 1652 2674 1712 b
2721 1651 2974 1723 litteram
3022 1658 3236 1733 servat,

637 1764 703 1817 ut
748 1758 809 1817 in
859 1775 929 1817 eo
977 1757 1135 1836 qnod
1183 1765 1275 1818 est
1320 1756 1547 1838 subdit3
1585 1755 1886 1818 interdum
1931 1764 2138 1833 mutat,
2185 1765 2251 1818 ut
2297 1776 2476 1838 supra
2524 1758 2661 1840 dixi,
2703 1761 2765 1818 in
2813 1777 2941 1819 eam
2977 1757 3233 1819 litteram

629 1881 659 1922 a
708 1881 821 1942 qua
870 1882 1129 1943 sequens
1173 1866 1384 1943 incipit
1428 1864 1692 1945 verbum,
1738 1872 1806 1925 ut
1843 1866 1903 1924 iu
1943 1882 2012 1923 eo
2061 1863 2218 1944 quod
2267 1871 2358 1925 est
2405 1865 2626 1926 sufficit
2670 1865 2912 1927 suffodit
2956 1873 3017 1926 et
3061 1867 3122 1925 in
3160 1883 3233 1925 eo

631 1968 789 2048 quod
836 1978 929 2031 est
974 1972 1290 2031 summovit
1336 1972 1826 2032 sumministravit
1872 1977 2048 2049 atque
2095 1973 2155 2031 in
2204 1989 2275 2031 eo
2322 1971 2481 2051 quod
2521 1979 2611 2031 est
2650 1974 2980 2052 supposuit.
3055 1980 3231 2050 atque

626 2074 1147 2138 animadvertimus
1202 2080 1264 2138 in
1320 2075 1729 2137 semivocalem
1782 2096 1813 2136 s
1870 2078 2151 2157 transire,
2199 2085 2265 2137 ut
2309 2079 2370 2137 in
2420 2096 2490 2138 eo
2538 2077 2694 2156 quod
2744 2086 2836 2139 est
2882 2076 3124 2138 sustulit
3171 2084 3313 2138 et15

627 2184 905 2263 suscepit.
962 2201 1072 2244 nec
1100 2202 1220 2245 non
1255 2186 1440 2245 variat
1477 2184 1965 2265 significationem
2001 2185 2232 2263 gemina
2272 2186 2678 2244 enuntiatione
2716 2183 2947 2249 litterae
2978 2201 3230 2263 sequen-

626 2297 747 2349 tem
784 2307 988 2350 vocem
1024 2290 1376 2374 inchoantis,
1420 2300 1488 2353 ut
1534 2299 1627 2352 est
1662 2292 1999 2370 succipere:
2045 2289 2202 2353 aliud
2242 2298 2335 2351 est
2370 2292 2529 2350 enim
2568 2285 2846 2352 ‘amicum
2883 2284 3234 2372 suscipere'‚

632 2395 789 2455 aliud
839 2390 1081 2475 ‘aquam
1128 2400 1435 2479 succipere
1449 2393 1487 2459 ’.

801 2503 875 2563 At
920 2505 980 2564 in
1027 2507 1463 2585 praepositione
1511 2504 1583 2565 de
1624 2506 1934 2565 minimum
1973 2510 2066 2564 est
2101 2503 2550 2586 observationiS,
2597 2513 2882 2585 quantum
2922 2503 2993 2565 ad
3032 2503 3231 2565 ortho-

626 2608 957 2692 graphiam,
1013 2628 1131 2670 non
1189 2609 1348 2690 quod
1404 2611 1476 2671 ad
1524 2611 2014 2690 significationem
2059 2612 2335 2688 pertinet.
2409 2610 2580 2690 plena
2630 2614 2787 2679 enim
2835 2614 2894 2672 in
2940 2613 3229 2691 composi·
3260 2630 3317 2670 20

624 2715 886 2777 tionibus
939 2718 1208 2800 ponitur,
1274 2725 1339 2778 ut
1392 2716 1687 2780 deducere
1754 2715 2056 2798 depellere
2113 2714 2520 2779 demonstrare
2578 2696 2906 2781 destruere.
2988 2735 3123 2779 nam
3182 2719 3233 2779 si

627 2824 861 2904 quando
907 2843 940 2885 e
986 2827 1048 2885 in
1094 2827 1114 2885 i
1158 2824 1415 2886 litteram
1462 2828 1691 2907 transit,
1737 2824 1811 2885 ab
1859 2823 1968 2885 alia
2013 2825 2453 2905 praepositione
2500 2828 2791 2905 originem
2838 2826 3017 2887 ducit.
3093 2844 3229 2886 cum

625 2933 783 2993 enim
854 2930 1105 2993 dicimus
1173 2931 1444 3015 dimovit,
1513 2941 1581 2994 ut
1637 2941 1733 2994 est
1795 2926 2131 2992 ‘dimovit
2188 2929 2566 2993 obstantes
2630 2927 3112 3013 propinquos'
3172 2940 3234 2994 et

800 3183 982 3239 Codex
1022 3185 1320 3240 Parrhasii
1401 3191 1433 3239 6
1471 3183 1754 3254 oberrare]
1793 3183 2028 3239 obarare
2204 3190 2234 3239 7
2272 3182 2464 3238 offusit
2499 3184 2833 3239 omminauit
3000 3190 3032 3238 9
3070 3184 3233 3239 semi-

622 3261 834 3317 uocalis
873 3263 1105 3320 confusa
1267 3272 1332 3319 13
1370 3265 1627 3336 verbum]
1668 3280 1866 3319 uerum
2030 3270 2093 3319 15
2134 3283 2159 3319 s
2197 3281 2297 3320 om.
2472 3270 2539 3320 16
2577 3263 2860 3335 geminum
2898 3264 3233 3320 enuntiatio·

623 3359 752 3397 uem
935 3350 1000 3398 17
1047 3347 1111 3399 ut
1155 3347 1240 3400 est
1286 3345 1569 3415 suscipere
1748 3344 1905 3399 aliud
1942 3346 2030 3399 est
2066 3344 2217 3400 enim
2253 3344 2496 3400 amicum
2534 3346 2813 3416 suscipere
2851 3345 2934 3400 bis
2968 3346 3234 3413 scriptum

620 3427 698 3476 est
735 3425 804 3493 (?)
975 3429 1043 3479 20
1080 3425 1361 3494 pertineat
1528 3422 1675 3478 enim
1713 3438 1815 3478 om.
1857 3423 1925 3491 0,
1961 3424 2024 3478 in
2060 3442 2234 3496 mary.
2273 3426 2401 3481 add.
2440 3442 2470 3480 c
2640 3430 2708 3480 23
2746 3422 3089 3495 propinquas

801 3669 834 3717 3
865 3663 1142 3732 siquidem
1163 3694 1229 3704 —
1259 3663 1463 3733 duplex
1492 3662 1567 3718 sit
1601 3678 1701 3718 om.
1739 3660 1796 3717 R
1903 3670 1935 3718 5
1966 3665 2037 3721 ob
2065 3666 2406 3737 praepositio
2428 3697 2495 3705 —
2517 3672 2602 3734 65,
2625 3672 2690 3721 10
2718 3667 2783 3720 ut
2808 3663 3035 3720 diffudit
3061 3664 3234 3733 Papi-

622 3742 822 3796 rianae
859 3745 1013 3812 apud
1051 3743 1460 3799 Cassiodorium
1486 3760 1546 3812 p.
1586 3748 1745 3800 2293
1927 3751 1959 3799 6
1997 3743 2151 3800 obire
2190 3746 2422 3800 obarare
2455 3745 2537 3814 R,
2576 3747 2730 3818 obire
2766 3745 3024 3801 oberrare
3061 3744 3233 3813 Papi-

620 3822 821 3877 m'anus
995 3823 1278 3878 interdum
1312 3821 1373 3877 in
1410 3821 1643 3877 eandem
1690 3824 1940 3880 litteram
1988 3823 2190 3879 transit
2226 3823 2571 3893 Papirianus
2751 3831 2781 3880 7
2820 3827 2884 3879 ut
2921 3827 3007 3880 est
3043 3823 3238 3879 offusit

616 3901 958 3959 omminauit
991 3902 1072 3973 R,
1109 3906 1174 3957 ut
1210 3903 1296 3958 est
1329 3901 1541 3957 offulsit
1579 3905 1884 3960 ommutuit
1919 3905 2266 3974 Papirianae
2408 3906 2542 3960 item
2583 3906 2632 3961 si
2667 3924 2706 3976 p
2743 3907 3008 3975 sequatur
3043 3904 3098 3958 R

622 3988 655 4036 8
691 3983 924 4049 fortasse
958 4001 996 4052 p
1034 3983 1275 4038 scribere
1311 3983 1630 4038 maluerunt
1810 3991 1843 4038 9
1893 3984 2218 4039 semiuocali
2265 3985 2499 4040 confusa
2535 3984 2590 4039 R
2772 3991 2836 4040 12
2883 3985 3136 4039 mutatur
3170 3989 3236 4041 ut

620 4080 788 4134 supra
824 4063 940 4118 dixi
976 4063 1036 4118 in
1072 4080 1197 4119 eam
1233 4063 1481 4119 litteram
1509 4080 1545 4118 a
1571 4082 1686 4134 qua
1713 4081 1951 4134 sequens
1987 4063 2210 4134 incipit.
2268 4064 2477 4120 Verum
2505 4065 2586 4135 R,
2624 4067 2808 4120 mutat
2836 4065 2892 4119 in
2921 4080 3044 4118 eam
3081 4064 3236 4119 litte-

618 4162 738 4199 ram
778 4162 813 4200 a
848 4162 964 4216 qua
997 4161 1233 4214 sequens
1270 4143 1499 4199 inchoat
1534 4145 1763 4200 verbum
1804 4146 2153 4216 Papirianae
2301 4151 2366 4199 14
2400 4145 2634 4211 fortasse
2670 4162 2848 4215 aeque
2885 4143 3235 4198 animadver-

617 4223 788 4280 timus
934 4230 999 4280 15
1027 4224 1087 4279 in
1115 4223 1509 4279 semiuocalem
1542 4225 1782 4281 transire
1812 4221 1884 4294 R,
1919 4225 1979 4280 iu
2017 4243 2043 4279 s
2080 4224 2475 4281 semiuocalem
2510 4227 2750 4282 transire
2785 4229 3053 4279 corrector
3088 4224 3234 4277 codi-

618 4306 697 4359 cis
743 4304 1005 4360 Vaticani
1038 4309 1089 4359 et
1125 4303 1485 4359 Scheiderus
1520 4321 1745 4375 yramm.
1785 4306 1882 4359 lat.
1919 4321 1967 4359 v.
2009 4304 2053 4357 Ι
2076 4319 2138 4372 p.
2178 4309 2290 4359 637
2421 4311 2488 4360 16
2527 4306 2713 4360 variat
2747 4302 3232 4375 significationem,

617 4384 900 4454 geminam
937 4382 1376 4439 enuntiationem
1413 4383 1637 4439 litterae
1675 4387 2002 4453 sequentem
2035 4399 2230 4438 vocem
2269 4382 2606 4453 inchoantis,
2645 4386 2711 4439 ut
2745 4386 2832 4439 est
2868 4383 3147 4452 suscipere
3178 4383 3234 4437 R

760 4470 827 4519 16
873 4463 1166 4535 geminans
1203 4461 1645 4518 enuntiationem
1683 4467 1949 4517 corrector
1996 4463 2197 4518 codicis
2246 4463 2523 4530 Vaticani,
2571 4463 2798 4533 gemina
2847 4462 3233 4518 enuntiatione

614 4548 698 4601 vel
722 4562 822 4615 per
851 4545 1130 4616 geminam
1162 4540 1604 4598 enuntiationem
1631 4542 1859 4598 litterae
1887 4547 2212 4613 sequentem
2230 4560 2426 4600 vocem
2448 4543 2829 4598 antecedentis
2852 4541 3232 4596 Schneider-us.

617 4624 998 4695 geminatione
1035 4628 1335 4682 coniecerat
1371 4624 1640 4679 Semlerus
1785 4630 1850 4679 17
1889 4626 1956 4679 ut
1991 4626 2077 4679 est
2112 4623 2396 4692 succipere
2435 4627 2701 4677 corrector
2739 4623 2939 4677 codicis
2970 4621 3236 4677 Vaticani

619 4712 687 4761 20
724 4706 1003 4775 pertineat
1037 4706 1094 4760 R
1237 4711 1303 4760 21
1345 4707 1409 4760 ut
1443 4704 1715 4760 deducere
1753 4703 2135 4758 demonstrare
2173 4701 2470 4757 detrudere
2507 4702 2855 4771 Papio-ianus
3013 4708 3080 4756 22
3118 4701 3177 4756 in
3213 4702 3235 4755 1

617 4784 866 4840 litterum
892 4786 949 4840 R
986 4791 1035 4841 et
1071 4787 1238 4842 codex
1268 4784 1484 4852 Vrsini,
1521 4783 1580 4838 in
1616 4784 1638 4839 i
1672 4782 1923 4838 litteram
1952 4782 2007 4840 R
2042 4784 2106 4836 in
2142 4783 2476 4850 com-iyendis
2620 4787 2687 4836 23
2725 4780 2987 4853 dim0vit]
3028 4782 3231 4839 Horat.

616 4880 781 4921 carm.
821 4865 949 4945 II'I
982 4870 1036 4934 5,
1072 4871 1139 4920 51
1284 4863 1625 4936 propinquas
1662 4863 1718 4917 R
