3613 5528
603 434 736 500 226
1137 434 1378 489 BEDAE
1426 432 1522 489 DE
1560 435 1755 491 ARTE
1794 436 2015 493 METR.
2056 436 2151 491 ΕΤ
2187 436 2285 492 DE
2323 436 2691 494 ORTHOGR.

602 621 1048 700 grammaticum
1095 618 1168 679 de
1209 618 1628 698 cacosyntheto
1667 620 1980 701 appellavit
2023 641 2081 702 p.
2110 618 2300 683 2347.
2366 640 2574 683 verum
2610 641 2686 683 ne
2733 623 2795 682 in
2842 619 2935 681 his
2973 619 3213 700 quidem

601 726 922 806 quidquam
981 726 1283 804 reperitur
1342 727 1498 806 quod
1557 728 1802 807 dignum
1860 747 1994 790 esse
2050 731 2331 790 memoria
2378 728 2663 790 videatur.
2746 736 2925 807 atque
2971 728 3215 787 omnino

602 834 793 893 omitti
842 832 939 892 hic
977 830 1171 893 Albini
1199 831 1372 894 liber
1419 834 1478 893 in
1520 848 1664 896 nova
1704 835 1965 896 editione
2003 837 2522 915 grammaticorum
2568 844 2830 918 poterat,
2875 837 3033 896 sicut
3079 832 3213 894 reli-

603 958 717 1018 qua
764 957 915 1020 quae
962 937 1036 999 ab
1081 938 1182 999 illo
1230 946 1292 1000 et
1337 939 1682 1019 aequalibus
1720 943 1851 1003 eius
1897 941 1969 1002 de
2018 951 2144 1003 arte
2191 944 2570 1022 grammatica
2614 944 2837 1022 scripta
2884 948 3052 1022 sunt,
3102 940 3217 1000 nisi

600 1045 868 1107 Putschii
923 1048 1196 1107 instituto
1256 1047 1474 1107 sactum
1530 1055 1690 1108 esset
1745 1056 1813 1108 ut
1869 1066 1986 1110 una
2042 1066 2179 1109 cum
2234 1050 2615 1129 antiquorum
2679 1047 3217 1129 orthographorum

599 1152 768 1215 libris
827 1153 1001 1233 vulgo
1061 1162 1471 1232 usurparetur.
1547 1172 1759 1235 quare,
1820 1172 1893 1216 ne
1943 1154 2083 1233 quid
2132 1155 2575 1218 desideraretur
2619 1155 2778 1235 quod
2826 1154 2964 1215 olim
3011 1172 3216 1234 recep-

600 1269 727 1322 tum
773 1270 962 1342 esset,
1018 1278 1176 1321 nunc
1231 1243 1470 1340 quoque
1527 1260 1724 1322 denuo
1771 1261 2068 1323 edendum
2114 1280 2245 1323 esse
2305 1261 2522 1323 librum
2577 1265 2804 1343 putavi,
2863 1262 3216 1342 praesertim

600 1385 737 1427 cum
799 1366 985 1428 multa
1044 1385 1193 1447 quae
1257 1365 1448 1428 adhuc
1510 1374 1789 1448 corrupta
1853 1370 1914 1429 in
1973 1367 2067 1428 his
2127 1371 2425 1449 excerptis
2489 1367 2835 1431 serebantur
2900 1387 2972 1430 ex
3038 1386 3214 1429 manu

607 1475 847 1554 scriptis
894 1473 1199 1534 codicibus
1246 1473 1602 1553 corrigenda
1648 1484 1866 1536 essent.
1941 1474 2094 1536 duos
2139 1484 2336 1537 autem
2384 1475 2621 1537 codices
2658 1476 2735 1537 ad
2777 1494 2905 1536 eam
2944 1494 3071 1536 rem
3119 1474 3216 1535 ad—

600 1579 785 1656 hibui,
825 1580 1281 1662 Sangallensem,
1323 1599 1502 1661 quem
1542 1600 1679 1643 cum
1711 1580 1982 1664 Putscbii
2018 1581 2277 1643 editione
2316 1584 2443 1664 ipse
2481 1581 2878 1663 contuleram,
2906 1590 2967 1645 et
2993 1580 3216 1664 Monte·

602 1687 1013 1778 pessulanum,
1070 1690 1241 1749 cuius
1290 1690 1649 1768 scripturam
1706 1707 1739 1749 a
1786 1687 2103 1751 Duebnero
2150 1689 2482 1751 adnotatam
2540 1688 2844 1751 habebam.
2919 1708 2953 1749 e
3000 1687 3218 1768 quibus

607 1794 1001 1875 Sangallensis
1040 1813 1176 1855 cum
1216 1794 1485 1856 Putschii
1523 1796 1781 1857 editione
1820 1796 2173 1876 plerumque
2211 1799 2534 1877 consentit,
2579 1795 2779 1857 multis
2819 1804 3013 1856 tamen
3055 1795 3217 1877 locis,

604 1903 664 1962 in
714 1900 932 1981 quibus
978 1900 1300 1963 Beruensis
1347 1903 1531 1964 codex
1581 1902 1672 1963 vel
1727 1912 2050 1983 corruptus
2096 1903 2187 1965 vel
2244 1903 2654 1983 neglegentius
2711 1921 2742 1963 a
2787 1901 3070 1964 Putschio
3120 1920 3215 1961 ex-

604 2026 847 2087 pressus
904 2017 1061 2088 erat,
1126 2010 1494 2071 emendatam
1570 2009 1885 2072 lectionem
1939 2007 2232 2090 praebuit.
2316 2011 2377 2070 in
2432 2007 2951 2089 montepessulano
3017 2005 3221 2067 codice

477 2152 488 2164 ·
603 2133 721 2176 non
770 2115 961 2176 solum
1009 2124 1287 2196 excerpta
1333 2117 1446 2178 alio
1493 2116 1702 2178 ordine
1750 2116 2033 2195 disposita
2081 2116 2185 2178 sed
2234 2117 2409 2177 etiam
2456 2114 2636 2176 verba
2683 2115 2995 2195 scriptoris
3042 2131 3220 2194 saepe

602 2231 828 2294 temere
867 2231 1087 2284 mutata
1127 2232 1282 2285 sunt.
1349 2242 1486 2286 cum
1522 2222 1637 2285 hoc
1676 2221 2085 2284 consentiebat
2123 2220 2621 2305 Salisburgensis,
2667 2240 2843 2302 quem
2881 2220 3217 2282 Frobenius

604 2331 913 2410 expressit.
988 2348 1098 2409 ego
1147 2330 1586 2410 Sangallensem
1633 2329 1901 2391 codicem
1947 2331 2197 2391 maxime
2241 2338 2485 2391 secutus
2531 2346 2696 2411 sum,
2738 2329 2911 2390 cuius
2958 2327 3213 2407 scriptu·

603 2453 730 2496 ram
776 2438 855 2497 ita
903 2438 1374 2519 repraesentavi,
1427 2445 1521 2519 ut,
1577 2435 1680 2498 ubi
1706 2406 1799 2497 *ab
1847 2456 1914 2498 ea
1961 2434 2360 2498 recedendum
2409 2444 2595 2516 esset,
2649 2434 3105 2514 discrepantiam
3153 2435 3213 2493 in

604 2541 982 2603 adnotatione
1021 2541 1380 2604 exhiberem.
1456 2561 1526 2604 ex
1566 2517 2084 2623 Montepessulaffo
2132 2542 2364 2625 codice,
2410 2559 2667 2622 quocum
2704 2539 2983 2602 Frobenii
3035 2539 3217 2600 editio

607 2650 763 2709 siout
799 2648 939 2731 dixi,
977 2651 1293 2731 consentit,
1331 2668 1397 2710 ea
1436 2668 1587 2729 quae
1626 2652 1853 2711 rectius
1889 2652 1950 2711 in
1989 2668 2062 2710 eo
2100 2667 2274 2729 quam
2312 2650 2372 2710 in
2405 2647 2770 2728 Sangallensi
2807 2646 2958 2709 libro
2996 2648 3218 2726 scripta

604 2763 745 2817 sunt
791 2755 881 2817 vel
928 2755 1331 2819 memorabilia
1376 2777 1508 2848 esse
1555 2756 1909 2820 videbantur
1955 2756 2253 2819 adnotavi:
2314 2774 2447 2818 nam
2495 2774 2731 2817 omnem
2783 2754 3054 2817 lectionis
3100 2753 3214 2814 dis·

604 2866 965 2943 crepantiam
1011 2873 1072 2944 et
1118 2873 1406 2926 mutatum
1457 2874 1874 2946 excerptorum
1923 2864 2193 2925 ordinem
2240 2863 2503 2925 indicare
2550 2861 2760 2924 inutile
2806 2863 2936 2923 suit.
3011 2861 3217 2924 eadem

604 2972 833 3032 ratione
888 2973 949 3032 in
1005 2971 1269 3033 Putschii
1338 2973 1597 3035 editione
1652 2991 1799 3034 usus
1856 2990 2019 3053 sum,
2075 2990 2147 3032 ex
2202 2989 2317 3052 qua
2375 2988 2441 3031 ea
2500 2987 2649 3048 quae
2707 2969 2797 3031 vel
2839 2946 3217 3030 'auctoritate

604 3060 953 3139 codicis'vel
1001 3079 1410 3140 emendatione
1449 3078 1698 3140 editoris
1734 3080 1962 3140 rectius
1999 3081 2060 3139 in
2099 3096 2168 3139 ea
2213 3096 2390 3158 quam
2436 3078 2498 3137 in
2547 3094 2722 3139 manu
2763 3078 3002 3156 scriptis
3046 3073 3218 3136 libris

602 3180 1021 3262 leguntur‘vel
1066 3195 1314 3267 propter
1361 3185 1531 3247 aliam
1578 3203 1817 3246 causam
1865 3183 2017 3245 hanc
2064 3203 2267 3246 curam
2314 3181 2701 3264 requirebant
2757 3182 3011 3243 indicata
3058 3189 3217 3243 sunt.
