3613 5528
640 465 773 528 474
1625 462 1976 519 ARVSIANI
2013 463 2255 518 MESSII

640 577 685 614 p.
713 566 808 605 230.
838 564 914 605 2³1
944 565 995 606 L.

819 648 1011 710 Fruor
1056 649 1152 710 illa
1201 668 1292 723 re,
1337 649 1471 709 Ter.
1519 649 1680 710 Adel.
1729 650 1825 723 (V
1862 650 2042 726 8,27)
2089 648 2253 710 huie
2319 649 2562 709 demus
2618 649 2739 727 qui
2794 647 3079 709 fruatur
3133 666 3245 727 pro

644 750 785 834 ‘quo
853 751 1109 818 fruatur'
1157 805 1170 818 .
1219 757 1386 817 fruor
1449 755 1604 816 illam
1671 775 1826 838 rem,
1890 757 2047 818 idem
2110 756 2287 817 Phor.
2335 757 2407 829 (Ι
2442 756 2614 831 3,13)
2671 764 2747 816 ut
2803 754 2971 817 mihi
3026 755 3246 817 liceat

642 863 825 941 quod
892 883 1041 925 amo
1109 873 1243 925 tam
1308 863 1427 925 diu
1493 863 1641 924 frui
1697 911 1710 923 .
1767 863 1990 925 fructui
2045 863 2192 924 mihi
2257 871 2348 924 est
2411 861 2583 942 illud,
2632 858 2641 942 Ι
2690 861 2809 924 Cic.
2865 861 2938 922 de
2995 865 3245 944 imperio

639 970 883 1050 Pompei
933 971 1140 1046 (6,16)
1188 973 1557 1051 putatisne
1625 988 1746 1031 vos
1800 969 1913 1031 his
1969 968 2188 1032 rebus
2244 970 2387 1031 frui
2444 988 2685 1051 posse,
2742 972 2883 1030 nisi
2948 988 3069 1029 eos
3125 972 3244 1049 qui

643 1077 846 1139 vobis
894 1080 1175 1140 fructui
1222 1087 1390 1140 sunt
1436 1074 2096 1139 conservaveritis?
3308 1089 3337 1128 5

817 1185 1082 1248 Functus
1119 1185 1216 1246 illa
1255 1204 1348 1265 re,
1385 1185 1520 1246 Ter.
1550 1184 1711 1246 Adel.
1743 1186 2066 1262 (JV3,12)
2106 1194 2174 1247 et
2208 1195 2330 1247 tuo
2368 1186 2621 1245 officio
2660 1184 2894 1246 fueris
2934 1185 3245 1246 sunctuS.

640 1293 881 1354 functus
928 1293 1084 1354 illam
1133 1312 1285 1376 rem,
1331 1292 1488 1353 idem
1534 1293 1739 1353 eadem
1786 1293 1931 1365 (ΙΙΙ
1968 1293 2139 1366 4,18)

1075 1419 1303 1481 neque
1351 1399 1680 1461 liberalis
1727 1402 2023 1462 functus
2070 1410 2181 1462 est
2226 1401 2554 1462 officium
2603 1402 2740 1462 viri
2788 1447 2802 1460 .

820 1507 1028 1569 Frater
1101 1508 1284 1589 illius,
1357 1507 1528 1588 Verg.
1593 1509 1735 1569 Aen.
1800 1508 1849 1565 V
1922 1509 2110 1582 (495)
2187 1517 2354 1570 tuus
2431 1526 2466 1568 o
2541 1508 2944 1569 clarissime
3019 1507 3247 1568 frater

640 1616 961 1677 Pandare
1011 1664 1024 1676 .
1071 1616 1256 1677 frater
1302 1616 1413 1697 illi,
1460 1615 1574 1676 Sal.
1621 1616 1757 1677 hist.
1804 1614 1853 1674 V
1900 1618 2019 1697 qui
2066 1619 2274 1677 uxori
2321 1619 2476 1678 eius
2516 1617 2742 1677 frater
2790 1625 2943 1675 erat
2989 1664 3001 1675 .
3278 1628 3337 1667 ιο

822 1723 980 1785 Fluit
1043 1722 1139 1783 illa
1204 1743 1328 1798 νος,
1403 1721 1574 1803 Verg.
1640 1725 1782 1784 Aen.
1847 1721 1978 1783 Vlll
2034 1724 2225 1798 (445)
2291 1723 2451 1785 fluit
2514 1741 2632 1784 aes
2696 1725 2874 1784 rivis
2940 1724 3245 1803 aurique

639 1831 1005 1893 metallum
1054 1879 1066 1891 .
1113 1831 1246 1893 fluit
1309 1831 1406 1892 illa
1468 1850 1563 1914 re,
1627 1833 1784 1893 idem
1848 1850 2009 1912 geor.
2056 1831 2108 1892 ΙΙ
2164 1831 2353 1905 (166)
2420 1840 2632 1911 atque
2699 1848 2874 1892 auro
2938 1829 3243 1910 plurima

641 1939 856 2000 fluxit
904 1987 915 1998 .

817 2045 945 2108 Flet
1010 2045 1150 2107 illud
1219 2055 1479 2128 tempuS‚
1543 2045 1712 2126 Verg.
1768 2065 1930 2126 geor.
1977 2045 2082 2107 1111
2141 2047 2324 2120 (514)
2390 2054 2459 2106 at
2520 2043 2641 2105 illa
2708 2044 2841 2105 flet
2900 2052 3179 2104 noctem
3229 2091 3243 2102 .

641 2153 843 2214 volunt
889 2152 1068 2234 aliqui
1118 2149 1243 2214 ‘flet
1279 2149 1538 2215 noctem’
1586 2156 1757 2234 quasi
1804 2149 2017 2233 ‘usque
2057 2154 2127 2215 ad
2166 2148 2426 2215 noctem'
2472 2151 2747 2233 intelligi,
2794 2170 2929 2213 cum
2976 2150 3245 2211 videatur
3280 2164 3336 2204 1⁵

639 2261 851 2321 melius
889 2260 1046 2340 quod
1087 2270 1319 2323 noctem
1350 2280 1588 2342 quoque
1620 2269 1799 2322 totam
1830 2261 2025 2322 flendo
2055 2271 2391 2343 consumat,
2438 2271 2505 2322 ut
2532 2261 2688 2321 idem
2719 2263 2778 2320 in
2808 2260 3015 2320 eodem
3045 2259 3244 2331 (507)

959 2377 1229 2449 septem
1276 2368 1477 2430 illum
1525 2377 1720 2429 totos
1764 2367 2157 2449 perhibent
2201 2389 2281 2430 ex
2328 2369 2580 2429 ordine
2628 2386 2908 2428 menses

959 2495 1136 2556 rupe
1186 2475 1315 2537 sub
1363 2479 1559 2537 aeria
1606 2477 1887 2538 deserti
1933 2476 2013 2537 ad
2063 2476 2468 2557 Strymonis
2515 2474 2765 2537 undam

959 2583 1272 2644 flevisse.

817 2692 1104 2753 Fui-orem
1153 2692 1322 2768 furit,
1369 2691 1540 2772 Verg.
1579 2692 1722 2752 Aen.
1769 2691 1875 2752 XII
1923 2692 2118 2767 (680)
2165 2692 2378 2774 hunc,
2432 2710 2583 2773 oro,
2638 2691 2792 2750 sine
2848 2707 2950 2749 me
2999 2689 3243 2749 furere
3274 2702 3335 2741 2⁰

639 2808 799 2860 ante
849 2801 1162 2861 furorem
1203 2814 1266 2861 .·

817 2905 1109 2968 Futurum
1155 2907 1238 2968 illi
1287 2909 1531 2969 exitium
1579 2918 1696 2990 est,
1740 2907 1913 2988 Verg.
1961 2910 2102 2969 Aen.
2150 2907 2198 2968 ll
2247 2908 2436 2982 (190)

881 3023 1023 3075 tum
1074 3034 1399 3095 magnum
1448 3018 1771 3098 exitium,
1819 3015 2002 3095 quod
2053 3015 2120 3077 di
2167 3018 2377 3096 prius
2423 3034 2621 3076 omen
2671 3017 2739 3076 in
2788 3017 3018 3095 ipsum

879 3131 1331 3204 convertant,
1377 3122 1640 3184 Priami
1685 3125 1989 3203 imperio
2038 3122 2588 3203 Phrygibusque
2636 3123 2956 3183 futurum
3005 3170 3018 3183 .

640 3231 878 3290 futurus
926 3231 1105 3290 exitio
1154 3230 1248 3290 ille
1296 3230 1407 3311 illi,
1454 3230 1609 3290 idem
1648 3227 1979 3321 Aen.VllI1
2007 3228 2188 3302 (315)
2228 3228 2475 3290 multis
2521 3236 2752 3288 tamen
2801 3236 2964 3287 ante
3010 3228 3245 3290 futuri
3274 3238 3330 3277 ²5

641 3338 887 3396 exitio:
954 3336 1226 3396 similiter
1273 3336 1391 3397 Cic.
1437 3355 1546 3416 pro
1595 3335 1829 3414 Ligario
1877 3335 2080 3410 (5,16)
2142 3334 2359 3395 saluti
2416 3337 2557 3396 civi
2614 3334 3034 3395 calamitoso
3082 3353 3245 3396 esse

640 3442 1002 3504 vellemus,
2749 3476 2755 3483 -

816 3549 1030 3612 Fretus
1074 3550 1184 3612 hac
1232 3570 1326 3632 re,
1371 3550 1541 3629 Verg.
1580 3552 1720 3612 Aen.
1761 3550 1919 3611 VIIII
1956 3547 2160 3631 (676)
2207 3551 2379 3612 freti
2427 3554 2669 3630 armis»,
2716 3548 2829 3611 Sal.
2868 3548 2991 3628 lug.
3031 3548 3247 3627 (20,5)

638 3666 708 3717 et
754 3658 1068 3718 amicitia
1113 3656 1176 3716 P.
1225 3657 1292 3719 R.
1343 3660 1559 3736 magis
1606 3676 1815 3738 quam
1861 3657 2189 3718 Numidis
2237 3658 2472 3718 fretus
2519 3705 2531 3718 .

819 3763 1032 3842 [Filius
1080 3764 1330 3826 familiae
1376 3764 1465 3824 vel
1513 3772 1701 3824 mater
1746 3763 2044 3842 familiae]
3271 3772 3329 3812 ³⁰

814 3871 1056 3933 Festino
1111 3871 1281 3953 illud,
1335 3870 1505 3949 Verg.
1555 3873 1693 3931 Aen.
1741 3869 1848 3931 llll
1897 3872 2088 3944 (575)
2145 3871 2497 3931 festinare
2553 3873 2817 3953 fugam,
2873 3870 2985 3931 Sal.
3034 3870 3169 3933 hist.
3215 3869 3241 3930 1

640 3980 1168 4060 prosectionem
1216 3978 1673 4039 festinantes.

815 4276 997 4332 Codex
1038 4277 1336 4331 Parrhasii
1423 4283 1458 4330 4
1493 4276 1605 4331 frui
1639 4274 2041 4346 possessiones:
2098 4274 2147 4329 si
2194 4292 2294 4330 eas
2335 4278 2432 4346 qui
2481 4276 2638 4333 vobis
2816 4285 2851 4332 9
2897 4279 3052 4348 Virg.
3101 4278 3239 4334 Aen.

637 4376 736 4413 vos
774 4375 808 4414 o
846 4356 1148 4412 clarissime
1295 4364 1361 4412 16
1396 4357 1456 4411 in
1493 4356 1691 4410 eodem
1729 4353 1795 4425 V,
1833 4357 1926 4410 sed
1961 4357 2129 4411 deleto
2166 4355 2215 4411 V
2362 4363 2426 4412 17
2464 4357 2622 4413 illam
2768 4364 2832 4412 31
2877 4357 3005 4429 ΙΠΙ]
3046 4357 3122 4413 ΙΙΙ

814 4632 846 4680 2
884 4627 950 4681 ut
984 4625 1123 4681 mihi
1160 4624 1332 4679 liceat
1367 4627 1482 4679 tam
1523 4625 1618 4679 diu
1657 4625 1804 4694 quod
1845 4642 1973 4680 amo
2009 4625 2117 4681 frui
2162 4625 2448 4681 Terentius
2590 4630 2624 4678 4
2662 4626 2946 4694 putatisne
2990 4641 3088 4679 vos
3124 4623 3241 4678 illis

636 4705 800 4758 rebus
837 4704 948 4759 frui
983 4723 1175 4776 posse,
1214 4706 1323 4761 uisi
1363 4723 1455 4760 eos
1485 4706 1582 4776 qui
1611 4705 1769 4760 vobis
1794 4698 2000 4759 fructui
2032 4709 2163 4760 sunt
2191 4704 2583 4761 conservaritis
2613 4703 2799 4759 Cicero
2909 4705 3001 4773 qui
3032 4704 3239 4758 fructui

638 4786 797 4839 vobis
828 4787 958 4839 sunt
985 4787 1060 4839 M
1204 4793 1271 4841 10
1310 4785 1534 4840 Sallust.
1565 4787 1692 4841 hist.
1724 4785 1802 4839 IV
1841 4786 1989 4855 quod
2030 4786 2187 4840 uxori
2216 4786 2267 4840 G
2298 4827 2310 4838 .
2341 4789 2401 4840 et
2434 4783 2594 4839 uxori
2631 4801 2698 4838 ea:
2725 4786 2906 4840 codice
2934 4782 3241 4838 Frontonis

637 4867 766 4917 olim
802 4865 866 4918 in
902 4864 1163 4921 Sallustii
1196 4867 1521 4937 fragmentis
1556 4868 1761 4922 editum
1797 4872 1874 4921 est
2021 4873 2084 4920 17
2124 4868 2341 4936 septem
2379 4865 2538 4920 illum
2579 4896 2639 4904 —
2682 4864 2845 4919 flesse
2894 4863 3169 4933 Veryilius

646 4953 714 5001 26
753 4946 863 5000 Cic.
903 4964 1003 5015 pro
1041 4947 1294 5019 Ligario]
1334 4949 1404 5016 cf.
1436 4965 1495 5016 p.
1534 4952 1738 5015 493,21
