3613 5528
1526 430 1915 489 EXCERPTA
2888 429 3018 494 339

409 548 455 586 p.
487 533 550 572 19.
578 532 630 571 so
657 530 721 571 Η.

413 615 568 695 quod
606 634 796 695 genus
833 617 1283 678 versificationis
1320 635 1510 696 usque
1549 617 1695 678 adeo
1733 617 1957 679 durum
1992 626 2110 698 est,
2156 624 2225 678 ut
2261 636 2378 678 non
2416 619 2731 678 invenuste
2769 615 3019 677 Albinus

412 724 471 782 in
516 721 669 783 libro
717 742 895 803 quem
943 724 1016 785 de
1062 724 1271 785 metris
1318 724 1560 802 scripsit
1595 726 1679 784 ita
1715 725 2013 805 posuerit,
2049 720 2097 802 †
2133 724 2291 803 quod
2331 731 2487 785 vetat
2524 723 2789 804 spondeo
2830 732 3018 785 totum

411 829 765 891 concludere
823 848 1092 912 versum,
1151 847 1327 909 posse
1381 829 1676 909 patefieri,
1741 832 1907 908 iungi
1962 828 2065 890 sed
2122 829 2415 911 dactylum
2474 838 2625 910 apte.
2717 830 2784 892 ln
2842 848 3020 891 versu

410 936 694 997 tredecim
751 936 1106 1017 syllabarum
1164 943 1311 1016 quot
1366 938 1597 1016 species
1656 933 1841 998 sunt?
1926 935 2201 1016 Quinque
2260 957 2275 997 :
2332 939 2553 1016 quippe
2617 938 2678 997 in
2735 954 2806 996 eo
2864 953 3019 997 unus

353 1055 380 1096 ⁵
409 1043 673 1123 dactylus
710 1045 905 1105 ‘inter
977 1043 1273 1124 spondeos
1346 1042 1638 1105 admissus
1711 1044 1978 1124 quinque
2052 1042 2198 1103 locis
2270 1044 2606 1105 invertitur.
2698 1041 2766 1103 ln
2840 1060 3016 1103 versu

407 1151 887 1229 quattuordecim
935 1150 1297 1231 syllabarum
1343 1159 1492 1231 quot
1537 1159 1680 1212 sunt
1725 1147 2002 1231 species?
2084 1150 2319 1212 Decem.
2403 1151 2566 1223 Quae
2633 1146 2821 1211 sunt?
2901 1149 3019 1209 Aut

406 1260 566 1318 enim
610 1260 804 1338 primo
852 1267 913 1319 et
968 1258 1230 1320 secundo
1283 1258 1415 1320 loco
1469 1258 1736 1340 dactylus
1791 1260 2062 1339 ponitur,
2125 1266 2229 1318 aut
2282 1259 2475 1338 primo
2532 1266 2594 1319 et
2647 1258 2852 1338 tertio,
2916 1262 3019 1316 aut

405 1365 598 1443 primo
664 1373 725 1426 et
788 1373 1026 1447 quarto,
1109 1374 1211 1427 aut
1282 1369 1475 1447 primo
1549 1375 1611 1427 et
1684 1367 1921 1447 quinto,
1993 1376 2096 1427 aut
2168 1363 2431 1426 secundo
2506 1373 2567 1426 et
2639 1365 2843 1445 tertio,
2917 1371 3019 1424 aut

406 1471 669 1532 secundo
707 1479 768 1533 et
806 1480 1044 1554 quarto,
1085 1480 1188 1534 aut
1225 1472 1487 1535 secundo
1535 1480 1597 1535 et
1642 1475 1881 1554 quinto,
1926 1479 2028 1534 aut
2074 1474 2251 1534 tertio
2300 1482 2360 1535 et
2406 1481 2646 1554 quarto,
2692 1479 2794 1532 aut
2840 1472 3016 1532 tertio

326 1590 378 1629 ιο
407 1584 467 1638 et
522 1580 757 1660 quinto,
821 1587 925 1640 aut
976 1588 1190 1659 quarto
1247 1588 1308 1642 et
1364 1584 1587 1662 quinto.
1681 1580 1837 1653 Quid
1893 1582 1955 1640 in
2015 1598 2189 1641 versu
2250 1579 2589 1660 quindecim
2644 1577 3017 1659 syllabarum,

366 1686 636 1763 ‘species
691 1687 751 1746 in
811 1704 883 1747 eo
940 1695 1087 1766 quot
1146 1684 1330 1749 sunt?
1411 1687 1697 1749 Similiter
1753 1685 1961 1748 decem
2008 1707 2024 1748 ε
2081 1705 2216 1747 nam
2273 1689 2431 1748 sicut
2494 1689 2555 1748 in
2614 1685 2713 1747 illo
2770 1689 2878 1762 qui
2929 1693 3018 1746 est

406 1792 884 1870 quattuordecim
954 1793 1309 1874 syllabarum
1376 1794 1642 1875 dactylus
1706 1794 1906 1855 decies
1972 1797 2258 1874 variatur,
2331 1797 2411 1855 ita
2483 1796 2545 1855 in
2619 1793 2732 1854 hoc
2796 1793 3016 1854 totiens

404 1897 706 1978 spondeus
770 1901 1104 1963 invertitur.
1206 1901 1271 1962 In
1337 1920 1514 1963 versu
1580 1902 1843 1963 sedecim
1907 1899 2262 1981 syllabarum
2328 1902 2560 1981 species
2623 1908 2769 1979 quot
2833 1895 3016 1960 sunt?

404 2003 677 2065 Totidem
716 2014 863 2085 quot
899 2008 960 2067 in
1002 2007 1318 2089 tredecim,
1362 2007 1422 2069 id
1460 2016 1554 2069 est
1591 2010 1885 2089 quinque:
1933 2026 2068 2069 nam
2106 2018 2173 2070 ut
2210 2012 2272 2070 in
2309 2007 2409 2069 illo
2447 2005 2711 2087 dactylus
2751 2009 3013 2086 quinque

323 2123 375 2165 ιε
402 2110 547 2172 locis
592 2114 937 2195 invertitur,
996 2116 1074 2174 ita
1133 2116 1193 2176 in
1252 2114 1366 2175 hoc
1424 2114 1725 2194 spondeus
1780 2114 1969 2175 isdem
2025 2114 2172 2175 locis
2230 2116 2450 2176 totiens
2507 2115 2783 2174 variatur.
2858 2111 3014 2183 Quid

400 2218 463 2278 in
500 2237 678 2280 versu
718 2218 1070 2299 syllabarum
1108 2221 1316 2282 decem
1355 2230 1416 2283 et
1453 2216 1730 2300 septem?
1803 2219 2085 2282 Similiter
2123 2223 2182 2282 in
2223 2240 2294 2282 eo
2332 2229 2400 2283 ut
2434 2223 2497 2282 in
2526 2217 3014 2299 duodecasyllabo

401 2327 632 2404 species
678 2344 797 2387 una
844 2335 962 2389 est:
1010 2329 1229 2408 quippe
1278 2328 1374 2388 hic
1419 2325 1687 2407 dactylus
1733 2330 1998 2407 quinque
2046 2337 2279 2389 constat
2323 2327 2471 2389 locis
2519 2333 2765 2406 excepto
2804 2325 3013 2386 ultimo

401 2431 571 2513 pede,
620 2450 798 2511 quem
846 2451 1092 2495 necesse
1142 2443 1234 2496 est
1280 2432 1628 2513 disyllabum
1677 2451 1837 2514 esse,
1897 2452 1971 2495 ne
2019 2434 2372 2515 syllabarum
2421 2434 2671 2515 amplior
2726 2451 3013 2494 numerus

401 2548 648 2601 crescat.
725 2538 879 2611 Quid
925 2536 1111 2620 ergo?
1156 2558 1556 2620 numquamne
1595 2539 1862 2621 dactylus
1901 2542 1961 2601 in
2001 2543 2117 2602 fine
2154 2540 2441 2623 ponitur?
2512 2542 2718 2603 Potest
2754 2540 3014 2621 quidem,

321 2657 375 2698 2⁰
402 2654 469 2706 ut
513 2645 640 2708 vult
685 2645 992 2729 Virgilius3
1050 2664 1159 2708 nos
1206 2655 1405 2709 tamen
1452 2645 1899 2708 observabimus
1946 2666 2066 2710 non
2120 2651 2181 2710 in
2230 2668 2302 2710 eo
2357 2667 2561 2731 versu,
2620 2650 2726 2729 qui
2781 2655 3014 2709 ceteros

398 2772 608 2815 omnes
654 2751 916 2833 dactylos
962 2752 1202 2836 haheat,
1247 2753 1431 2817 veluti
1475 2757 1537 2816 in
1584 2754 1878 2833 georgicis

717 2860 840 2912 aut
886 2870 1172 2931 spumas
1217 2856 1526 2916 miscent
1572 2856 1858 2931 argenti
1905 2858 2201 2935 vivaque
2250 2855 2638 2938 sulphura,

399 2969 577 3030 quem
623 2950 860 3030 quidam
908 2951 1274 3014 invertentes
1321 2954 1406 3013 sic
1452 2953 1683 3037 legunt,
1731 2951 1817 3017 ‘et
1862 2953 2148 3034 sulphura
2194 2948 2346 3015 viva’
2396 3001 2410 3015 .
2457 2955 2599 3015 item

718 3047 830 3108 bis
874 3052 1154 3127 patriae
1201 3051 1538 3114 cecidere
1588 3073 1864 3135 manuS,
1912 3055 2086 3132 quin
2133 3054 2470 3132 protinus
2516 3053 2778 3128 omnia,
2819 3045 2829 3132 Ι

320 3174 372 3214 25
401 3166 577 3227 quem
626 3145 862 3226 quidam
909 3166 1018 3227 per
1063 3149 1349 3229 synalifan
1398 3151 1747 3236 excludunt,
1812 3161 1882 3214 ut
1947 3153 2050 3213 fiat
2111 3153 2174 3212 in
2237 3150 2573 3212 scandendo
2634 3168 2833 3231 omna,
2900 3168 3010 3211 nec

399 3254 750 3334 intellegunt
795 3254 1079 3334 synalil'an
1130 3265 1270 3319 tunc
1316 3277 1477 3341 esse,
1523 3279 1658 3321 cum
1706 3260 1939 3322 vocales
1988 3262 2144 3321 inter
2190 3277 2252 3319 se
2302 3257 2630 3337 confligunt
2674 3275 2780 3317 seu
2828 3256 3008 3337 solae,

401 3373 469 3424 ut
525 3357 781 3423 ‘multa
837 3379 1117 3441 quoque
1176 3372 1245 3426 et
1299 3364 1490 3426 bello
1548 3362 1857 3448 passus',
1912 3385 2021 3427 seu
2078 3365 2427 3445 interposita
2488 3370 2878 3444 consonante,
2943 3373 3011 3424 ut

400 3464 730 3530 ‘multum
779 3466 907 3528 ille
954 3479 1025 3530 et
1079 3466 1355 3554 terris’,
1412 3473 1570 3552 quod
1629 3491 2005 3554 nequaquam
2060 3475 2120 3534 in
2168 3472 2282 3533 hoc
2328 3471 2459 3532 loco
2505 3470 2702 3532 adseri
2748 3478 2948 3550 potest
2994 3518 3008 3531 .

400 3577 617 3656 quippe
655 3573 961 3636 absolutus
999 3595 1107 3656 pes
1145 3587 1237 3639 est
1276 3572 1537 3660 ‘omnia',
1584 3579 1746 3641 velut
1781 3582 1842 3641 in
1881 3579 1982 3641 illo
2021 3598 2225 3660 versu,
2273 3573 2543 3639 ‘omnia
2592 3577 2736 3638 fert
2783 3586 3011 3658 aetaS,

577 3709 604 3756 1
644 3706 797 3773 quod
833 3714 864 3763 ὃ
901 3722 1077 3778 genus
1111 3706 1168 3760 Β
1313 3710 1346 3759 2
1383 3705 1444 3759 in
1479 3704 1624 3760 liber
1659 3724 1826 3775 quem
1864 3707 1934 3762 de
1972 3706 2165 3763 metris
2203 3704 2429 3775 scripsit.
2461 3705 2517 3759 Β
2554 3704 2616 3759 in
2661 3704 2810 3761 libro
2843 3723 3010 3775 quem

400 3781 592 3835 metris
627 3783 854 3855 scripsit
893 3788 968 3842 M
1108 3784 1192 3840 ita.
1225 3786 1479 3856 posuerit
1515 3786 1569 3841 V
1599 3784 1683 3842 ita
1717 3786 2014 3857 proposuit
2038 3786 2179 3840 ΒΜ
2205 3825 2218 3838 .
2248 3786 2314 3840 de
2348 3785 2592 3841 versibus
2626 3786 2840 3854 Albini,
2877 3802 3010 3855 quoa

398 3868 680 3932 corruptos
714 3866 910 3922 habuit
942 3867 1182 3931 Audax,
1217 3866 1344 3920 dixi
1379 3866 1534 3934 apud
1580 3865 1925 3921 Victorinum
2068 3865 2217 3934 quod
2253 3865 2415 3921 uetat
2453 3865 2528 3919 M
2561 3864 2714 3934 quod
2749 3863 2926 3920 uitem
2957 3866 3009 3919 B

433 3946 465 3995 3
492 3957 689 3998 uesum
714 3946 771 4000 Β
868 3948 999 4005 iuno
1028 3948 1107 4004 cis
1135 3947 1232 4003 sed
1259 3945 1459 4002 dactili
1486 3948 1618 4017 apte
1644 3946 1701 4000 B
1800 3953 1833 4001 6
1862 3948 1961 4001 aut
1988 3946 2138 4000 enim
2164 3945 2219 3999 Β
2246 3946 2436 4000 autem
2467 3944 2543 3998 M
2641 3950 2671 3999 7
2702 3947 2802 3999 aut
2828 3945 3009 4015 primo

398 4022 457 4076 et
479 4023 650 4079 tertio
678 4042 778 4084 om.
806 4028 880 4095 Β,
909 4030 1037 4086 add.
1070 4030 1146 4084 M
1249 4036 1283 4086 8
1322 4029 1381 4085 et:
1416 4026 1638 4098 quinto]
1678 4029 1780 4082 aut
1814 4025 2011 4095 quinto
2035 4026 2092 4079 Β
2212 4029 2280 4079 10
2316 4027 2418 4079 aut
2452 4025 2682 4096 quarto]
2721 4028 2780 4080 et
2807 4030 3008 4094 quarto

399 4100 454 4155 Β
489 4123 507 4155 .·
544 4105 647 4159 aut
681 4110 883 4175 quarto
921 4111 981 4164 et
1015 4109 1210 4179 quinto
1246 4125 1348 4164 om.
1390 4108 1466 4162 M
1604 4107 1743 4178 quid
1777 4107 1928 4162 inter
1961 4123 2128 4161 uersu
2164 4105 2221 4159 Β
2366 4110 2431 4159 11
2474 4104 2571 4173 qui
2609 4106 2696 4159 est
2722 4122 2824 4161 om.
2853 4106 3009 4173 ΒΜ,

398 4184 522 4240 add.
572 4184 626 4239 V
767 4194 832 4243 13
869 4189 928 4243 in
965 4206 1129 4245 uersu
1154 4187 1285 4243 XVI
1321 4188 1663 4257 syllabarum
1695 4187 1772 4242 M
1802 4186 1862 4240 in
1896 4203 2090 4241 uersus
2128 4184 2322 4240 decem
2358 4183 2702 4253 syllabarum
2739 4184 2794 4238 Β
2940 4193 3008 4241 14

397 4261 456 4316 in
491 4269 621 4319 ante
654 4263 756 4323 illo
794 4285 895 4323 om.
934 4269 1102 4337 ΒΜ,
1138 4270 1266 4325 add.
1316 4268 1370 4323 V
1510 4273 1576 4321 15
1612 4268 1933 4339 totiensque
1960 4265 2210 4321 variatur
2247 4264 2301 4319 V
2441 4268 2508 4317 16
2537 4262 3010 4335 duadecasyllaba.

400 4343 473 4397 M
615 4352 681 4401 18
728 4365 1022 4404 numerum
1070 4350 1146 4404 M
1283 4354 1355 4405 20
1401 4348 1660 4419 uirgilius
1709 4349 1785 4403 M
1828 4346 2095 4418 uel-gilius
2141 4345 2196 4399 Β
2351 4343 2773 4399 obseruabimus
2826 4345 2885 4399 in
2939 4361 3007 4399 eo

398 4437 559 4478 uersu
598 4424 676 4478 M
704 4427 1124 4484 obsemauimua
1170 4445 1282 4485 non
1326 4427 1386 4483 in
1422 4445 1490 4484 eo
1525 4445 1688 4484 uersu
1724 4429 1781 4483 Β
1925 4435 1989 4484 21
2028 4427 2238 4483 habeat
2271 4425 2328 4478 Β
2373 4423 2549 4478 habet
2586 4424 2661 4478 M
2801 4431 2870 4480 22
2908 4427 3008 4481 aut

398 4503 645 4574 spumas]
695 4505 853 4577 Very.
891 4524 1068 4579 yeory.
1106 4509 1235 4563 III
1267 4512 1374 4564 449
1519 4509 1788 4579 sulphura
1836 4510 1926 4577 M,
1970 4524 2070 4563 om.
2109 4506 2166 4559 Β
2309 4509 2379 4558 23
2417 4504 2477 4558 et
2526 4502 2740 4558 sulfura
2782 4503 2916 4559 uiua
2949 4505 3006 4559 Β

397 4585 463 4638 ut
511 4585 778 4655 sulphora
831 4587 967 4642 uiua
1005 4588 1080 4642 M
1218 4594 1290 4644 24
1334 4588 1421 4645 bis
1475 4589 1717 4661 patriae]
1786 4589 1941 4659 Very.
1982 4590 2118 4642 Aen.
2168 4586 2261 4640 VI
2293 4588 2365 4640 33
2511 4588 2579 4638 26
2627 4584 2856 4654 quidam
2907 4602 3009 4655 per

399 4665 656 4720 sinalifan
683 4665 760 4720 M
781 4667 1010 4736 quidem
1046 4685 1146 4738 per
1173 4667 1469 4724 sinalifane
1504 4670 1561 4724 B
1702 4671 1827 4742 fiat]
1867 4669 1944 4725 sit
1977 4667 2122 4722 ΒΜ
2262 4663 2454 4734 omna]
2494 4672 2624 4720 omn
2658 4664 2800 4718 BM
2935 4672 3004 4722 26

399 4744 701 4817 confligant
736 4751 781 4801 Β
926 4752 995 4803 27
1034 4749 1238 4822 multa]
1290 4748 1446 4820 Ver-9.
1483 4751 1623 4805 Aen.
1663 4751 1709 4805 I
1741 4756 1776 4806 5
1921 4766 2020 4805 seu
2063 4747 2400 4818 interposita.
2434 4746 2489 4801 Β
2536 4745 2635 4801 sed
2673 4744 3008 4816 interposita

308 4888 321 4903 ι
400 4823 474 4879 Μ
607 4831 676 4882 28
713 4826 952 4883 multam
987 4843 1125 4885 corr.
1162 4829 1404 4885 multum
1438 4831 1495 4884 Β
1531 4851 1550 4884 .·
1595 4830 1751 4901 Ver-9.
1789 4829 1930 4887 Aen.
1970 4831 2014 4884 I
2038 4834 2073 4886 3
2218 4834 2286 4884 29
2323 4827 2482 4885 velut
2516 4842 2617 4882 om.
2653 4826 2729 4894 B,
2765 4828 2893 4884 add.
2934 4829 3010 4883 M

468 4921 629 4961 uerso
662 4906 721 4962 Β
865 4906 1055 4963 omnia
1089 4907 1222 4979 fert]
1274 4908 1430 4979 Very.
1469 4911 1639 4968 bucol.
1676 4916 1731 4981 9,
1770 4916 1837 4966 51
