3613 5528
574 429 617 493 8
1551 384 1904 483 TERENTH
1943 428 2208 483 SCAVRI

752 613 1072 694 Composui
1117 614 1311 673 omnia
1358 631 1507 692 quae
1556 614 1856 693 adscripto
1895 613 2105 675 Scauri
2152 616 2389 674 nomine
2437 633 2468 673 a
2515 612 2947 694 posterioribus
2993 632 3183 693 gram-

574 724 806 784 maticis
870 741 941 782 ex
1000 724 1130 782 eius
1186 719 1352 780 libris
1408 728 1647 801 recepta
1693 730 1851 782 sunt.
1927 738 2061 781 nam
2109 739 2258 801 quae
2306 739 2425 781 non
2474 722 2774 782 nominato
2822 728 3064 782 auctore
3112 723 3183 783 ad

578 832 706 891 eius
752 829 1080 890 doctrinam
1126 826 1513 907 probabiliter
1560 828 1775 889 referri
1821 835 2072 908 possunt
2123 831 2320 888 sciens
2359 829 2548 888 omisi.
2629 829 2743 889 iam
2781 847 2921 889 vero
2967 812 3068 890 hic'
3111 830 3183 890 de

577 934 994 1016 orthographia
1053 934 1203 996 liber
1264 953 1382 995 non
1441 934 1631 996 solum
1688 933 1948 996 clausula
2006 933 2270 996 subiecta
2317 954 2372 1015 p.
2422 932 2596 995 2262
2643 937 2798 997 haec
2844 944 2986 997 sunt
3029 955 3187 1012 quae

575 1047 824 1118 maenti
875 1049 1140 1118 tempore
1187 1059 1313 1120 sqq.
1371 1039 1442 1101 ab
1498 1043 1573 1101 iis
1608 1058 1771 1120 -quae
1821 1040 2033 1101 deinde
2083 1048 2418 1119 sequuntur
2464 1050 2798 1123 separatae,
2857 1042 2961 1102 sed
3010 1046 3186 1103 etiam

576 1156 740 1210 certo
798 1151 1111 1229 scriptoris
1166 1148 1413 1209 consilio
1460 1150 1540 1209 ita
1588 1149 1913 1229 dispositus
1960 1155 2077 1229 est,
2133 1157 2200 1209 ut
2261 1148 2489 1227 reliqua
2537 1149 2606 1210 ad
2657 1167 2792 1210 eum
2839 1168 2958 1210 non
3005 1153 3185 1230 perti-

575 1273 720 1316 nere
758 1264 1053 1336 appareat.
1118 1273 1250 1315 nam
1290 1261 1572 1335 quattuor
1607 1257 1810 1335 posuit
1845 1273 2064 1334 genera
2110 1254 2327 1335 quibus
2375 1254 2673 1317 scribendi
2721 1257 2871 1316 ratio
2918 1274 3186 1317 corrum-

576 1370 837 1443 peretur.
914 1380 1063 1441 quae
1128 1370 1440 1441 postquam
1506 1364 1564 1422 in
1632 1364 1924 1442 principio
1991 1361 2126 1423 libri
2185 1381 2299 1425 una
2363 1381 2497 1423 cum
2560 1363 2781 1441 regulis
2838 1363 3190 1425 emendandi

576 1469 839 1530 breviter
885 1469 1202 1549 descripsit
1247 1477 1308 1530 et
1361 1471 1567 1550 paucis
1614 1470 1900 1550 exemplis
1948 1470 2376 1551 comprobavit,
2437 1489 2570 1530 mox
2619 1472 2940 1549 praemissa
2989 1470 3187 1549 dispu-

576 1578 799 1638 tatione
845 1576 919 1637 de
966 1578 1313 1656 cognatione
1360 1575 1720 1657 litterarum,
1779 1579 2057 1656 quoniam
2116 1579 2180 1636 in
2237 1576 2346 1637 hac
2402 1579 2594 1636 omnis
2650 1577 2722 1637 de
2772 1577 3188 1657 orthographia

579 1686 846 1763 quaestio
901 1693 1198 1764 versatur,
1254 1701 1362 1761 per
1416 1683 1675 1762 singulas
1731 1682 1870 1744 libri
1923 1691 2126 1763 partes
2181 1685 2480 1762 copiosius
2534 1690 2890 1762 persecutus
2949 1694 3056 1744 est.
3131 1693 3192 1745 et

578 1793 836 1870 primum
896 1789 1133 1869 quidem
1181 1788 1393 1849 additis
1441 1797 1647 1849 contra
1696 1792 1985 1850 rationem
2033 1790 2247 1850 litteris
2259 1838 2277 1871 ,
2332 1789 2545 1850 deinde
2593 1790 2875 1851 detractis
2921 1792 2995 1851 iis
3043 1810 3190 1870 quas

581 1895 715 1957 addi
780 1897 930 1957 ratio
993 1894 1233 1957 iubebat
1296 1894 1482 1956 multa
1546 1899 1849 1976 corrumpi
1916 1897 2340 1958 demonstravit
2402 1904 2464 1957 et
2522 1897 2766 1958 adiectis
2822 1897 3191 1977 singulorum

580 2001 998 2077 vocabulorum
1055 2002 1503 2082 quaestionibus
1562 2002 1892 2064 illustravit.
1966 2010 2094 2064 tum
2149 2002 2222 2063 de
2281 2006 2605 2065 mutatione
2653 2003 2983 2066 litterarum
3032 2007 3190 2066 simi·

580 2110 716 2171 liter
763 2111 1096 2190 disputavit.
1177 2109 1432 2189 denique
1490 2110 1563 2170 de
1610 2110 1960 2192 conexione,
2007 2128 2124 2189 quo
2172 2127 2391 2188 genere
2439 2127 2507 2170 ea
2555 2128 2706 2189 quae
2753 2112 2814 2170 in
2863 2110 3192 2171 dividendis

582 2216 819 2298 syllabis
865 2224 1263 2296 peccarentur
1300 2218 1593 2277 contineri
1638 2215 1841 2296 voluit,
1880 2233 2064 2295 pauca
2103 2214 2369 2278 subiecta
2409 2227 2565 2278 sunt.
2621 2234 2730 2296 per
2770 2218 2964 2277 omnia
2996 2226 3192 2279 autem

582 2342 799 2405 genera
846 2340 982 2383 cum
1030 2340 1206 2401 saepe
1254 2323 1747 2384 consuetudinem
1787 2321 2088 2384 scribendi
2137 2324 2228 2384 vel
2273 2323 2698 2404 pronuntiandi
2743 2341 3007 2403 pugnare
3057 2342 3192 2385 cum

583 2433 811 2493 ratione
868 2429 1120 2511 videret,
1178 2431 1237 2491 id
1296 2432 1416 2510 egit
1462 2438 1530 2491 ut
1583 2438 1685 2492 aut
1729 2448 1761 2490 a
1809 2447 1984 2509 prava
2032 2430 2463 2492 consuetudine
2511 2433 2800 2491 rationem
2848 2429 3196 2491 defenderet

585 2547 688 2599 aut
746 2540 933 2617 ipsam
991 2537 1480 2597 consuetudinem
1538 2538 1720 2597 certis
1776 2535 2004 2615 legibus
2070 2555 2143 2596 ex
2200 2539 2548 2615 cognatione
2605 2535 2937 2597 litterarum
2999 2537 3193 2598 ductis

586 2646 713 2724 regi
751 2644 1211 2724 demonstraret3
1250 2659 1384 2703 raro
1422 2652 1669 2723 propter
1706 2644 1838 2703 soni
1873 2642 2301 2704 iucunditatem
2339 2642 2558 2723 aliquid
2597 2643 3015 2705 consuetudini
3053 2662 3191 2704 con-

585 2753 782 2814 cessit.
846 2753 1102 2832 saepius,
1148 2751 1398 2812 maxime
1445 2751 1507 2811 in
1553 2751 1743 2829 prima
1789 2758 1956 2830 parte
2005 2748 2160 2834 libri,
2207 2749 2576 2812 consuetudo
2615 2752 2994 2831 antiquorum
3034 2770 3191 2812 com-

584 2868 909 2920 memorata
955 2867 1063 2919 est.
3051 2939 3060 2944 ᾖ

762 2959 851 3027 Ex
897 2963 1333 3045 antiquioribus
1378 2967 1778 3044 grammaticis
1826 2965 2043 3045 quibus
2092 2966 2354 3027 Scaurus
2402 2984 2547 3026 usus
2595 2974 2686 3027 est
2734 2966 3056 3027 Varronem
3107 2974 3199 3027 ter

585 3072 922 3154 appellavit,
968 3091 1023 3152 p.
1071 3067 1248 3134 2255
1295 3071 1366 3132 de
1415 3070 1604 3151 longis
1652 3071 1891 3151 syllabis
1937 3090 2046 3152 per
2090 3074 2112 3131 i
2159 3071 2250 3132 vel
2297 3073 2351 3132 ei
2400 3070 2756 3147 scribendi5‚
2803 3092 2859 3153 p.
2903 3070 3076 3135 2256
3124 3073 3197 3134 de

587 3181 984 3259 adspiratione
1030 3181 1092 3240 in
1141 3177 1390 3240 Gracchi
1439 3180 1677 3239 nomine
1725 3181 2067 3259 omittenda,
2113 3197 2169 3258 p.
2217 3176 2395 3240 2261
2446 3179 2517 3239 de
2577 3179 2916 3241 nominibus
2974 3199 3082 3260 per
3129 3199 3199 3259 ps

584 3286 676 3347 vel
733 3285 801 3346 bs
858 3284 1206 3346 scribendis
1282 3302 1433 3364 quae
1490 3283 1916 3347 Wilmannsius
1976 3285 2048 3345 de
2105 3285 2267 3345 Varr.
2313 3285 2444 3346 libr.
2493 3304 2735 3365 gramm.
2782 3306 2837 3367 p.
2888 3285 2972 3348 86
3031 3285 3198 3347 libris

587 3393 659 3453 de
707 3410 981 3453 sermone
1029 3393 1209 3453 latino
1257 3390 1468 3453 tribuit
1512 3393 1612 3472 ita,
1659 3401 1724 3453 ut
1770 3394 2030 3472 primum
2077 3401 2138 3453 et
2176 3395 2419 3455 tertium
2467 3392 2663 3455 locum
2700 3395 2759 3453 in
2799 3396 2991 3472 primo
3029 3393 3200 3475 libro,

587 3501 915 3562 secundum
961 3501 1023 3560 in
1071 3502 1249 3560 tertio
1296 3498 1639 3580 collocaret,
1694 3499 2012 3580 propterea
2061 3501 2226 3584 *quod
2288 3499 2379 3560 bis
2425 3502 2800 3580 potissimum
2847 3499 3015 3561 libris
3062 3519 3198 3560 con·

587 3608 791 3667 venire
856 3606 1217 3667 viderentur.
1301 3614 1609 3685 praeterea
1674 3609 1982 3669 inventum
2040 3608 2242 3688 Spurii
2299 3607 2535 3669 Carvilii
2591 3627 2646 3686 p.
2693 3603 2868 3668 2253
2925 3615 2984 3668 et
3039 3607 3202 3668 Accii

590 3714 920 3774 doctrinam
967 3712 1040 3773 de
1087 3713 1454 3791 geminandis
1492 3713 1791 3774 vocalibus
1829 3733 1884 3794 p.
1925 3711 2100 3775 2255
2138 3716 2637 3796 commemoravit,
2684 3733 2834 3794 quae
2882 3717 3007 3794 ipsa
3056 3733 3201 3794 quo-

591 3839 707 3900 que
756 3838 787 3878 a
834 3818 1096 3879 Varrone
1151 3821 1449 3899 recepisse
1506 3821 1765 3903 videtur,
1822 3824 1979 3882 sicut
2035 3840 2242 3883 versus
2288 3819 2500 3882 Lucilii
2548 3841 2601 3900 p.
2652 3819 2827 3883 2255
2874 3821 3202 3901 adscriptos

592 3926 664 3987 ab
710 3925 810 3987 illo
856 3928 1159 4005 petiverat.
1234 3925 1491 4006 denique
1541 3927 1814 3989 Santram
1873 3947 1988 3989 una
2044 3947 2180 3990 cum
2236 3928 2625 3989 dissentiente
2683 3926 2756 3988 ab
2805 3947 2875 3988 eo
2924 3926 3203 3988 Varronis

590 4036 868 4114 opinione
929 4033 1252 4093 nominavit
1307 4051 1363 4112 p.
1411 4029 1604 4094 2256.
1680 4034 1971 4115 reliquoS,
2031 4052 2287 4114 quorum
2344 4036 2671 4095 sententias
2718 4035 2914 4096 attulit
2961 4034 3050 4094 vel
3097 4036 3203 4095 im·

590 4142 899 4221 pugnavit,
947 4141 1292 4200 nominatim
1338 4158 1457 4200 non
1505 4140 1844 4222 appellavit,
1904 4140 2009 4201 sed
2054 4140 2412 4220 generaliter
2459 4141 2746 4220 quosdam
2793 4140 3012 4204 multos
3059 4141 3204 4202 alios

591 4248 756 4308 dixit.
831 4246 936 4307 sed
992 4265 1065 4306 ex
1124 4245 1216 4307 his
1262 4265 1499 4326 quoque
1547 4247 1765 4327 quibus
1812 4265 2030 4307 nomen
2077 4246 2439 4325 adscriptum
2488 4266 2606 4308 non
2656 4238 2748 4309 est
2792 4248 3084 4328 permulta
3132 4248 3201 4308 ad

592 4353 873 4416 Varronis
909 4353 1239 4414 doctrinam
1277 4353 1433 4415 haud
1471 4353 1649 4415 dubie
1690 4352 1999 4414 reserenda
2041 4361 2197 4414 sunt.
2260 4354 2417 4432 quod
2458 4372 2576 4434 quo
2615 4356 2838 4415 certius
2876 4363 3205 4437 appareret,

594 4464 793 4524 curavi
849 4470 917 4523 ut
971 4479 1038 4521 ea
1093 4478 1244 4540 quae
1301 4458 1374 4520 ab
1430 4460 1560 4520 aliis
1619 4459 1867 4520 Varroni
1922 4458 2335 4520 tribuerentur
2391 4460 2481 4520 vel
2536 4464 2596 4522 in
2653 4460 2821 4522 libris
2878 4461 2951 4522 de
3007 4460 3204 4541 lingua

594 4572 773 4631 latina
820 4567 1092 4630 similiter
1138 4576 1451 4647 praecepta
1500 4575 1701 4628 essent
1757 4567 1819 4626 in
1866 4565 2243 4629 adnotatione
2290 4568 2714 4629 indicarentur.
2790 4568 2958 4629 facile
3006 4576 3204 4630 autem

595 4694 881 4737 numerus
947 4694 1154 4737 eorum
1221 4693 1373 4755 quae
1437 4694 1509 4735 ex
1570 4672 1741 4746 illius·
1792 4673 2062 4734 doctrina
2125 4676 2446 4754 repetenda
2508 4685 2648 4738 sunt
2707 4678 2909 4755 augeri
2967 4678 3206 4757 poterit,

598 4786 788 4862 siquis
835 4800 903 4842 ea
950 4784 1404 4863 comparaverit,
1464 4783 1526 4841 in
1583 4778 1801 4859 quibus
1860 4778 1956 4839 alii
2003 4782 2106 4858 qui
2152 4780 2361 4841 iisdem
2409 4781 2673 4843 sontibus
2719 4790 2895 4860 atque
2945 4781 3207 4842 Scaurus

602 4892 691 4951 usi
734 4890 805 4951 de
855 4887 1270 4968 orthographia
1319 4890 1689 4968 scripserunt
1736 4905 1873 4948 cum
1919 4885 2018 4947 illo
2065 4889 2462 4949 consentiunt.
2539 4906 2672 4950 nam
2718 4890 2779 4949 in
2827 4887 2919 4947 his
2967 4906 3204 4967 quoque
