3613 5528
622 458 752 522 374
1746 455 2086 513 nosrrHEI

621 663 718 706 ars
765 646 1004 730 omnipo
1050 646 1269 725 scripta
1317 663 1434 705 non
1484 653 1575 706 est
1621 692 1635 705 .
1683 646 1844 705 tertii
1891 652 2089 705 autem
2136 640 2269 703 libri
2318 642 2694 722 significatio,
2749 661 2898 722 quae
2945 644 3005 702 in
3052 659 3221 722 prae-

622 753 837 813 fatione
905 755 1333 813 sententiarum
1400 760 1461 812 et
1525 751 1914 831 epistularum
1973 750 2254 812 Hadriani
2320 751 2469 810 sacta
2535 758 2652 830 est,
2717 767 2834 810 non
2898 749 2968 809 ad
3035 757 3222 809 artem

620 861 1119 939 grammmaticam
1167 858 1436 919 Dosithei
1501 875 1636 919 cum
1701 857 1915 937 glossis
1981 865 2041 918 et
2116 874 2251 917 cum
2344 854 2591 934 reliquis
2664 858 3226 938 interpretamentiS,

621 985 770 1046 quae
818 967 1028 1028 deinde
1089 974 1450 1047 sequuntur,
1507 967 1909 1045 coniunctam,
1965 966 2119 1024 sicut
2174 961 2502 1024 editoribus
2556 965 2748 1025 visum
2803 972 2918 1045 est,
2974 971 3221 1044 spectat,

621 1073 723 1133 sed
771 1077 934 1154 ipsae
991 1075 1219 1154 glossae
1277 1076 1338 1134 in
1395 1072 1543 1133 duos
1601 1070 1785 1132 libros
1851 1067 2200 1131 distributae
2267 1078 2434 1152 sunt,
2498 1089 2751 1150 quorum
2816 1073 2982 1151 prior
3048 1069 3224 1131 verba

620 1181 828 1242 ordine
876 1180 1207 1241 litterarum
1255 1180 1538 1260 disposita
1585 1180 1876 1260 continet,
1934 1176 2082 1238 alter
2129 1179 2363 1238 nomina
2420 1180 2601 1239 certis
2652 1177 2971 1258 generibus
3026 1177 3223 1238 distri-

623 1287 762 1350 buta
811 1336 823 1349 .
872 1305 1047 1368 quam
1094 1286 1541 1367 dispositionem
1590 1295 1650 1347 et
1696 1284 2115 1347 Valckenarius
2162 1284 2197 1346 1.
2245 1303 2294 1346 ο.
2343 1304 2398 1365 p.
2451 1284 2570 1346 111
2635 1283 2895 1346 adhibito
2942 1284 3224 1346 vossiano

621 1395 825 1456 codice
873 1394 1298 1456 demonstravit
1345 1402 1405 1454 et
1450 1402 1585 1474 post
1621 1411 1757 1452 eum
1795 1391 2192 1472 Boeckingius
2237 1393 2419 1471 praes.
2456 1411 2512 1473 p.
2542 1391 2698 1453 xvu
2727 1401 2787 1454 et
2814 1391 3224 1454 Lachmannus

624 1504 685 1563 in
733 1504 1228 1563 commentatione
1276 1500 1347 1561 de
1398 1499 1707 1580 Dositheo,
1752 1498 2018 1559 kleinere
2066 1498 2367 1561 Schriften
2415 1518 2462 1559 z.
2509 1498 2683 1561 klass,
2729 1498 2937 1561 Philol.
2982 1520 3037 1580 p.
3082 1497 3225 1580 198,

622 1609 1170 1691 comprobaverunt.
1256 1626 1390 1669 nam
1457 1607 1529 1669 de
1593 1609 1793 1687 priore
1854 1605 2006 1667 libro
2071 1606 2401 1686 glossarum
2466 1607 2687 1686 scripta
2752 1614 2892 1668 sunt
2952 1606 3099 1668 haec
3163 1609 3224 1667 iu

621 1719 817 1797 initio,
876 1708 1204 1778 ἀποδώσω
1254 1701 1379 1777 οὖν
1423 1706 1503 1776 τὰ
1550 1706 1747 1776 λοιπὰ
1794 1704 1960 1774 κατὰ
2017 1721 2376 1794 στοιχεῖον,
2433 1705 2709 1795 πράσσω
2766 1716 3020 1775 reddam
3076 1731 3225 1789 erqo

621 1832 830 1886 cetera
870 1842 986 1901 per
1032 1827 1293 1897 litteras,
1340 1840 1484 1899 ayo,
1532 1831 1592 1883 et
1646 1825 1706 1883 in
1746 1821 1862 1881 fine
1901 1820 2073 1901 haec,
2119 1813 2476 1902 ἐπληρώθη
2513 1812 2588 1882 τὸ
2638 1841 2680 1882 α
2725 1817 2863 1882 τῶν
2911 1814 3226 1901 ἑρμηνευ-

621 1923 849 2011 μάτων
886 1924 1349 2013 (επληρωθητό
1388 1947 2025 2011 μετατωνερμηνιων
2064 1921 2223 2011 cod.)
2262 1931 2564 2006 impletum
2601 1937 2690 1990 est
2728 1933 2991 2006 primum
3039 1931 3222 1989 inter-

614 2044 966 2114 {nemmem
1013 2036 1085 2097 de
1132 2035 1316 2097 altero
1363 2045 1562 2098 autem
1608 2034 1787 2116 libro,
1835 2037 1936 2115 qui
1985 2037 2189 2115 paucis
2235 2033 2506 2096 versibus
2552 2039 2751 2097 vacuis
2807 2034 3032 2098 relictis
3078 2035 3219 2097 sub-

620 2146 810 2205 iectus
866 2153 985 2226 est,
1049 2143 1221 2226 baec,
1286 2137 1406 2226 ἐμῇ
1473 2138 1808 2227 ἐπιμελείᾳ
1862 2137 1972 2204 καὶ
2027 2141 2392 2227 φιλοπονίᾳ
2446 2136 2820 2225 μετέγραψα
2885 2140 3085 2206 τοῦτο
3147 2136 3225 2206 τὸ

618 2248 887 2331 βιβλίον
930 2246 1136 2311 πᾶσιν
1181 2241 1713 2329 ἀξιολογώτατον
1757 2297 1774 2312 .
1824 2244 1898 2311 ἐν
1941 2246 2032 2336 τῷ
2079 2242 2315 2334 πρώτῳ
2361 2240 2488 2330 γὰρ
2543 2248 2781 2336 βιβλίῳ
2835 2247 2974 2312 τῶν
3032 2245 3224 2332 ἑρμη-

619 2350 970 2439 νευμάτων
1045 2348 1135 2430 ὦς
1197 2354 1426 2439 πρῶτα
1492 2351 1992 2438 συνηνέγκαμεν
2055 2350 2313 2439 ῥήματα
2392 2352 2504 2418 καὶ
2557 2350 2817 2420 τούτων
2862 2352 2934 2420 ἐκ
2979 2353 3224 2440 μέρους

620 2456 949 2544 ἀναγκαῖα
995 2461 1091 2538 εἰς
1125 2463 1348 2526 κλίσιν
1385 2457 1607 2547 (κλσιν
1645 2459 1804 2548 cod.)
1845 2457 2190 2546 ῥημάτων,
2238 2455 2449 2538 οὕτως
2485 2456 2776 2539 εὐκόλως
2811 2461 2929 2546 τῆς
2965 2455 3229 2547 ὁμιλίας

619 2568 755 2633 τῶν
819 2562 1205 2654 ἀνθρώπων
1269 2562 1622 2652 εὐχρηστία
1661 2565 2020 2696 tsttxv’iff‘oe
2076 2565 2234 2655 cod.)
2300 2563 2480 2634 ἔστὰι
2539 2620 2552 2633 .
2612 2570 2742 2635 νῦν
2805 2558 2934 2634 οὖν
2996 2567 3070 2634 ἐν
3133 2570 3224 2658 τῷ

623 2674 910 2766 δευτέρω
974 2678 1212 2764 βιβλίω
1280 2675 1564 2761 ἐροῦμεν
1638 2663 1734 2741 ὧν
1804 2700 1917 2742 και
1988 2673 2265 2761 θελήσει
2338 2672 2642 2759 πρόνοια.
2732 2670 2920 2761 ἡμεῖς
2973 2671 3102 2762 γὰρ
3161 2676 3233 2741 οἰ

620 2778 975 2867 ἄνθρωποι
1021 2780 1264 2861 πάντες
1311 2785 1519 2869 ζωμεν
1563 2779 1695 2850 άπὸ
1741 2785 1914 2850 θεοῦ
1961 2807 2093 2850 mea
2141 2791 2456 2865 diliqentia
2499 2795 2558 2850 et
2592 2791 2792 2850 studio
2830 2791 3229 2866 transscripsi

620 2897 785 2956 hunc
830 2898 1051 2957 librum
1098 2898 1370 2957 omnibus
1417 2898 1832 2972 dignissimum
1879 2944 1891 2957 .
1939 2900 2002 2958 in
2051 2899 2253 2974 primo
2309 2899 2465 2959 enim
2521 2897 2678 2958 libro
2725 2900 3222 2976 interpretamen-

620 3009 818 3063 torum
863 3004 981 3078 quo
1026 3006 1200 3064 modo
1238 3005 1462 3081 priora
1507 3007 1869 3065 contulimus
1914 3005 2101 3065 verba
2148 3012 2206 3065 et
2252 3021 2461 3065 eorum
2506 3023 2586 3065 ex
2633 3012 2818 3082 parte
2871 3005 3226 3066 necessaria

621 3115 684 3170 in
759 3113 1164 3173 declinatione
1244 3112 1590 3187 verborum,
1674 3115 1761 3172 ita
1836 3103 1961 3195 (uti
2029 3101 2189 3193 cod.)
2256 3109 2509 3186 facilius
2580 3114 2846 3173 sermoni
2914 3113 3221 3173 homimem

613 3220 937 3293 proderit.
967 3237 1130 3280 nunc
1176 3236 1323 3294 erqo
1371 3221 1433 3279 in
1478 3220 1745 3281 secundo
1790 3219 1948 3279 libro
1996 3220 2263 3279 dicemus
2310 3209 2601 3301 (dicimus
2646 3212 2805 3301 cod.)
2860 3236 3118 3294 quorum
3164 3225 3226 3279 et

620 3328 745 3385 vult
783 3327 1170 3401 providentia
1218 3373 1231 3385 .
1277 3344 1385 3386 nos
1431 3329 1589 3387 enim
1633 3327 1901 3386 homines
1947 3341 2146 3385 omnes
2182 3326 2433 3385 vivimus
2461 3343 2501 3385 α
2530 3322 2739 3399 deo*).
2799 3324 3054 3405 denique
3085 3343 3224 3386 eum

623 3432 724 3509 qui
771 3436 957 3491 artem
1005 3434 1444 3510 grammaticam
1493 3433 1732 3512 scripsit
1785 3430 2084 3511 aliquanto
2140 3430 2484 3491 inferiorem
2542 3431 2725 3492 fuisse
2774 3434 2843 3493 eo
2891 3450 3066 3515 anno,
3120 3434 3222 3512 qui

621 3538 680 3596 in
728 3534 1067 3616 genealogia
1115 3534 1326 3617 Hygini
1373 3537 1665 3600 indicatus
1712 3547 1822 3621 est,
1871 3537 2027 3600 edito
2073 3536 2224 3599 libro
2281 3539 2397 3599 iam
2443 3538 2615 3619 plane
2674 3558 2959 3620 apparere
3014 3548 3159 3620 puto
3209 3586 3223 3600 .

620 3660 756 3703 nam
802 3645 1036 3704 etiamsi
1082 3642 1413 3704 Charisium
1462 3654 1522 3706 et
1560 3644 1929 3727 Diomedem,
1976 3663 2125 3724 quos
2162 3648 2574 3724 grammaticos
2612 3648 2773 3726 ipsos
2812 3664 3049 3726 quoque
3086 3655 3222 3706 ante

761 3894 814 3967 ²⁸)
851 3897 978 3952 Non
1016 3896 1204 3952 omnia
1240 3914 1384 3967 quae
1420 3898 1478 3953 iu
1517 3898 1788 3955 Vossiano
1827 3900 2018 3955 codice
2054 3900 2184 3970 post
2206 3899 2433 3969 glossae
2471 3899 2681 3969 scripta
2717 3902 2774 3955 et
2808 3917 2844 3956 a
2880 3899 3223 3971 Boeekingio

623 3977 775 4032 edita
828 3978 958 4032 sunt
1009 3993 1119 4031 uno
1167 3977 1336 4033 tertio
1384 3978 1526 4034 libro
1574 3980 1977 4050 comprehensa
2024 3994 2143 4033 esse
2180 3977 2303 4047 ipse
2341 3979 2711 4049 Boeckingius
2749 3981 3063 4052 suspicatus
3100 3981 3225 4035 erat

623 4075 676 4126 p.
716 4063 782 4112 89
822 4059 880 4113 et
915 4058 1047 4128 poet
1081 4077 1208 4115 eum
1245 4060 1642 4116 animadvertit
1675 4060 2063 4115 Lachmannue
2101 4059 2136 4113 l.
2175 4075 2221 4113 c.
2299 4077 2428 4115 nam
2469 4077 2592 4115 cum
2632 4078 2732 4129 per
2766 4078 2824 4116 ee
2859 4078 3057 4131 parum
3093 4076 3224 4129 pro-

622 4135 811 4192 babile
848 4135 924 4190 sit
958 4138 1077 4191 tam
1114 4138 1321 4194 multas
1357 4141 1416 4194 et
1451 4142 1569 4196 tam
1607 4139 1854 4196 diversas
1891 4157 1980 4196 ree
2016 4139 2075 4194 in
2112 4155 2222 4194 uno
2258 4140 2402 4195 libro
2439 4156 2475 4194 a
2510 4139 2780 4210 scriptore
2824 4141 3037 4211 positas
3083 4157 3224 4208 esse,

622 4217 924 4287 postquam
960 4217 1177 4285 glossas
1213 4217 1272 4272 in
1309 4219 1450 4274 duos
1475 4219 1647 4275 libros
1677 4218 2064 4289 distribuerat,
2100 4222 2221 4273 tum
2257 4218 2315 4273 in
2351 4219 2693 4289 praefatione
2721 4221 3005 4277 extremae
3030 4220 3223 4292 partie,

623 4317 768 4368 quae
815 4301 904 4355 est
947 4299 1016 4355 de
1065 4298 1350 4355 cotidiana
1396 4299 1844 4366 conversatione,
1891 4297 2251 4354 duodecimus
2301 4297 2445 4353 liber
2488 4297 2767 4355 indicatus
2812 4302 2900 4355 est
2935 4320 2988 4373 p.
3028 4308 3096 4357 89
3135 4301 3220 4357 ed.

621 4377 843 4446 Boeck„
878 4380 1079 4448 incipit
1114 4380 1546 4434 hermeneumata
1579 4379 1642 4434 id
1677 4382 1753 4431 est
1790 4377 1922 4431 libri
1961 4377 2108 4432 XII
2143 4420 2155 4431 .
2192 4380 2384 4449 itaque
2422 4378 2470 4433 si
2516 4378 2765 4434 diversae
2812 4384 3024 4450 partes,
3080 4396 3224 4449 quae

621 4459 794 4514 etiam
839 4457 1280 4528 praefationibus
1334 4458 1631 4513 distinctae
1688 4462 1844 4527 sunt,
1901 4457 2135 4528 singulis
2185 4460 2344 4515 libris
2398 4458 2745 4528 tribuuntur,
2800 4460 3110 4515 sententiae
3165 4463 3225 4514 et

626 4538 901 4610 epistulae
938 4536 1234 4606 Hadriani,
1280 4537 1506 4593 fabulae
1545 4537 1775 4608 Aesopi,
1826 4537 2251 4593 commentarius
2298 4539 2368 4593 de
2414 4539 2966 4608 manumissionibus,
3011 4539 3223 4610 Hygini

625 4619 983 4689 genealogia,
1021 4617 1269 4674 narratio
1308 4617 1377 4674 de
1414 4617 1564 4673 bello
1602 4616 1868 4687 Troiano,
1918 4617 2201 4673 cotidiana
2246 4618 2592 4674 conversatio
2642 4635 2768 4674 eum
2814 4619 3030 4676 duobus
3065 4620 3222 4674 libris

623 4700 934 4769 glossarum
973 4698 1223 4754 efficiunt
1260 4714 1549 4753 numerum
1588 4700 1714 4751 octo
1752 4698 2018 4753 librorum
2058 4740 2071 4754 .
2107 4698 2254 4754 inter
2288 4697 2674 4769 genealogiam
2703 4699 2891 4754 autem
2919 4699 3126 4770 Hygini
3164 4703 3225 4754 et

624 4777 1027 4833 enarrationem
1066 4779 1202 4834 belli
1240 4777 1469 4834 Troiani
1504 4777 1564 4832 in
1601 4777 1792 4833 codiee
1830 4778 2031 4833 lacuna
2067 4782 2178 4846 est,
2224 4777 2281 4832 in
2331 4795 2471 4847 qua,
2526 4777 2632 4832 nisi
2677 4779 2811 4848 quid
2857 4782 3151 4848 praeterea
3186 4797 3224 4834 a

622 4859 865 4915 librariis
914 4860 1180 4915 omissum
1219 4860 1334 4926 est,
1382 4860 1649 4928 quattuor
1685 4857 1841 4927 libri,
1888 4860 1986 4927 qui
2022 4859 2096 4914 ad
2135 4876 2410 4914 summam
2447 4860 2779 4930 explendam
2819 4859 3219 4929 desiderantur,

622 4941 804 5011 perire
837 4941 1155 5011 potueruut.
