3613 5528
546 277 677 343 462
1524 275 1873 332 ARVSIANI
1911 274 2151 331 MESSII

551 391 596 428 p.
627 381 718 422 220.
746 380 829 419 221
857 377 909 418 L.

726 463 997 525 Concedo
1027 464 1275 542 gratiae,
1312 461 1431 522 Cic.
1461 480 1569 542 pro
1599 461 1772 523 Corn.
1804 480 1932 522 cur
1968 480 2155 523 nunc
2192 462 2525 544 redeant,
2572 463 2632 522 si
2670 470 2839 523 tunc
2875 464 3148 542 gratiae

551 572 1056 633 concesserint
1103 618 1113 629 .
1162 568 1423 630 concedo
1481 571 1541 629 in
1603 571 1881 650 gratiam,
1936 568 2049 630 Sal.
2107 569 2242 631 hist.
2289 569 2315 629 Ι
2370 587 2672 648 quorum
2728 571 2798 630 in
2853 572 3150 649 gratiam

550 678 881 759 plerique
930 684 1443 738 concesserant
1490 724 1503 737 .

729 783 1033 847 Coniurati
1078 783 1191 844 hoc
1240 783 1461 864 facere,
1506 782 1676 863 Verg.
1724 784 1865 844 Aen.
1915 782 1987 844 vl
2036 785 2270 860 (qeory.
2320 785 2361 844 J
2396 783 2558 865 280)

1004 900 1074 951 et
1117 892 1533 951 coniuratos
1580 891 1852 952 caelum
1898 890 2322 952 rescindere
2371 892 2638 953 fratres
2686 939 2698 952 .
3207 907 3238 947 5

719 997 1129 1062 ,Commoritur
1175 997 1316 1078 illis,
1364 996 1477 1057 Sal.
1524 996 1659 1057 hist.
1709 996 1732 1056 1
1779 995 2054 1058 obviam
2101 999 2210 1058 ire
2257 1006 2326 1059 et
2373 1000 2712 1059 commori
2756 990 3149 1082 hostibus!

731 1105 1058 1186 Contiguus
1105 1107 1243 1167 huic
1289 1107 1379 1166 rei
1421 1153 1440 1188 ‚
1486 1104 1655 1185 Verg.
1706 1105 1847 1165 Aen.
1894 1103 1947 1176 X
1997 1106 2190 1179 (457)

846 1213 1033 1275 hunc
1079 1212 1200 1275 ubi
1246 1215 1661 1291 contiguum
1707 1214 1969 1273 missae
2011 1212 2180 1290 fore
2226 1212 2541 1275 credidit
2586 1213 2854 1274 hastae.

734 1321 979 1382 Confert
1025 1320 1136 1382 hoc
1183 1338 1320 1381 cum
1366 1318 1492 1400 illo,
1539 1318 1656 1380 Cic.
1706 1321 1766 1380 in
1814 1319 1929 1381 Pis.
1979 1321 2233 1396 (16,37)
2291 1321 2569 1403 confer,
2624 1323 2685 1381 si
2739 1321 2983 1403 audeS,
3039 1319 3155 1381 ab·

558 1430 863 1489 sentiam
908 1437 1096 1489 tuam
1143 1445 1297 1489 cum
1343 1446 1488 1488 mea
1537 1474 1550 1488 .
1599 1428 1832 1488 confert
1876 1427 1990 1488 hoc
2038 1426 2148 1509 illi,
2195 1427 2365 1508 Verg.
2412 1429 2559 1489 Aen.
2606 1426 2715 1488 ΧΠ
2761 1427 2955 1502 (678)
3018 1435 3157 1489 stat
3186 1444 3243 1484 ιο

559 1536 892 1596 conferre
941 1553 1214 1596 manum
1263 1535 1536 1596 Aeneae
1585 1582 1597 1595 .

734 1642 1003 1704 Conlusit
1048 1661 1185 1704 cum
1238 1641 1364 1725 illo,
1417 1640 1535 1704 Cic.
1594 1621 1889 1703 Siciliens.
1948 1644 2041 1715 (in
2103 1642 2272 1703 Verr.
2324 1643 2402 1702 II
2439 1642 2658 1717 24‚58)
2712 1650 2948 1704 tecum
3014 1652 3157 1704 tum

560 1749 1002 1811 conlusisset
1049 1798 1061 1810 .

738 1857 1061 1919 Commune
1109 1864 1202 1917 est
1254 1856 1367 1917 hoc
1427 1859 1583 1917 inter
1639 1856 1795 1936 illos,
1844 1855 1961 1917 Cic.
2011 1855 2271 1917 Sicilien.
2328 1859 2420 1930 (in
2482 1857 2650 1917 Verr.
2701 1858 2775 1917 II
2812 1856 3036 1931 36,39)
3085 1866 3160 1919 ut

560 1965 845 2026 diceres
911 1968 1107 2025 inter
1170 1983 1301 2024 eos
1366 1965 1596 2024 omnia
1652 1981 1809 2023 esse
1871 1966 2264 2024 communia
2312 2012 2325 2024 .
2373 1981 2685 2025 commune
2731 1972 2823 2025 est
2866 1963 2982 2025 illis
3027 1964 3159 2045 hoc,
3190 1980 3244 2020 15

560 2073 716 2134 idem
763 2090 872 2153 pro
919 2071 1055 2133 Ros.
1104 2074 1185 2149 (p.
1235 2073 1416 2133 Raso.
1463 2071 1590 2131 Am.
1638 2071 1866 2144 26‚72)
1923 2069 2089 2150 quid
2144 2081 2255 2132 est
2318 2073 2501 2132 enim
2567 2079 2703 2132 tam
2767 2090 3162 2154 commune,

562 2197 766 2259 quam
813 2180 1124 2258 spiritus
1174 2179 1380 2258 viviS,
1428 2186 1620 2237 terra
1668 2173 2019 2238 mortuis?

742 2285 1108 2347 Coniunctus
1155 2304 1290 2347 cum
1338 2284 1464 2364 illo,
1511 2282 1630 2344 Cic.
1679 2282 1972 2344 Siciliens.
2022 2286 2112 2356 (ἱη
2175 2286 2343 2345 Verr.
2384 2286 2460 2345 II
2494 2285 2755 2363 68,163J
2803 2304 2956 2347 cum
3003 2285 3066 2347 P.
3095 2286 3161 2347 R.

563 2396 952 2455 coniuncta
998 2400 1108 2453 est
1155 2440 1167 2452 .
1216 2394 1572 2453 coniunctus
1619 2389 1730 2470 illi,
1776 2389 1948 2469 Verg.
1996 2391 2142 2451 Aen.
2192 2389 2320 2451 Vlll
2367 2392 2553 2466 (130)

786 2499 1117 2579 quodque
1165 2499 1248 2560 ab
1296 2501 1527 2578 stirpe
1576 2498 1767 2558 soret
1812 2498 2119 2577 geminis
2166 2500 2604 2561 coniunctus
2650 2499 2940 2561 Atridis.
3191 2515 3252 2556 80

741 2607 1075 2669 Conversus
1139 2605 1212 2667 ad
1275 2614 1335 2668 te
1398 2624 1508 2686 pro
1574 2603 2035 2685 convertenduS‚
2103 2602 2220 2665 Cic.
2267 2623 2375 2684 pro
2423 2604 2661 2668 Plancio
2710 2607 2968 2684 (20,50)
3024 2626 3163 2669 non

565 2731 818 2796 dubito
866 2735 1035 2815 quin
1083 2750 1324 2794 omnes
1380 2727 1579 2793 conii.
1638 2728 1692 2792 u.
1751 2707 1788 2792 f.
1856 2724 1931 2790 iii.

743 2840 1018 2902 Conlocat
1086 2842 1147 2900 in
1213 2839 1340 2921 illo,
1404 2841 1524 2900 Cic.
1587 2858 1697 2920 pro
1763 2839 1900 2900 Ros.
1966 2841 2048 2915 (p.
2107 2840 2287 2901 Rosa
2343 2842 2469 2901 Am.
2525 2840 2744 2915 35,98)
2810 2842 2881 2901 in
2946 2860 3162 2903 curru

566 2948 876 3010 collocat
920 2946 1514 3008 Automedontem
1562 2993 1573 3006 .
1623 2944 1893 3007 conlocat
1939 2944 2049 3026 illi,
2106 2944 2262 3006 idem
2311 2949 2372 3007 in
2416 2946 2532 3008 Pis.
2580 2947 2850 3008 homini
2902 2948 3042 3010 levi
3099 2957 3167 3010 et

566 3055 810 3118 subito
857 3054 1084 3115 filiam
1133 3053 1556 3114 conlocavit.
2810 3040 2817 3045 ’
3196 3071 3253 3111 25

748 3152 1259 3239 offex—Parrhasii
1311 3185 1343 3234 2
1374 3196 1608 3249 quorum
1646 3179 1704 3234 in
1740 3179 1928 3250 gratia
2061 3187 2094 3235 8
2121 3180 2326 3235 missae
2352 3180 2496 3252 fore]
2525 3180 2756 3238 misseae
2893 3190 2925 3238 9
2954 3183 3166 3256 confer]

568 3264 786 3320 confert
931 3268 996 3316 10
1033 3264 1168 3316 Aen.
1208 3276 1307 3315 om.
1457 3266 1521 3314 12
1561 3259 1847 3316 Conclusit
1988 3262 2172 3315 tecum
2219 3262 2379 3316 tuum
2418 3263 2777 3317 conclusisset
2921 3268 2986 3318 15
3024 3263 3171 3318 inter

559 3354 860 3424 posteriore
879 3353 991 3407 loco
1010 3367 1110 3406 om.
1204 3349 1520 3405 communia
1546 3352 1698 3405 terra
1732 3349 1969 3405 mortuis
1999 3349 2302 3405 Commune
2331 3353 2416 3405 est
2516 3357 2579 3405 17
2610 3350 2781 3424 vivis]
2810 3339 2921 3408 πίε
3019 3357 3172 3407 terra.

568 3434 803 3489 mortuis
821 3435 919 3488 hoe
936 3433 1050 3487 loco
1069 3449 1168 3486 om.
1248 3437 1311 3485 18
1333 3448 1461 3485 cum
1486 3431 1546 3484 P.
1570 3430 1660 3502 R.]
1692 3448 1820 3485 cum
1847 3447 1960 3499 rep.
1993 3447 2130 3485 corr.
2161 3446 2289 3485 cum
2315 3429 2376 3484 P.
2405 3432 2470 3487 R.
2499 3432 2618 3486 alia
2643 3449 2831 3500 manu,
2866 3439 2931 3488 ut
2956 3435 3171 3488 videtur

642 3520 708 3570 19
746 3516 882 3568 Aen.
919 3530 1021 3569 om.
1112 3518 1180 3566 20
1219 3510 1505 3583 quodque]
1536 3528 1756 3581 quoque
1866 3517 1932 3565 21
1963 3510 2170 3567 Planco
2277 3518 2349 3566 24
2376 3512 2786 3568 Automedonte
2896 3519 2964 3568 25
2993 3513 3169 3568 filium

747 3644 779 3691 2
808 3637 868 3692 in
894 3635 1079 3709 gratia.
1113 3642 1340 3706 utroque
1376 3638 1488 3691 loco
1521 3636 1596 3690 M
1735 3654 1972 3705 quorum
2010 3635 2067 3690 in
2103 3636 2344 3707 gratiam
2375 3634 2493 3690 PG
2521 3640 2570 3690 et
2599 3636 2833 3706 August.
2862 3638 2928 3692 de
2955 3638 3055 3693 civ.
3083 3637 3174 3693 dei

570 3721 698 3775 III
721 3724 811 3785 17,
849 3735 1086 3787 quorum
1121 3717 1178 3772 in
1216 3716 1403 3786 gratia
1437 3718 1566 3772 olim
1601 3716 1859 3773 Sallustii
1893 3719 2120 3773 editores
2154 3717 2509 3783 defenderunt
2537 3738 2550 3771 ε
2581 3718 2648 3784 ef.
2678 3717 2844 3772 Kritz
2871 3717 3009 3772 Sall.
3047 3719 3171 3774 hist.

569 3802 765 3869 fraym.
787 3816 849 3867 p.
869 3803 940 3853 13
1066 3801 1098 3851 8
1128 3795 1328 3851 missae
1364 3796 1482 3851 fore
1519 3797 1756 3852 credidit
1790 3797 1984 3852 hastae
2033 3797 2306 3867 Veryilius
2448 3806 2480 3854 9
2519 3795 2706 3853 confer
2742 3797 2790 3853 si
2829 3798 3000 3853 audes
3039 3798 3175 3855 ΜΘ

572 3880 762 3936 confer
787 3896 951 3945 nunc,
989 3877 1179 3932 confer
1205 3877 1252 3933 si
1280 3877 1450 3932 audes
1475 3877 1561 3931 Ρ.·
1583 3878 1770 3933 confer
1795 3894 1960 3945 nunc,
1989 3877 2227 3947 Epicure
2245 3880 2450 3943 noster,
2480 3895 2549 3933 ex
2575 3877 2716 3933 hara.
2741 3878 3032 3950 producte,
3060 3896 3172 3956 non

572 3978 639 4016 ex
676 3960 894 4029 schola,
943 3957 1154 4027 confer,
1202 3960 1249 4013 si
1286 3958 1483 4023 andes,
1521 3957 1835 4013 absentiam
1872 3960 2030 4012 tuam
2068 3974 2195 4011 cum
2230 3976 2358 4014 mea.
2395 3958 2581 4013 Cicero
2727 3965 2790 4013 12
2828 3962 3014 4014 tecum
3050 3963 3173 4015 tum

573 4040 886 4097 collusisset
921 4041 1073 4109 apud
1113 4038 1416 4093 Ciceronem
1452 4055 1520 4093 ex
1565 4040 1724 4094 editis
1769 4045 1897 4094 ante
1932 4040 2141 4094 Aldum
2185 4040 2582 4111 exemplaribus
2626 4042 2826 4109 recepit
2863 4041 3175 4111 Zumptius,

571 4127 758 4179 tecum
798 4119 1112 4176 collusisset
1147 4120 1307 4188 vulqo
1344 4119 1623 4188 leyebatur
1765 4124 1833 4173 14
1869 4119 1935 4172 ut
1961 4118 2172 4175 diceres
2201 4121 2387 4175 omnia.
2412 4120 2560 4174 inter
2588 4136 2681 4175 eos
2711 4136 2828 4176 esse
2859 4121 3177 4177 communia

576 4201 760 4258 Cicero
906 4206 971 4254 16
1010 4198 1215 4253 etenim
1254 4198 1392 4267 quid.
1430 4201 1514 4253 est
1546 4201 1664 4254 tam
1702 4214 2022 4265 commune,
2070 4216 2241 4268 quam
2276 4199 2503 4270 spiritus
2538 4200 2710 4270 vivis,
2752 4202 2905 4256 terra
2938 4202 3176 4258 mortuis

577 4282 762 4338 Cicero
921 4286 992 4334 20
1030 4278 1293 4348 quodque
1338 4295 1373 4333 a
1419 4278 1594 4349 stirpe
1649 4278 1795 4334 foret
1850 4279 2123 4350 Veryilius
2279 4288 2346 4336 21
2387 4281 2761 4337 Conversums
2807 4281 2879 4337 ad
2923 4283 2983 4336 te
3028 4287 3079 4337 et
3112 4283 3177 4336 in

575 4363 812 4432 exemplo
851 4361 1127 4416 Ciceronis
1164 4360 1296 4428 quin
1335 4359 1515 4415 omnis
1551 4360 1622 4416 ad
1668 4362 1726 4414 te
1774 4376 2107 4416 conversura,
2158 4361 2330 4417 fuerit
2381 4361 2683 4416 multitudo
2739 4363 3017 4432 leyendum
3069 4379 3177 4419 esse

574 4445 715 4500 vidit
752 4441 1096 4497 Garatonius
1135 4439 1246 4494 Cic.
1285 4444 1422 4494 orat.
1461 4456 1508 4495 v.
1552 4439 1686 4494 VII
1713 4442 1892 4509 praef.
1915 4458 1975 4510 p.
2008 4442 2139 4508 IX,
2176 4444 2329 4511 apud
2369 4443 2631 4499 Orellium
2666 4444 2730 4499 in
2759 4442 2870 4498 Cic.
2892 4460 2949 4512 p.
2980 4442 3174 4497 Plane.

571 4542 629 4594 p.
669 4528 775 4577 119
947 4526 1017 4574 24
1055 4519 1525 4574 Automedontem
1565 4519 1689 4574 PG
1727 4521 1940 4588 Cicero,
1994 4524 2469 4578 Autumedontem
2512 4524 2589 4577 M
2751 4524 2900 4579 idem
2945 4524 3004 4577 in
3039 4523 3174 4596 Pia]

578 4606 647 4671 cf.
687 4604 884 4657 Ascon.
921 4603 985 4656 in
1015 4601 1127 4656 Cic.
1156 4616 1233 4656 or.
1263 4600 1327 4653 in
1354 4598 1467 4653 Pis.
1491 4617 1549 4669 p.
1580 4604 1614 4653 4
1651 4601 1729 4655 ed.
1769 4601 1967 4656 Kiessl.
2007 4603 2132 4671 quis
2170 4602 2336 4658 fuerit
2372 4620 2528 4659 socer
2562 4602 2777 4659 Pisonis
2815 4602 3017 4674 patris,
3055 4603 3178 4672 ipse

580 4700 749 4753 supra
784 4680 926 4735 dixit
969 4681 1057 4735 his
1111 4679 1323 4745 verbis,
1383 4678 1637 4735 ‘Insuber
1691 4680 1918 4750 quidam
1965 4681 2073 4737 fuit
2107 4714 2173 4723 —
2213 4683 2387 4738 filiam
2425 4683 2743 4740 collocavit'
2785 4726 2799 4740 .
2838 4685 2966 4739 inde
3001 4683 3177 4739 filiam

578 4762 968 4818 restituendum
1002 4776 1109 4815 esse
1143 4761 1283 4815 vidit
1322 4759 1520 4814 Maius
