3613 5528
579 423 711 487 488
1560 419 1912 474 ARVSIANI
1950 417 2191 473 MESSII

579 535 622 572 p.
650 525 744 566 242.
775 525 855 565 24³
883 523 936 563 L.

754 609 1003 670 Incessit
1041 608 1154 668 illis
1193 607 1361 688 illud,
1410 606 1524 668 Sal.
1561 606 1698 667 hist.
1738 605 1789 665 ΙΙ
1831 614 2071 667 terror
2116 603 2493 684 hostihuS,
2542 602 2678 682 [es]
2713 604 2982 666 fiducia
3031 604 3186 664 suis

579 718 886 777 incessit
931 714 1454 813 ..incessitursilla
1504 733 1625 789 res,
1675 713 1844 794 Verg.
1892 714 2034 774 Aen.
2082 712 2189 773 XII
2238 714 2429 787 (596)
2478 715 2755 773 incessi
2802 730 3039 773 muros
3079 759 3092 772 .

758 823 998 903 lnquies
1054 822 1212 884 illius
1267 825 1387 898 rei,
1446 821 1559 882 Sal.
1593 821 1754 883 *hist
1802 821 1909 880 1111
1956 820 2020 883 L.
2066 821 2428 883 Hostilius
2485 820 2837 882 Dasianus
2893 821 3185 901 inquies

581 933 796 992 animi
844 977 857 990 .

758 1036 1013 1098 Inferior
1076 1036 1211 1119 tihi,
1276 1036 1388 1097 Sal.
1447 1036 1581 1098 hist.
1642 1036 1693 1095 11
1759 1039 1867 1096 vir
1930 1039 2174 1116 gravis
2244 1046 2314 1097 et
2379 1038 2572 1098 nulla
2634 1045 2786 1098 arte
2853 1037 3182 1115 cuiquam
3243 1045 3272 1085 5

583 1146 897 1207 inferior
945 1139 1011 1227 ,Ι

760 1252 1082 1314 Intercedit
1118 1252 1261 1315 illud
1301 1252 1385 1314 illi
1423 1254 1539 1334 rei,
1584 1252 1718 1315 Ter.
1749 1254 1896 1315 And.
1929 1254 2023 1326 (V
2054 1255 2187 1328 5,5)
2236 1255 2293 1315 si
2342 1252 2538 1315 nulla
2586 1250 2971 1332 aegritudo
3018 1249 3188 1310 huic

583 1359 840 1438 gaudio
888 1362 1410 1422 intercesserit
1455 1408 1468 1421 .

761 1465 1031 1528 Intentus
1086 1468 1181 1529 illa
1237 1487 1332 1550 re,
1390 1468 1502 1530 Sal.
1552 1468 1716 1530 Catil.
1764 1468 1925 1545 (2‚9)
1973 1470 2095 1548 qui
2150 1468 2390 1547 aliquo
2449 1468 2738 1548 negotio
2794 1470 3125 1527 intentus
3174 1512 3188 1526 .

762 1573 827 1634 In
875 1593 979 1635 ore
1025 1575 1142 1637 illis
1188 1595 1367 1655 agens
1423 1595 1531 1656 pro
1578 1579 1637 1637 in
1687 1585 2013 1656 conspectu
2069 1575 2334 1657 illorum,
2392 1575 2507 1637 Sal.
2553 1573 2690 1636 hist.
2737 1573 2761 1633 I
2808 1582 2886 1635 ut
2941 1577 3009 1634 in
3066 1591 3189 1633 ore
3222 1583 3278 1621 1⁰

585 1681 930 1760 gentibus
977 1701 1191 1763 agens
1245 1731 1259 1745 .

763 1788 830 1849 In
878 1791 1067 1852 maius
1112 1791 1336 1852 audivit
1371 1809 1479 1871 pro
1518 1789 1860 1871 plusquam,
1907 1789 2020 1851 Sal.
2058 1790 2196 1851 hist.
2234 1789 2286 1849 ΙΙ
2324 1789 2496 1870 haef
2542 1798 2926 1869 postquam
2965 1786 3189 1848 Varro

587 1898 656 1956 iu
704 1897 931 1957 maius
978 1915 1170 1959 more
1218 1916 1581 1959 rumorum
1629 1897 1906 1958 audivit
1953 1945 1966 1958 .

765 2002 1079 2066 Introitum
1144 2004 1261 2083 [in]
1326 2004 1423 2066 illa
1486 2004 1640 2086 loca,
1707 2004 1820 2065 Sal.
1878 2004 2013 2066 hist.
2062 2004 2168 2064 1111
2226 2007 2325 2066 ita
2383 2013 2621 2065 castra
2680 2006 2833 2066 sine
2892 2003 3189 2064 vulnere

587 2112 977 2173 introitum
1025 2157 1039 2171 .
1487 2099 1498 2110 “
3225 2117 3282 2156 ¹⁶

764 2217 996 2279 Insilire
1051 2218 1208 2278 illam
1275 2237 1428 2300 rem,
1493 2218 1606 2279 Sal.
1672 2218 1812 2280 hist.
1876 2217 1922 2278 V
1986 2221 2311 2299 peractis
2376 2218 2549 2279 Lxx
2613 2221 2820 2280 annis
2881 2225 3195 2279 armatus

589 2343 846 2403 equum
893 2325 1192 2387 insilire
1240 2373 1253 2386 .
1483 2319 1490 2326 ’

767 2431 832 2492 In
879 2435 1237 2512 praepositio
1284 2435 1605 2515 geminata,
1651 2433 1787 2494 Ter.
1834 2432 1984 2495 Eun.
2025 2435 2096 2506 (I
2126 2434 2293 2510 1,14)
2342 2436 2411 2495 in
2459 2452 2696 2494 amore
2742 2433 2916 2493 haec
2963 2433 3195 2492 omnia

587 2540 838 2599 insunt
901 2541 1102 2620 vitia,
1167 2539 1283 2601 Cic.
1341 2558 1451 2619 pro
1508 2539 1734 2601 Scauro
1791 2542 1852 2601 si
1906 2539 2219 2619 denique
2285 2542 2353 2602 in
2419 2541 2542 2602 illa
2608 2540 2787 2601 bona
2851 2539 3195 2601 invadere

591 2644 789 2706 nullo
840 2645 1043 2706 modo
1090 2648 1459 2726 potuisset
1502 2648 1643 2708 nisi
1691 2655 1973 2708 mortuo
2020 2644 2319 2707 Bostare
2367 2695 2380 2708 .
2492 2663 2501 2670 ·
3226 2651 3283 2691 ²⁰

767 2751 924 2815 Kave
970 2752 1083 2814 hoc
1129 2754 1256 2836 fiat,
1302 2752 1470 2834 Verg.
1518 2754 1661 2817 Aen.
1709 2752 1789 2814 XI
1838 2753 2022 2827 (293)
2071 2762 2178 2815 ast
2236 2755 2452 2816 armis
2508 2763 2955 2817 concurrant
3008 2773 3195 2815 arma

592 2868 837 2922 cavete
895 2907 910 2921 .
964 2860 1109 2922 kave
1165 2861 1322 2922 illam
1380 2880 1534 2943 rem,
1590 2861 1709 2922 Cic.
1767 2861 1976 2941 Philip.
2033 2861 2055 2920 1
2118 2862 2356 2937 [11,28)
2412 2870 2480 2924 et
2536 2861 2749 2923 simul
2813 2862 3200 2923 admonent

593 2967 951 3049 quiddam,
996 2968 1179 3048 quod
1228 2967 1662 3050 cavebimuS,
1711 2968 1823 3029 Sal.
1872 2968 2007 3030 hist.
2047 2968 2125 3027 111
2174 2968 2532 3031 cavendus
2579 2968 2787 3029 dolus
2835 2978 2960 3030 est.
3052 2968 3197 3028 kave

592 3073 732 3155 illis,
789 3074 907 3135 Cic.
955 3074 1162 3155 Philip.
1212 3075 1235 3134 Ι
1284 3075 1448 3153 (2,6)
1505 3076 1859 3157 veterani,
1915 3075 2179 3155 quibus
2232 3075 2347 3136 hic
2402 3075 2574 3136 ordo
2631 3075 3199 3155 diligentissime

592 3190 879 3242 caverat
924 3228 938 3242 .
985 3181 1128 3242 kave
1177 3180 1250 3242 ab
1296 3181 1441 3263 illis,
1497 3181 1612 3242 Sal.
1661 3181 1827 3243 Catil.
1866 3181 2072 3258 (52‚3)
2120 3200 2374 3243 cavere
2422 3181 2502 3243 ab
2548 3182 2700 3245 illis
2748 3184 2994 3264 magis,
3042 3182 3197 3243 idem
3229 3187 3284 3227 ²⁵

591 3288 728 3349 hist.
767 3287 847 3347 111
885 3287 1179 3349 kaveret
1222 3290 1620 3368 imperator
1657 3308 1689 3349 a
1736 3289 2043 3368 perfuga
2093 3287 2487 3370 Celtibero,
2531 3289 2666 3351 Ter.
2713 3289 2863 3351 Eun.
2904 3290 2996 3362 (V
3017 3290 3200 3365 2‚44)

891 3403 1060 3455 tunc
1108 3394 1223 3473 pol
1272 3394 1406 3457 tibi
1454 3395 1537 3456 ah
1585 3398 1727 3457 isto
1775 3394 2044 3456 Cherea
2093 3395 2480 3457 cavendum
2528 3397 2862 3475 intelligo
2912 3445 2924 3457 .

771 3499 963 3561 Kareo
1011 3501 1107 3562 illa
1155 3521 1247 3584 re,
1293 3501 1464 3581 Verg.
1513 3521 1711 3583 georg.
1760 3503 1870 3563 1111
1917 3503 2111 3577 (472)
2159 3503 2688 3585 simulacraque
2742 3504 2903 3565 luce
2951 3521 3200 3565 caren-

772 3683 953 3739 Codex
993 3682 1292 3738 Parrhasii
1364 3690 1395 3738 2
1433 3684 1545 3755 res]
1584 3702 1643 3739 re
1787 3691 1820 3739 3
1858 3683 1940 3739 rei
1966 3700 2069 3741 om.
2213 3683 2516 3756 Hostilius]
2556 3685 2812 3741 hostibus
2958 3691 3025 3739 10
3061 3684 3202 3756 illis]

591 3762 743 3817 illius
917 3768 981 3817 13
1019 3762 1197 3834 more]
1236 3762 1296 3817 iu
1332 3779 1426 3818 ore
1598 3769 1668 3818 20
1705 3763 1908 3821 Bostar
2085 3769 2151 3820 21
2202 3764 2305 3837 ΧΙ]
2351 3765 2457 3819 XII
2626 3769 2964 3822 concurrunt
3131 3773 3201 3820 22

591 3844 759 3914 Philp
783 3845 1084 3979 3121„deoe
1120 3844 1234 3899 loco
1393 3850 1460 3899 26
1498 3844 1704 3900 kavere
1749 3844 2090 3915 imperatore
2138 3861 2240 3915 per
2283 3846 2436 3916 kaga
2472 3845 2749 3903 Celtibero
2904 3852 2973 3901 28
3009 3845 3204 3901 Kaveo

595 3940 734 3980 corr.
899 3941 966 3981 eo

775 4091 802 4141 1
844 4089 903 4141 et
936 4085 1142 4141 fiducia
1177 4085 1288 4142 suis
1328 4086 1384 4140 P
1416 4091 1467 4141 et
1502 4086 1669 4142 codex
1706 4086 1934 4141 Heineii
1966 4087 2033 4142 in
2079 4087 2235 4158 Vei-9.
2264 4087 2402 4144 Aen.
2438 4086 2585 4141 XII
2610 4091 2746 4156 596,
2783 4088 2928 4157 quod
2963 4087 3207 4155 defendit

595 4167 897 4222 Houvenus
926 4183 987 4236 p.
1027 4170 1135 4232 45,·
1183 4166 1242 4221 et
1276 4166 1481 4222 fiducia
1517 4165 1603 4220 sui
1641 4167 1911 4221 Heinsius
1945 4169 2010 4223 in
2057 4168 2237 4225 Valer.
2275 4168 2469 4224 Flaec.
2519 4168 2574 4222 V
2604 4173 2740 4237 551,
2778 4185 2845 4224 ex
2880 4168 3084 4224 fiducia
3119 4167 3208 4222 sui

599 4249 1022 4303 Lindemannue
1198 4252 1230 4301 3
1280 4245 1339 4301 L.
1387 4245 1660 4302 Hostilius
1713 4245 2078 4302 Ruhnkenius
2130 4249 2194 4302 in
2258 4248 2439 4304 Vellei.
2496 4249 2583 4302 II
2629 4254 2724 4316 68,
2725 4252 2788 4318 3,
2866 4250 2927 4303 L.
2974 4248 3206 4303 Hostius

597 4327 1016 4383 Lindemannus
1160 4332 1228 4383 10
1266 4326 1380 4382 Sal.
1419 4327 1550 4383 hist.
1589 4326 1640 4398 1]
1676 4326 1885 4382 Donat.
1924 4329 1991 4384 in
2022 4328 2141 4384 Ter.
2172 4329 2404 4399 Adelph.
2437 4330 2481 4383 I
2503 4333 2634 4398 2,13
2779 4334 2848 4383 14
2883 4330 3205 4403 Introitum]

599 4410 750 4465 Serv.
786 4409 851 4464 in
898 4407 1054 4477 Very.
1092 4406 1230 4461 Aen.
1273 4406 1336 4461 X
1371 4412 1506 4464 628.
1547 4407 1654 4462 ΧΙ
1676 4413 1793 4465 230
1937 4408 2020 4464 ita
2046 4408 2105 4464 in
2133 4412 2320 4465 castra
2346 4409 2662 4465 Dietechiioe
2688 4408 2826 4466 Sall.
2854 4411 2976 4465 hiet.
3004 4410 3205 4481 fragm.

591 4506 651 4560 p.
689 4493 799 4544 107
838 4528 851 4543 .
889 4487 1092 4543 codicis
1136 4488 1469 4557 scripturam
1512 4490 1577 4543 in
1622 4488 1881 4544 Sallustii
1923 4489 2102 4544 verbis
2147 4495 2331 4546 tuetur
2373 4490 2602 4547 Servius
2768 4496 2836 4544 21
2876 4492 3211 4545 concurrant

613 4566 887 4638 Veryilius
1028 4573 1097 4621 23
1138 4568 1251 4623 Sal.
1289 4567 1417 4623 hist.
1459 4567 1565 4640 III]
1601 4568 1668 4623 in
1701 4569 1952 4623 oratione
1989 4570 2185 4626 Macri
2218 4570 2260 4641 5
2294 4575 2375 4628 20
2536 4576 2604 4625 26
2642 4572 2867 4625 caveret
2901 4568 3210 4640 imperator

600 4664 635 4702 a
670 4647 908 4718 perfuga
944 4645 1226 4703 Celtibero
1262 4647 1577 4703 Dietschius
1613 4648 1751 4705 Sall.
1806 4649 1931 4703 hist.
1980 4649 2179 4721 fraym.
2230 4668 2289 4720 p.
2337 4655 2442 4720 62,
2497 4652 2691 4705 cavete
2745 4650 2817 4705 ab
2871 4650 3210 4720 imperatore

601 4726 839 4798 perfuga
874 4726 1152 4783 Celtibero
1188 4728 1486 4783 coniecerat
1513 4728 1959 4796 Lindemannus,
1994 4732 2092 4800 qui
2119 4733 2313 4787 cavete
2340 4748 2408 4786 ea:
2440 4729 2491 4784 G
2518 4731 2691 4786 edidit
2832 4736 2899 4786 27
2938 4731 3011 4785 ab
3045 4732 3210 4800 istoc,

602 4824 725 4875 era,
790 4807 1097 4862 cavendum
1156 4808 1392 4877 plurimi
1452 4811 1658 4866 codices
1725 4810 1995 4879 Terentii,
2059 4812 2131 4867 ab
2194 4811 2304 4868 isto
2368 4811 2605 4868 chaerea
2667 4810 2978 4866 cavendum
3041 4811 3213 4867 codex

615 4886 969 4943 Victorianus
1009 4887 1254 4943 Terentii
