3613 5528
1387 434 1484 488 DE
1535 432 2050 488 DIFFERENTIIS
2899 431 3027 496 527

424 550 470 589 p.
495 538 615 579 2199.
644 537 751 577 2200
777 537 825 579 P.

601 621 1011 703 Corruptelam
1077 631 1138 682 et
1203 622 1665 700 corruptionem.
1776 620 2113 699 corruptela
2179 621 2304 699 ipsa
2369 638 2469 681 res
2533 627 2651 700 est,
2722 620 3027 698 corruptio

425 731 863 809 corrumpentis
908 728 1353 790 administratio.

601 835 918 898 Caerulum
952 845 1014 898 et
1050 835 1403 898 caeruleum.
1478 835 1754 897 caerulus
1791 844 2037 897 naturae
2066 834 2230 896 color
2258 840 2376 915 est,
2412 834 2723 895 caeruleus
2761 833 3025 912 [natura]

426 946 695 1023 fingitur:
740 945 821 1006 ita
868 930 1120 1006 alterum
1165 951 1284 1023 est,
1330 942 1582 1005 alterum
1627 944 1709 1003 fit.

372 1069 398 1109 5
599 1050 931 1132 Properare
988 1059 1049 1112 et
1103 1051 1401 1112 festinare.
1495 1052 1598 1130 qui
1651 1059 1934 1130 properat
1980 1061 2224 1130 apparet
2277 1067 2399 1110 non
2454 1068 2586 1110 esse
2643 1050 2865 1131 fessuS‚
2925 1050 3027 1129 qui

425 1159 666 1220 festinat
711 1158 945 1220 videtur
990 1176 1124 1219 esse
1170 1157 1539 1237 defatigatus,

599 1265 797 1327 Polire
844 1276 906 1327 et
950 1284 1184 1328 novare.
1277 1264 1532 1344 polimus
1579 1264 1776 1347 rudia,
1822 1282 2107 1326 novamus
2152 1275 2367 1326 vetera.

600 1372 871 1435 Nobilem
926 1382 987 1434 et
1044 1391 1418 1454 generosum.
1511 1371 1725 1433 nobilis
1780 1392 1813 1433 a
1869 1371 2174 1433 nobilitate
2240 1391 2472 1454 rerum,
2535 1390 2861 1452 generosus
2925 1374 3027 1452 qui

423 1498 634 1561 graece
680 1470 959 1561 εὐγενής
1003 1480 1360 1561 appellatur:
1405 1483 1484 1542 ita
1530 1480 1680 1542 alter
1726 1499 1799 1541 ex
1846 1499 1941 1562 re,
1988 1478 2138 1541 alter
2185 1499 2254 1541 ex
2302 1483 2650 1560 cognatione
2697 1488 2803 1541 est.

345 1607 397 1645 ιο
600 1586 909 1649 Nationem
970 1596 1032 1649 et
1094 1596 1346 1666 gentem.
1457 1589 1616 1648 natio
1682 1585 1874 1649 solum
1938 1589 2197 1667 patrium
2262 1591 2519 1670 quaerit,
2592 1607 2737 1668 gens
2810 1588 3027 1648 seriem

426 1697 714 1756 maiorum
759 1694 1025 1775 explicat.

599 1801 959 1883 Praeparare
990 1810 1051 1864 et
1078 1821 1436 1884 comparare.
1512 1820 1866 1884 praeparare
1903 1805 2098 1885 prius,
2136 1819 2479 1882 comparare
2508 1799 2771 1880 undique
2801 1820 3025 1881 parare.

604 1908 843 1971 Guttam
890 1918 952 1971 et
995 1909 1226 1971 stillam.
1319 1918 1485 1989 gutta
1530 1919 1756 1992 manet,
1803 1909 1958 1972 stilla
2004 1910 2176 1971 cadit.

600 2016 928 2078 Convenire
976 2026 1037 2078 et
1082 2019 1302 2078 coire..
1352 2019 1629 2078 convenit
1674 2019 1735 2078 in
1781 2035 1995 2092 unum,
2043 2019 2162 2078 coit
2207 2019 2267 2078 in
2315 2025 2460 2077 aeta.

345 2142 396 2184 ιε»
600 2123 848 2185 Causam
887 2133 947 2186 et
991 2126 1386 2205 patrocinium
1421 2131 1483 2185 et
1521 2126 1864 2186 orationem.
1957 2143 2133 2185 causa
2172 2133 2263 2185 est
2300 2123 2372 2184 de
2412 2142 2527 2203 qua
2565 2126 2785 2206 agitur,
2828 2134 3023 2205 patro·

424 2232 643 2292 ciuium
691 2230 847 2310 quod
894 2231 1408 2310 adcommodatur,
1453 2233 1641 2292 oratio
1689 2249 1839 2311 quae
1886 2230 2165 2311 loquitur.

602 2338 952 2418 superbiam
998 2349 1059 2401 et
1104 2339 1521 2419 adrogantiam.
1611 2337 1891 2418 superbia
1937 2348 2029 2400 est
2074 2357 2106 2398 a
2162 2338 2642 2420 superhabendo‚
2687 2337 3026 2418 adrogantia

424 2447 598 2505 etiam
645 2447 705 2506 in
752 2464 1074 2527 pauperem
1121 2445 1293 2507 cadit.

602 2555 868 2616 Scrutari
915 2563 977 2616 et
1021 2571 1325 2635 quaerere.
1418 2562 1720 2615 scrutatur
1774 2557 1836 2615 in
1894 2564 1952 2615 te
2008 2554 2103 2615 ille
2151 2558 2252 2635 qui
2301 2574 2333 2614 a
2380 2563 2438 2615 te
2485 2556 2788 2633 intercipit
2834 2553 3025 2634 aliqua

341 2681 396 2718 20
424 2670 680 2723 secreta:
727 2680 1017 2742 quaerere
1062 2662 1181 2723 duo
1227 2664 1542 2744 significat,
1590 2662 1679 2722 vel
1726 2663 1883 2742 quod
1933 2662 2126 2744 abest,
2174 2662 2263 2723 vel
2303 2663 2458 2742 quod
2499 2662 2567 2723 ad
2606 2664 3025 2742 patrimonium

422 2760 698 2831 refertur.

599 2877 876 2939 Adnuere
924 2886 986 2939 et
1029 2881 1298 2940 innuere.
1390 2880 1586 2940 innuit
1639 2878 1729 2939 vel
1785 2880 1976 2958 capite
2034 2878 2127 2938 vel
2182 2877 2528 2958 supercilio,
2581 2877 2786 2939 adnuit
2843 2878 2913 2937 ad
2962 2882 3029 2939 id

424 2984 581 3064 quod
629 2984 852 3046 dictum
901 2985 990 3046 vel
1038 2985 1257 3046 sactum
1304 2995 1413 3047 est.

601 3091 856 3154 Gnatum
902 3102 962 3155 et
1010 3102 1229 3154 natum.
1323 3099 1536 3172 gnatus
1582 3091 1767 3172 filius,
1815 3100 1988 3163 natus
2035 3091 2125 3152 vel
2172 3090 2386 3171 pulluS.

342 3218 395 3257 25
601 3199 947 3262 Insimulare
1014 3210 1075 3261 et
1138 3200 1435 3262 simulare.
1545 3201 1648 3279 qui
1713 3198 2015 3260 insimulat
2090 3199 2178 3259 vel
2252 3201 2447 3280 arguit
2510 3200 2599 3260 vel
2664 3202 2857 3281 fingit,
2921 3202 3023 3280 qui

423 3306 661 3370 simulat
705 3307 958 3388 probare
1006 3307 1131 3368 vult
1177 3308 1332 3388 quod
1385 3326 1502 3368 non
1549 3315 1657 3368 est.
1699 3307 1709 3381 Ι

599 3413 897 3476 Proelium
945 3426 1005 3476 et
1059 3414 1296 3476 bellum.
1388 3413 1608 3475 bellum
1664 3415 1842 3474 etiam
1898 3415 2025 3474 sine
2079 3414 2306 3493 proelio
2359 3423 2479 3497 est,
2534 3433 2670 3475 cum
2715 3414 3024 3497 indicitur3

421 3521 712 3603 proelium
761 3520 876 3600 [in]
924 3525 1051 3603 ipsa
1096 3540 1309 3602 pugna.

600 3792 632 3838 3
672 3782 969 3839 Caerulum
1005 3783 1161 3839 Beda
1198 3788 1402 3851 267‚14
1545 3789 1614 3836 22
1655 3782 1806 3836 Inter
1843 3782 2087 3837 adnuere
2125 3785 2183 3837 et
2217 3783 2443 3839 innuere
2491 3788 2550 3838 et
2594 3783 2835 3839 abnuere
2876 3823 2890 3836 .
2930 3783 3024 3837 ad-

423 3864 546 3918 nuit
598 3865 671 3919 ad
735 3865 885 3933 quod
942 3864 1153 3920 dictum
1208 3867 1319 3933 est,
1373 3862 1439 3937 id
1488 3860 1577 3917 est
1622 3863 1906 3933 promisit,
1962 3864 2148 3918 innuit
2202 3866 2393 3919 autem
2447 3865 2774 3934 supercih'0‚
2828 3866 3026 3920 abnuit

421 3944 652 4015 negavit
685 3946 798 4001 cod.
839 3945 1022 4000 Mont.

605 4213 630 4258 1
675 4203 1059 4275 Corruptelam
1087 4205 1146 4257 et
1182 4201 1593 4273 corruptionem
1635 4244 1646 4256 .
1686 4200 2006 4272 corruptela
2040 4202 2164 4271 ipsa
2199 4219 2287 4256 res
2324 4204 2411 4256 est
2446 4217 2505 4268 5,
2547 4199 2930 4273 corruptelam
2969 4207 3027 4258 et

423 4283 837 4353 corruptionem
873 4283 1192 4353 corruptela
1217 4283 1343 4352 ipsa
1369 4288 1399 4337 ὃ
1431 4285 1441 4350 Ι
1473 4281 1890 4351 corruptionem
1917 4282 2236 4353 corruptela
2262 4282 2386 4353 ipsa
2414 4288 2443 4336 e
2471 4282 2538 4336 N
2675 4289 2707 4336 3
2738 4283 3024 4338 caeruleus

423 4366 655 4437 fingitur
684 4365 860 4432 Beda,
898 4363 1184 4419 caeruleus
1219 4365 1475 4418 naturam
1513 4362 1676 4432 fingit
1702 4377 1736 4419 5
1881 4368 1913 4415 5
1950 4364 2112 4432 paret
2146 4379 2258 4417 non
2294 4378 2412 4416 esse
2449 4362 2621 4416 fessus
2648 4362 2716 4415 N
2728 4377 2762 4419 5
2790 4367 3027 4431 apparet

423 4464 533 4501 non
570 4463 686 4502 esse
720 4447 930 4501 fessum
966 4444 1133 4499 editio
1168 4443 1502 4498 Basz‘leemis
1662 4448 1695 4497 8
1733 4442 1938 4497 nobilis
1972 4444 2030 4514 a]
2077 4443 2322 4498 nobilem
2360 4457 2394 4500 5
2554 4447 2586 4496 9
2623 4442 2929 4497 evm-:Nec
2964 4444 3031 4497 N

500 4533 563 4580 11
605 4525 850 4596 explicat
883 4541 984 4581 om.
1023 4538 1058 4583 5
1203 4530 1270 4579 14
1306 4523 1424 4578 coit
1456 4521 1671 4577 inactat
1705 4522 1773 4577 N
1803 4523 1921 4577 coit
1955 4523 2014 4577 in
2051 4539 2085 4582 5
2122 4524 2237 4579 coit
2271 4524 2329 4579 in
2368 4522 2575 4578 multos
2614 4523 2914 4579 Fabricius

427 4613 491 4663 16
527 4608 760 4674 sonasse
795 4622 938 4675 quae
975 4603 1256 4674 loquimur
1400 4608 1466 4657 19
1503 4601 1602 4658 ille
1647 4605 1746 4674 qui
1794 4605 2081 4676 intercipit
2115 4620 2150 4663 5
2185 4602 2274 4658 illi
2310 4601 2407 4673 qui
2445 4604 2505 4657 at
2539 4603 2803 4673 tinterciii
2839 4605 2926 4672 N,
2961 4607 3025 4661 in

422 4704 529 4757 quo
564 4686 654 4756 cip
690 4702 804 4741 non
840 4690 983 4741 certo
1018 4684 1288 4754 apparuit
1429 4689 1498 4738 20
1534 4682 1696 4739 abest
1731 4698 1765 4743 5
1800 4685 2002 4739 habeat
2037 4685 2103 4739 N
2238 4690 2304 4738 21
2342 4683 2603 4755 refertur]
2640 4684 2884 4753 pertinet
2918 4699 2953 4744 5

424 4775 492 4822 22
531 4766 730 4822 annuit
764 4766 838 4821 ad
874 4765 932 4821 id
961 4764 1110 4834 quod
1137 4763 1349 4819 dictum
1374 4764 1468 4818 vel
1503 4762 1713 4818 factum
1752 4768 1839 4820 est
1875 4764 2193 4828 Fabricitae,
2230 4761 2427 4816 adnuit
2463 4762 2534 4816 ad
2566 4765 2576 4830 Ι
2608 4762 2757 4832 quod
2794 4763 2947 4819 dictu
2986 4771 3021 4818 ᾗ

423 4864 558 4918 porc
595 4889 606 4901 .
649 4889 661 4900 .
701 4888 713 4901 .
752 4845 819 4900 N
848 4845 1047 4900 annuit
1091 4844 1162 4898 ad
1207 4844 1357 4914 quod
1393 4843 1604 4899 dictum
1640 4845 1732 4899 uel
1770 4860 1804 4902 5
1974 4851 2043 4898 24
2079 4844 2245 4897 natus
2280 4842 2468 4913 pullus
2504 4857 2554 4900 5.
2590 4842 2821 4910 fortasse
2856 4846 3022 4898 natus

424 4927 594 4983 etiam
630 4926 817 4997 pullus
961 4930 1028 4981 28
1066 4925 1339 4996 proelium
1373 4928 1499 4995 ipsa
1533 4940 1724 4996 pugna
1759 4940 1793 4982 5
