3613 5528
601 408 731 477 518
1474 407 1847 484 [cosmam
1899 403 2342 482 memoras]

598 597 996 660 Basileensem
1043 607 1103 659 et
1149 597 1465 660 Putschius
1514 609 1575 660 et
1621 600 1912 679 Georgius
1958 599 2264 660 Fabricius
2325 594 2879 659 ‘Grammaticorum
2933 606 3203 658 veterum

599 705 779 767 libelli
850 705 924 766 de
995 708 1359 787 proprietate
1424 715 1484 767 et
1548 707 1899 768 differentiis
1968 708 2259 767 sermonis
2324 700 2538 767 Latini’
2614 704 2845 785 Lipsiae
2909 724 2959 765 a.
3029 701 3200 765 1569

599 814 789 878 secuti
854 821 1016 895 sunt,
1084 832 1117 872 e
1182 812 1398 893 quihus
1462 812 1784 875 Putschius
1851 813 2091 892 quidem
2155 831 2367 894 pauca,
2441 811 2744 873 Fabricius
2811 831 2950 872 vero
3015 810 3201 872 multa

599 937 704 980 sua
787 923 1128 981 coniectura
1211 923 1473 981 mutavit.
1610 920 1864 982 Fabricii
1954 920 2271 982 editionem
2361 919 2574 981 deinde
2655 919 3056 981 Gothofredus
3139 920 3200 978 in

597 1026 941 1088 auctoribus
1003 1027 1216 1087 latinae
1277 1027 1512 1107 linguae
1579 1029 1854 1109 repetivit
1916 1076 1928 1087 .
1989 1035 2195 1108 postea
2266 1028 2523 1087 inventis
2595 1026 2868 1106 epistulis
2940 1034 3000 1086 et
3070 1043 3200 1085 ora·

600 1134 860 1196 tionibus
906 1134 1223 1195 Frontonis
1271 1135 1491 1196 factum
1539 1144 1630 1196 est
1678 1144 1743 1196 ut
1788 1135 1886 1195 hic
1934 1153 2171 1214 quoque
2217 1134 2396 1215 liber,
2452 1137 2731 1213 quoniam
2776 1132 2912 1193 inde
2959 1151 2992 1191 a
3037 1134 3199 1211 prin-

598 1243 728 1322 cipe
775 1241 1038 1326 editione
1085 1243 1324 1301 nomine
1362 1241 1681 1303 Frontonis
1719 1244 2043 1321 inscriptus
2083 1240 2410 1322 ferebatur,
2457 1241 2654 1301 denuo
2694 1239 2989 1300 ederetur.
3064 1257 3198 1299 nam

598 1351 857 1428 primum
903 1348 1090 1409 Maius
1136 1367 1275 1408 eum
1322 1348 1566 1409 editioni
1613 1349 1934 1410 Frontonis
1974 1347 2394 1409 Mediolanensi
2443 1348 2685 1428 adiecit;
2733 1345 2837 1408 sed
2874 1348 2927 1406 is
2963 1353 3200 1426 praeter

595 1474 818 1536 paucos
864 1455 1053 1536 locos,
1099 1457 1158 1516 in
1208 1455 1426 1534 quibus
1472 1458 1837 1536 antiquiores
1884 1456 2176 1517 editiones
2221 1453 2514 1535 adhibuit,
2564 1454 2833 1515 Putschii
2880 1454 3199 1515 editionem

598 1565 893 1643 expressit
938 1610 951 1623 .
1007 1562 1220 1623 deinde
1276 1562 1433 1623 idem
1488 1562 1639 1624 liber
1693 1572 1974 1643 receptus
2029 1570 2123 1623 est
2176 1564 2237 1622 in
2292 1562 2612 1624 editionem
2667 1560 3110 1623 Berolinensem
3166 1580 3198 1619 a

601 1669 927 1731 Niebuhrio
995 1678 1058 1731 et
1119 1672 1247 1730 eius
1312 1672 1517 1731 amicis
1585 1671 1823 1751 iactam,
1888 1672 1951 1730 in
2015 1688 2131 1749 qua
2184 1667 2607 1751 ButtmannuS,
2671 1671 2775 1748 qui
2839 1668 2979 1729 huic
3046 1669 3201 1748 parti

596 1781 795 1858 operis
832 1777 1114 1858 praefuit,
1152 1786 1212 1838 et
1249 1776 1535 1838 lectiones
1571 1780 1840 1858 priorum
1878 1778 2207 1838 editionum
2245 1784 2305 1836 et
2342 1794 2481 1837 suas
2509 1775 2942 1857 adnotationes,
2980 1793 3202 1854 paucas

600 1886 775 1944 etiam
814 1883 1139 1945 Heindorfii
1178 1884 1451 1962 adposuit
1482 1933 1494 1944 .
1523 1884 1737 1945 horum
1776 1886 1964 1965 copiis
2001 1883 2257 1963 denique
2286 1883 2474 1943 Maius
2503 1886 2562 1943 in
2592 1882 2854 1943 Romana
2882 1883 3201 1943 Frontonis

599 1991 857 2052 editione
906 2010 1052 2053 usus
1100 2001 1205 2053 est.

774 2097 962 2181 Haec,
1008 2117 1158 2179 quae
1205 2097 1350 2159 mihi
1398 2098 1625 2159 collatis
1673 2102 1830 2159 inter
1877 2117 1939 2159 se
1989 2097 2424 2178 exemplaribus
2469 2098 2608 2158 olim
2663 2101 2971 2179 impressis
3026 2098 3199 2159 facile

599 2214 1031 2286 apparuerunt,
1077 2208 1373 2288 enarravi,
1421 2214 1489 2267 ut
1533 2223 1653 2266 uno
1691 2205 2075 2286 Neapolitano
2113 2204 2315 2265 codice
2364 2204 2523 2265 hunc
2569 2204 2833 2266 libellum
2881 2208 3201 2267 memoriae

597 2313 898 2393 proditum
945 2330 1078 2373 esse
1133 2311 1595 2391 intellegeretur.
1688 2331 1760 2373 ex
1818 2331 1935 2392 quo
1993 2311 2167 2373 simul
2224 2311 2366 2372 illud
2426 2321 2697 2393 apparet,
2754 2331 2970 2373 nomen
3015 2312 3197 2373 Fron·

603 2422 760 2481 tonis
806 2422 865 2480 in
912 2422 1182 2500 principe
1229 2420 1490 2481 editione
1536 2420 1800 2481 additum
1850 2420 2069 2480 nullam
2115 2422 2529 2481 auctoritatem
2575 2418 2822 2500 habere,
2879 2419 2983 2479 sed
3030 2419 3121 2480 vel
3166 2438 3198 2478 a

598 2526 911 2588 Parrhasio
959 2527 1049 2588 vel
1094 2526 1167 2587 ab
1215 2547 1285 2587 eo
1335 2529 1435 2606 qui
1482 2526 1911 2608 apographum,
1962 2545 2080 2605 quo
2126 2526 2225 2586 ille
2275 2526 2577 2607 utebatur,
2624 2527 2848 2587 fecerat
2895 2528 3198 2587 inventum

598 2653 746 2695 esse.
840 2635 1033 2696 eidem
1080 2636 1307 2696 auctori
1348 2632 1420 2693 ab
1457 2632 1618 2694 Italis
1656 2635 1933 2695 Arusiani
1968 2633 2170 2695 Messii
2215 2634 2481 2714 exempla
2528 2633 2929 2695 elocutionum
2976 2631 3199 2692 tributa

598 2761 729 2803 esse
776 2761 955 2824 supra
1000 2761 1055 2823 p.
1103 2739 1238 2803 444
1282 2740 1420 2802 dixi.
1512 2741 1584 2802 de
1632 2743 2011 2821 grammatica
2057 2749 2256 2803 autem
2302 2740 2619 2802 Frontonis
2675 2741 2944 2804 doctrina
2999 2742 3061 2821 ii·
3098 2740 3199 2819 qui

596 2852 709 2912 hoc
755 2854 1147 2912 instituerunt
1184 2850 1465 2931 Gellium,
1511 2867 1542 2909 a
1590 2868 1709 2929 quo
1757 2868 1932 2930 saepe
1978 2848 2138 2909 illius
2186 2850 2545 2910 mentionem
2593 2850 2804 2911 factam
2853 2867 2982 2910 esse
3032 2865 3197 2928 repe-

597 2958 856 3041 riebant,
902 2967 1206 3019 auctorem
1254 2957 1530 3017 videntur
1577 2959 1768 3017 secuti
1815 2975 1965 3017 esse.
2058 2974 2174 3016 non
2223 2958 2507 3015 maiorem
2564 2956 2740 3017 iidem
2803 2954 2981 3016 habet
3025 2953 3201 3014 Plinii

599 3084 840 3146 nomen,
897 3065 1054 3144 quod
1104 3063 1540 3124 Lindemannus
1598 3066 1656 3124 in
1716 3065 1831 3123 fine
1879 3063 2155 3124 editionis
2203 3063 2453 3124 Charisii
2500 3082 2553 3141 p.
2608 3058 2730 3123 176
2779 3064 3002 3142 posuit,
3062 3080 3201 3122 cum

596 3174 1126 3252 praescriptionem
1188 3170 1325 3231 libri
1388 3170 1501 3230 hoc
1575 3170 1746 3231 modo
1822 3174 2102 3252 scriptam
2176 3170 2506 3250 exhiberet,
2584 3172 2810 3246 Incipit
2882 3188 3046 3231 nunc
3111 3171 3199 3229 Pl.

599 3281 870 3341 Secundi
924 3280 1277 3353 differentia
1331 3279 1653 3339 verborum
1709 3285 1768 3338 et¹
1822 3281 2140 3339 nominum.
2236 3288 2502 3338 ceterum
2558 3295 2673 3356 qua
2720 3285 2908 3337 aetate
2965 3275 3199 3336 libellus

599 3387 858 3466 scriptus
922 3392 1108 3467 esset,
1174 3403 1350 3464 quem
1417 3384 1590 3462 paulo
1654 3386 2051 3464 antiquiorem
2110 3404 2242 3445 esse
2288 3392 2460 3465 puto,
2521 3401 2698 3463 quam
2754 3382 3041 3464 plurimos
3098 3384 3200 3463 qui

601 3510 758 3552 nunc
796 3499 1121 3572 supersunt
1157 3493 1613 3552 commentarios
1651 3489 1723 3550 de
1770 3490 2147 3566 differentiiS‚
2195 3493 2418 3551 certius
2456 3490 2690 3551 definiri
2725 3498 2956 3573 posset,
3001 3489 3199 3570 siquid

600 3599 672 3659 de
720 3600 1016 3660 Antonino
1062 3599 1441 3679 grammatico
1487 3617 1544 3678 p.
1592 3593 1831 3680 525,22
1877 3598 2166 3678 appellato
2213 3604 2585 3678 compertum
2630 3597 3002 3659 haberemus,

775 3707 843 3768 In
888 3726 1038 3768 nova
1086 3706 1345 3768 editione
1392 3705 1709 3766 lectionem
1755 3705 1828 3766 ad
1876 3706 2052 3767 sidem
2108 3705 2332 3767 codicis
2378 3703 2772 3788 Neapolitani,
2836 3724 3013 3786 quem
3060 3704 3198 3765 olim

602 3832 738 3876 cum
792 3813 1062 3876 Putschii
1117 3814 1375 3875 editione
1432 3812 1829 3894 contuleram,
1883 3816 2151 3874 revocavi
2200 3861 2212 3873 .
2270 3815 2330 3872 in
2386 3811 2761 3874 adnotatione
2819 3812 3086 3873 subiecta
3141 3820 3201 3872 et

601 3922 822 3982 codicis
870 3930 929 3982 et
972 3923 1259 4002 principis
1315 3920 1591 3981 editionis
1646 3920 2102 4001 discrepantiam
2157 3923 2444 3999 integram
2503 3917 2770 4000 exhibui3
2825 3938 2897 3980 ex
2952 3919 3199 3998 reliquis

601 4027 958 4090 editionibus
1014 4047 1081 4089 ea
1139 4046 1288 4107 quae
1345 4027 1744 4088 memorabilia
1801 4048 1933 4089 esse
1986 4027 2337 4088 videbantur
2393 4026 2590 4087 addidi
2637 4074 2650 4086 .
2695 4034 3005 4106 praeterea
3059 4045 3195 4088 cum

600 4135 761 4197 Beda
807 4137 867 4195 in
915 4135 1394 4216 orthographiam
1441 4154 1607 4196 suam
1655 4136 1942 4214 quaedam
1990 4155 2060 4195 ex
2118 4135 2229 4195 hoc
2285 4134 2437 4195 libro
2493 4136 2845 4215 recepisset,
2898 4135 2960 4194 in
3017 4133 3197 4194 altera

600 4243 993 4304 adnotationis
1057 4251 1224 4323 parte
1297 4242 1460 4302 locos
1532 4240 1692 4302 illius
1767 4245 1870 4322 qui
1942 4242 2059 4304 huc
2125 4244 2425 4323 pertinent
2487 4259 2692 4301 omnes
2758 4239 3012 4301 indicavi
3068 4288 3082 4300 .
3137 4242 3197 4300 in

601 4352 809 4413 eodem
864 4350 994 4411 loco
1059 4368 1246 4431 pauca
1309 4368 1380 4410 ex
1435 4349 1640 4409 codice
1694 4348 2211 4430 Montepessulano
2265 4345 2395 4410 306
2455 4367 2609 4408 nono
2676 4347 2911 4409 saeculo
2976 4349 3199 4428 scripto

602 4467 907 4540 excerpta,
955 4476 1104 4537 quae
1151 4459 1277 4537 ipsa
1326 4476 1562 4537 quoque
1611 4476 1683 4517 ex
1729 4456 1843 4517 hoc
1882 4456 2032 4516 libro
2070 4459 2252 4537 petita
2292 4461 2458 4537 sunt,
2503 4457 2676 4534 posui
2715 4502 2727 4514 .
2767 4456 2829 4514 in
2877 4473 2948 4514 eo
2994 4453 3198 4515 codice

601 4569 760 4627 enim
824 4574 1062 4646 praeter
1116 4565 1259 4625 alios
1315 4565 1388 4624 de
1445 4566 1794 4625 differentiis
1850 4563 2270 4624 vocabulorum
2326 4563 2779 4623 commentarios
2839 4562 2877 4621 s.
2935 4557 3197 4623 36-58

601 4673 818 4752 legitur
864 4672 1261 4752 amplissimus
1299 4670 1373 4731 de
1411 4670 1522 4732 hoc
1560 4689 1777 4751 genere
1818 4669 1968 4731 liber
2005 4670 2211 4731 ordine
2249 4670 2580 4731 litterarum
2623 4668 2973 4746 disposituS‚
3020 4684 3197 4745 quem

605 4779 903 4841 Duebneri
948 4798 1126 4860 opera
1174 4779 1537 4858 descriptum
1584 4776 1896 4859 habebam,
1943 4782 2122 4855 incip.
2161 4778 2550 4852 differentiae
2585 4779 2869 4837 similium
2905 4775 3200 4834 orationis

596 4890 868 4965 partium
916 4906 956 4947 a
1011 4889 1301 4948 Cicerone
1346 4893 1404 4946 et
1451 4887 1527 4946 ab
1575 4889 1714 4946 aliis
1757 4887 2131 4962 sapientibus
2187 4888 2337 4945 viris
2390 4888 2454 4945 in
2507 4902 2686 4945 sensu
2732 4891 2792 4943 et
2845 4885 3198 4943 litteratura
