3613 5528
1408 455 1505 512 DE
1560 455 2069 512 DIFFERENTIIS
2922 452 3054 518 523

446 571 491 608 p.
518 559 639 600 2194.
669 559 776 601 8195
805 557 855 602 Ρ.

451 644 601 704 fama
654 643 745 704 vel
801 642 1174 704 commendat
1227 642 1319 703 vel
1372 641 1653 724 destruit,
1715 661 1922 704 rumor
1976 641 2213 704 indicat.
2304 642 2506 720 opinio
2563 640 2849 721 ostendit,
2905 641 3057 700 fama

450 750 698 824 iudicat,
744 768 952 812 rumor
997 750 1412 812 tumultuatur.
1464 744 1472 834 Ι

636 861 1086 931 Querimoniam
1125 866 1185 921 et
1219 861 1548 935 querelam.
1639 859 2009 939 querimonia
2047 864 2244 918 certae
2281 856 2371 917 rei
2408 864 2527 935 est,
2572 854 2811 934 querela
2850 871 3055 934 super·

449 983 630 1027 vacua
679 975 787 1028 est.
876 968 1078 1046 itaque
1124 968 1291 1045 prior
1338 967 1670 1047 gravitatis,
1715 967 2013 1046 posterior
2059 964 2315 1025 levitatis
2360 970 2469 1022 est.

396 1087 422 1125 ⁵
626 1071 1018 1151 Transfugam
1064 1080 1124 1132 et
1169 1072 1494 1152 perfugam.
1586 1071 1889 1150 transfuga
1954 1088 2095 1131 suos
2148 1069 2391 1149 reliquit
2445 1078 2507 1130 et
2559 1068 2632 1129 ad
2687 1069 2833 1130 alios
2878 1069 3056 1149 venit,

451 1178 696 1257 perfuga
743 1178 991 1259 supplex
1039 1187 1146 1240 est.
1239 1195 1383 1256 ergo
1430 1178 1733 1256 transfuga
1781 1195 1817 1234 *
1862 1185 1928 1237 ut
1974 1175 2301 1236 adiuvetur.

626 1283 799 1346 Hunc
847 1293 907 1345 et
951 1286 1133 1346 istum
1182 1292 1241 1344 et
1287 1283 1453 1345 illum
1501 1294 1561 1343 et
1607 1301 1759 1344 eum.
1853 1283 2011 1344 hunc
2068 1290 2127 1342 et
2182 1284 2362 1344 istum
2420 1285 2482 1343 in
2516 1284 2806 1363 proximo
2862 1291 3052 1364 notat3

450 1390 615 1452 illum
671 1391 932 1453 ostendit
989 1392 1230 1472 quidem
1281 1390 1455 1470 longe
1513 1399 1793 1471 stantem,
1860 1390 1962 1450 sed
2019 1392 2081 1450 in
2141 1398 2497 1472 conspectu3
2559 1408 2696 1451 eum
2752 1390 3054 1452 absentem

451 1498 651 1559 refert.

372 1622 423 1660 10
627 1603 894 1667 Glorium
957 1599 1056 1666 et⁸
1080 1605 1403 1685 gloriosum
1469 1615 1531 1666 et
1588 1605 1986 1685 gloriatorem.
2096 1604 2320 1685 glorius
2392 1606 2571 1665 unius
2644 1613 2736 1665 est
2807 1605 3055 1686 gloriae3

448 1709 728 1791 gloriator
793 1729 912 1772 non
977 1709 1156 1771 habet
1218 1729 1457 1773 causam
1528 1710 1845 1792 gloriandi,
1924 1710 2027 1771 sed
2103 1719 2301 1772 tamen
2372 1710 2690 1793 gloriatur3
2763 1712 3055 1793 gloriosus

449 1817 723 1896 pluribus
768 1837 840 1880 ex
888 1820 1083 1879 causis
1130 1837 1263 1878 esse
1310 1819 1558 1897 cogitur.

624 1924 1023 2004 Abrogantem
1060 1932 1122 1986 et
1167 1924 1565 2003 adrogantem.
1641 1924 1886 2004 adrogat
1931 1923 2149 2003 aliquid
2197 1921 2336 2006 sibi,
2383 1927 2613 1985 etiamsi
2651 1943 2769 1985 non
2810 1928 3051 2008 meruit3

448 2031 693 2112 abrogat
738 2035 841 2112 qui
886 2031 984 2092 alii
1031 2032 1226 2093 aufert
1270 2032 1362 2092 vel
1409 2034 1511 2112 qui
1558 2032 1749 2112 legem
1795 2032 1965 2093 tollit.

369 2155 421 2196 ιε
628 2139 919 2201 Continue
986 2147 1045 2200 et
1110 2141 1472 2201 continuate.
1584 2142 1867 2202 continue
1932 2140 2208 2220 facimus,
2271 2141 2613 2200 continuate
2678 2141 2805 2200 sine
2870 2142 3051 2202 inter·

452 2247 747 2307 missione.

624 2351 954 2414 Externum
991 2361 1051 2415 et
1088 2352 1346 2413 alienum
1385 2361 1446 2414 et
1484 2361 1832 2414 extraneum
1870 2362 1932 2415 et
1969 2355 2307 2415 extrarium.
2375 2361 2658 2415 externus
2696 2360 2789 2414 est
2817 2362 3052 2415 exterae

448 2461 668 2541 gentis3
732 2444 958 2521 alienus
1016 2460 1177 2521 nullo
1231 2460 1395 2542 loco,
1459 2461 1564 2522 sed
1627 2479 1694 2521 re
1762 2460 1989 2542 differt3
2051 2468 2369 2521 extraneus
2424 2462 2525 2539 qui
2582 2467 2749 2521 extra
2805 2461 3054 2522 eandem

446 2569 682 2628 ianuam
729 2577 846 2649 est;
894 2571 1188 2630 extrarius
1237 2570 1340 2647 qui
1386 2578 1551 2630 extra
1600 2567 1846 2628 eandem
1894 2586 2090 2628 aream
2140 2574 2246 2628 est.

367 2691 424 2731 ιο
625 2673 916 2736 Lucidum
952 2683 1013 2736 et
1049 2675 1426 2737 luminosum.
1502 2673 1764 2736 lucidum
1813 2685 1905 2734 est
1941 2674 2098 2754 quod
2137 2681 2343 2752 aperto
2383 2673 2545 2735 caelo
2583 2673 2782 2735 lumen
2820 2677 3051 2759 accipit,

448 2780 805 2842 luminosum
855 2781 1011 2862 quod
1062 2782 1264 2844 multis
1311 2781 1700 2844 foraminibus
1746 2780 2150 2859 inluminatur.

623 2888 949 2970 Expertum
1004 2899 1067 2950 et
1121 2899 1553 2969 experrectum.
1646 2896 1930 2969 expertus
1984 2896 2077 2949 est
2129 2887 2350 2966 aliquid
2405 2897 2508 2949 aut
2558 2889 2621 2949 in
2676 2887 2828 2950 bona
2883 2900 3050 2969 parte

448 3002 551 3056 aut
593 2996 658 3055 in
702 2995 880 3076 mala,
927 3002 1314 3076 experrectus
1360 2996 1435 3056 de
1481 3014 1704 3057 somno.

624 3099 950 3163 Delubrum
1007 3110 1067 3163 et
1123 3101 1403 3163 sacellum
1459 3111 1519 3163 et
1573 3101 1863 3182 templum
1916 3112 1977 3162 et
2030 3101 2231 3163 lucum
2286 3109 2347 3161 et
2402 3102 2603 3164 fanum
2658 3111 2720 3163 et
2774 3103 3050 3167 bidental.

372 3225 427 3266 πᾶ
454 3207 792 3289 delubrum,
839 3206 1065 3289 in'quo
1112 3208 1382 3269 homines
1427 3208 1692 3289 pericula
1738 3227 1844 3269 sua
1892 3207 2167 3289 deluunt3
2222 3218 2454 3288 ponunt
2506 3213 2664 3272 enim
2721 3211 2812 3272 vel
2866 3212 3050 3292 pilum

449 3314 539 3375 vel
604 3325 839 3377 scutum
904 3314 996 3376 vel
1053 3314 1164 3376 alia
1217 3315 1388 3396 plura
1445 3323 1721 3395 suscepta
1776 3318 1955 3378 votis:
2015 3310 2301 3377 'sacellum
2354 3317 2665 3397 parvulum
2720 3320 3051 3383 aedilicium

449 3422 562 3483 diis
609 3430 1052 3483 consecratum:
1099 3421 1384 3501 templum
1432 3424 1492 3483 in
1540 3421 1671 3482 loco
1718 3431 2032 3502 augurato:
2078 3422 2249 3484 lucus
2294 3423 2463 3485 locus
2509 3425 2753 3487 fulmine
2798 3430 2955 3490 ictus
2992 3438 3052 3490 et

449 3527 727 3589 arborum
774 3530 1071 3608 spissitate
1120 3536 1341 3590 tectus:
1389 3528 1588 3589 fanum
1635 3528 1839 3589 Fauno
1886 3537 2325 3612 consecratum,
2372 3531 2528 3592 unde
2565 3532 2753 3594 Fauni
2800 3535 3048 3616 appella-

451 3634 665 3697 bantur
709 3637 877 3715 prius
923 3643 984 3695 et
1030 3634 1113 3695 illi
1159 3638 1261 3714 qui
1315 3633 1680 3714 vagabantur
1727 3634 1991 3697 fanatici:
2045 3635 2306 3698 bidental
2352 3636 2518 3699 locus
2566 3638 2809 3701 fulmine
2857 3651 3051 3703 tactus

370 3759 422 3800 so
450 3751 511 3804 et
556 3744 825 3823 expiatus
871 3761 1006 3824 ove3
1052 3741 1324 3804 bidentes
1370 3744 1527 3803 enim
1575 3761 1715 3802 oves
1761 3742 2146 3822 appellantur.

625 3850 912 3912 Occidere
959 3860 1019 3912 et
1063 3852 1402 3912 interficere
1439 3858 1499 3911 et
1535 3852 1832 3930 perimere
1866 3843 1874 3934 Ι
1908 3859 1968 3911 et
2004 3850 2272 3929 iugulare
2311 3860 2371 3912 et
2408 3871 2637 3914 necare.
2713 3856 3048 3917 interficere

447 3967 507 4019 et
561 3960 855 4038 perimere
909 3960 1104 4038 prisca
1171 3967 1335 4039 sunt,
1400 3956 1672 4018 occidere
1738 3957 1814 4017 ob
1880 3958 2118 4018 caedem
2174 3959 2398 4019 dictum
2463 3968 2580 4040 est,
2644 3961 2911 4039 iugulare
2972 3961 3049 4022 ob

447 4062 740 4144 iugulum,
788 4082 1001 4125 necare
1047 4082 1081 4125 a
1130 4083 1305 4145 nece,
1350 4064 1687 4125 interficere
1735 4081 1767 4123 a
1815 4063 1988 4124 facto.

626 4260 693 4309 13
729 4254 982 4324 Abrogat
1016 4254 1116 4323 qui
1151 4252 1335 4308 aliena
1369 4252 1555 4308 aufert
1588 4253 1681 4308 vel
1718 4253 1816 4322 qui
1851 4252 2036 4323 legem
2072 4253 2250 4321 tollit,
2289 4255 2526 4324 adrogat:
2561 4255 2659 4324 qui
2697 4255 2806 4310 sibi
2835 4255 3047 4327 aliquid

442 4333 777 4469 111)ἷὲἷὲηῇ
782 4334 1048 4468 (ῑᾶὲὲιξιῡο)
1086 4333 1333 4388 adsumit
1366 4349 1468 4388 nec
1506 4332 1744 4388 aliorum
1781 4335 2073 4403 exspectat
2107 4333 2315 4389 iudicio
2351 4335 2409 4403 (l.
2446 4333 2762 4406 iudicium),
2812 4337 2910 4391 sed
2948 4354 3047 4392 auo

627 4615 652 4662 1
700 4608 853 4664 fama
906 4609 1124 4664 iudicat
1179 4624 1211 4667 ς
1265 4609 1417 4663 fama
1461 4607 1674 4663 indicat
1735 4614 1799 4664 ut
1842 4610 2131 4666 videbatur
2192 4611 2259 4665 N
2431 4618 2463 4666 3
2522 4610 2935 4677 Querimoniam
2990 4616 3051 4668 et

444 4687 730 4755 querelam
766 4704 866 4744 om.
904 4689 992 4755 N,
1029 4690 1158 4744 add.
1196 4703 1231 4746 ς
1402 4695 1435 4743 6
1473 4688 1753 4759 lammam,
1790 4707 1904 4760 qua
1939 4691 2187 4758 definitio
2220 4691 2461 4746 nominis
2496 4689 2791 4760 transfuga
2824 4693 3047 4763 excidit,

442 4770 692 4823 indicavi
728 4812 739 4823 .
781 4786 914 4838 ergo
961 4768 1254 4838 transfuga
1300 4767 1456 4822 venit
1500 4771 1567 4822 ut
1608 4768 1862 4836 adiuvet,
1909 4770 2146 4841 perfuga.
2190 4774 2256 4825 ut
2291 4771 2586 4826 adiuvetur
2621 4772 2848 4826 coniecit
2883 4771 3046 4825 Butt-

440 4864 681 4903 mamma
833 4855 863 4904 ‘1
903 4851 1102 4904 notant
1137 4864 1171 4906 ς
1338 4855 1400 4902 12
1441 4847 1534 4918 ex]
1574 4849 1643 4903 de
1681 4865 1713 4908 ς
1883 4856 1946 4905 18
1985 4867 2096 4906 non
2131 4851 2257 4906 loco
2294 4851 2391 4906 aed
2428 4866 2489 4905 re
2525 4849 2712 4904 differt
2745 4850 3049 4907 Fabricius

514 4929 779 4985 differunt
811 4929 879 4983 N
909 4944 943 4987 ς

2510 5020 2618 5074 34*
