3613 5528
586 406 732 470 '230
1781 407 2024 463 BEDAE

598 515 642 552 p.
671 506 789 546 2352.
818 506 869 546 58
898 505 946 546 P.

917 607 1103 650 arma
1150 591 1378 650 virum
1426 588 1862 670 tabulaeque
1910 599 1981 653 et
2026 590 2240 653 Troia
2285 597 2448 673 gaza
2494 613 2628 676 per
2675 596 2923 677 undas3

598 703 701 755 aut
746 694 963 756 desinit
1021 697 1078 755 in
1128 706 1552 758 consonantem
1599 705 1672 759 et.
1705 700 2001 779 excipitur
2046 698 2119 760 ab
2167 702 2185 760 i
2232 700 2323 761 vel
2371 720 2410 762 u
2458 704 2669 781 positis
2713 705 2773 765 in
2820 703 2950 764 loco
3000 721 3206 764 conso·

600 803 894 882 nantium,
953 810 1021 863 ut
1075 802 1296 865 advena
1359 803 1712 866 adiumenta.
1804 802 2017 866 breves
2074 824 2212 867 vero
2270 816 2410 868 sunt
2465 808 2715 888 syllabae
2784 827 2935 889 quae
2996 810 3207 871 horum

599 907 743 969 nihil
797 908 1131 972 habuerint.
1224 911 1382 989 quod
1439 929 1577 972 vero
1640 911 1877 990 quidam
1938 914 2097 974 inter
2156 913 2358 994 longas
2407 914 2655 994 syllabas
2702 916 3207 978 adnumerandum

600 1027 932 1095 autumant,
981 1037 1116 1080 cum
1155 1025 1431 1098 correpta
1467 1017 1683 1079 vocalis
1723 1020 2016 1099 excipitur
2062 1038 2093 1079 a
2141 1020 2361 1101 duplici
2409 1021 2605 1083 littera
2650 1043 2707 1104 z,
2755 1022 3208 1111 utxMezentinS,
3237 1043 3262 1083 5

599 1137 701 1189 aut
756 1145 788 1187 a
846 1124 1076 1186 duabus
1131 1123 1624 1207 consonantibus,
1691 1133 1758 1187 ut
1813 1127 1939 1204 agri
2005 1124 2124 1203 [vel
2180 1128 2405 1209 acresj,
2470 1128 2769 1191 falluntur.
2855 1149 2987 1192 nam
3046 1139 3107 1192 et
3160 1151 3209 1212 z,

599 1234 875 1314 quotiens
929 1234 991 1294 in
1039 1232 1243 1293 eadem
1298 1239 1466 1311 parte
1515 1233 1800 1308 orationis
1855 1231 2095 1293 brevem
2151 1236 2423 1313 sequitur
2482 1235 2769 1319 vocalem,
2825 1244 3022 1316 potest
3079 1256 3208 1298 eam

598 1340 959 1422 producere,
1005 1341 1054 1400 si
1103 1341 1189 1400 sic
1233 1348 1408 1418 poeta
1455 1338 1732 1421 voluerit,
1779 1347 1848 1400 ut
1894 1357 2058 1422 gaza3
2105 1359 2243 1401 cum
2288 1360 2428 1402 vero
2475 1350 2644 1422 parte
2691 1342 2883 1422 aliqua
2922 1328 3208 1404 orationis

598 1450 660 1508 in
716 1447 954 1508 brevem
1011 1444 1269 1506 vocalem
1329 1448 1640 1507 terminata
1698 1464 1956 1525 sequens
2012 1461 2209 1508 sermo
2264 1466 2297 1507 a
2350 1431 2632 1510 littera-z
2687 1452 2921 1532 incipit,
2989 1449 3217 1520 nullam

598 1552 965 1636 producendi
1026 1552 1203 1614 habet
1261 1560 1642 1635 potestatem,
1703 1553 1861 1615 unde
1921 1562 2014 1614 est
2075 1550 2480 1616 ‘nemorosa
2539 1552 3001 1637 Zacynthos':
3061 1564 3121 1618 et
3178 1575 3292 1617 1⁸10

600 1665 796 1726 littera
849 1662 1085 1743 liquens
1141 1660 1349 1721 eodem
1406 1660 1608 1742 modo,
1667 1663 1824 1734 sicut
1878 1671 1937 1723 et
1990 1661 2036 1744 l,
2092 1679 2229 1724 cum
2288 1664 2349 1722 in
2399 1662 2591 1723 medio
2639 1682 2913 1725 sermone
2969 1662 3207 1734 brevem

599 1774 870 1851 sequitur
929 1768 1191 1830 vocalem
1258 1768 1652 1847 praecedente
1714 1767 1976 1847 qualibet
2044 1777 2700 1851 consonante,-potest
2760 1769 2913 1832 hanc
2976 1770 3211 1833 licentia

597 1879 829 1959 poetica
876 1877 1071 1937 facere
1117 1874 1377 1958 longam3
1423 1893 1560 1936 cum
1597 1893 1736 1936 vero
1786 1873 2066 1936 utralibet
2112 1874 2331 1954 liquida
2374 1893 2632 1955 sequens
2676 1886 3101 1939 consonantem
3147 1880 3208 1938 in

599 1986 791 2065 capite
847 1985 1029 2044 suerit
1084 1981 1402 2064 sermonis,
1469 2000 1587 2041 non
1642 1988 1840 2060 potest
1894 1981 2129 2061 longam
2184 1981 2378 2042 facere
2436 1982 2694 2042 vocalem
2759 2001 2908 2062 qnae
2965 1985 3027 2043 in
3092 1985 3208 2045 fine

601 2093 763 2154 verbi
819 2090 1232 2172 praecedentis
1288 2087 1636 2150 naturaliter
1690 2088 1888 2149 brevis
1944 2090 2233 2150 extiterat.
2337 2098 2478 2150 sunt
2544 2091 2685 2150 item
2749 2089 2999 2170 syllabae
3056 2110 3290 2170 quaeis

601 2209 856 2279 utroque
895 2196 1097 2279 modo,
1143 2205 1203 2257 et
1241 2204 1450 2257 natura
1488 2195 1759 2256 videlicet
1805 2204 1866 2257 et
1910 2198 2231 2278 positione,
2277 2196 2484 2277 longae
2537 2205 2708 2278 sunt,
2755 2206 2821 2258 ut
2866 2197 3013 2259 dens
3060 2218 3207 2279 gens

601 2325 768 2368 mens
824 2324 995 2367 mons
1042 2306 1225 2366 frons

1281 2479 1419 2562 'DE
1467 2493 2043 2562 COMMVNIBVS
2090 2492 2509 2561 SYLLABIS

778 2662 1136 2723 Communes
1182 2669 1380 2722 antem
1428 2660 1680 2741 syllabae
1730 2660 1920 2720 modis
1968 2661 2117 2721 fiunt
2164 2680 2401 2741 novem,
2448 2662 2666 2741 quibus
2712 2674 2814 2725 aut
2862 2664 3210 2727 naturaliter

600 2772 808 2850 longae
864 2772 1093 2850 poetica
1149 2769 1384 2830 licentia
1439 2772 1499 2830 in
1557 2768 1769 2830 breves
1818 2778 1919 2831 aut
1977 2769 2321 2831 naturaliter
2377 2769 2588 2831 breves
2644 2773 3087 2834 transferuntur
3144 2777 3204 2834 in
3234 2790 3287 2828 πο

599 2877 819 2957 longas
906 2876 1102 2937 brevis
1162 2878 1381 2956 quippe
1444 2878 1804 2938 transfertur
1862 2878 1922 2936 in
1984 2875 2244 2957 longam,
2304 2894 2439 2938 cum
2485 2870 2492 2959 Ι
2537 2885 2809 2958 correpta
2871 2879 3087 2940 vocalis
3145 2882 3207 2940 in

601 2984 809 3045 eodem
849 2984 1029 3044 verbo
1058 3003 1091 3044 a
1120 2982 1349 3044 duabus
1379 2985 1674 3063 excipitur
1703 2981 2185 3066 consonantibus»,
2216 3000 2468 3061 quarum
2497 2986 2794 3062 posterior
2832 2993 2924 3045 est
2961 2985 3208 3065 liquida:

600 3099 692 3152 est
746 3093 902 3152 enim
961 3090 1155 3152 brevis
1211 3097 1421 3151 natura
1474 3093 1534 3151 in
1593 3090 1732 3170 hoc,
1789 3084 2017 3149 emens
2075 3087 2412 3150 tenebris
2477 3090 2782 3153 obscura
2840 3086 3052 3174 suis'3
3119 3101 3211 3153 est

600 3182 771 3278 longa
826 3199 1119 3278 positione
1177 3199 1236 3257 in
1293 3197 1433 3278 hoc,
1491 3194 1931 3277 ‘mortisque
1989 3192 2370 3258 tenebras?
2444 3199 2505 3257 in
2566 3217 2683 3277 quo
2733 3197 2977 3278 Sergius
3034 3197 3208 3259 modo

599 3308 821 3366 iniusto
871 3307 1058 3366 utitur
1104 3304 1400 3385 exemplo,
1447 3299 1653 3365 ‘neve
1713 3298 2068 3382 flagella':
2144 3303 2436 3383 flagellum
2487 3306 2641 3365 enim
2699 3307 2758 3365 in
2808 3307 2997 3385 capite
3044 3305 3211 3366 verbi
3238 3325 3293 3364 25

601 3410 779 3472 habet
824 3411 1105 3490 liquidam
1154 3412 1411 3472 litteram
1449 3413 1800 3472 consonanti
1848 3410 2201 3491 subiectam,
2248 3430 2398 3489 quae
2445 3413 2661 3491 positio
2710 3431 3029 3491 numquam
3078 3412 3209 3473 bre·

605 3535 733 3577 vem
774 3525 982 3578 natura
1020 3515 1299 3596 syllabam
1339 3516 1501 3577 verbi
1549 3516 1961 3597 praecedentis
2007 3525 2206 3597 potest
2254 3518 2447 3579 facere
2495 3519 2743 3598 longam.
2819 3521 2961 3579 item
3001 3528 3210 3580 natura

603 3624 800 3684 brevis
838 3621 1056 3703 syllaba
1095 3622 1165 3682 ad
1206 3630 1406 3683 votum
1443 3632 1752 3703 poetarum
1792 3624 2105 3684 transserri
2141 3632 2339 3704 potest
2375 3628 2434 3685 in
2473 3625 2723 3707 longam,
2761 3645 2897 3686 cum
2937 3636 3209 3705 correpta

600 3730 815 3790 vocalis
873 3732 932 3790 in
980 3737 1404 3791 consonantem
1452 3730 1671 3790 desinit
1718 3736 1778 3789 et
1826 3731 2119 3808 excipitur
2165 3730 2237 3790 ab
2287 3731 2325 3790 h
2376 3731 2599 3793 littera:
2655 3739 2747 3792 est
2792 3734 2950 3793 enim
3001 3740 3209 3795 natura

601 3836 800 3898 brevis
845 3839 907 3898 in
952 3837 1094 3919 hoc,
3238 3858 3293 3896 so

915 3946 1291 4023 porcinum
1341 3953 1640 4005 tenuere
1687 3961 2001 4024 gregem,
2048 3946 2279 4024 niger,
2328 3943 2690 4026 hispidus,
2736 3945 3077 4028 horrens3

604 4060 697 4112 est
741 4050 1039 4113 voluntate
1085 4060 1300 4131 poetae
1342 4051 1512 4131 longa
1559 4052 1621 4111 in
1666 4050 1808 4132 hoc,

917 4160 1024 4218 vir
1069 4157 1361 4218 humilis
1408 4166 1683 4219 maesto
1732 4157 2065 4219 deiectus
2114 4158 2379 4220 lumine
2430 4168 2721 4235 terram,

778 4409 805 4456 1
845 4402 1025 4473 arma]
1076 4401 1231 4471 Very.
1269 4402 1407 4456 Aen.
1447 4403 1489 4455 Ι
1523 4407 1628 4456 119
1810 4408 1842 4455 3
1882 4401 2206 4457 adiumenta,
2251 4402 2389 4458 FP·
2408 4403 2795 4458 adiumentum
2832 4404 2885 4458 L
3063 4411 3095 4458 6
3150 4408 3215 4459 ut

598 4484 722 4555 agri
757 4484 850 4538 uel
886 4499 1042 4537 acres
1071 4481 1194 4536 FP
1222 4484 1287 4536 ui:
1314 4482 1429 4537 acri
1456 4483 1546 4536 uel
1576 4499 1730 4536 acres
1760 4482 1839 4536 L.-
1875 4484 1944 4549 cf.
1975 4481 2136 4539 Man.
2171 4483 2372 4538 Theod.
2401 4500 2463 4553 p.
2494 4487 2623 4549 587,
2651 4489 2724 4538 10
2868 4490 2900 4539 6
2935 4500 3065 4537 nam
3095 4503 3123 4537 z
3162 4484 3215 4536 L

707 4570 773 4618 10
809 4563 958 4617 unde
995 4564 1079 4618 est
1115 4564 1174 4618 et
1208 4580 1504 4618 nemorosa.
1540 4563 1619 4615 L.-
1667 4561 1822 4630 Very.
1864 4564 2003 4617 Aen.
2043 4563 2169 4616 III
2201 4567 2318 4619 270
2488 4568 2551 4616 15
2591 4564 2722 4616 sunt
2755 4562 2890 4617 item
2930 4562 3053 4616 FP
3083 4564 3216 4617 sunt

599 4644 789 4696 autem
825 4642 878 4695 L
998 4648 1062 4697 16
1100 4641 1367 4698 uidelicet
1403 4641 1529 4696 FP
1563 4640 1780 4705 scilic&
1818 4642 1868 4695 L
1988 4648 2053 4697 17
2094 4659 2249 4698 mons
2286 4642 2413 4698 fons
2451 4643 2601 4698 frons
2639 4658 2673 4701 ς
2797 4648 2868 4697 20
2903 4640 3126 4712 poetica.
3160 4641 3215 4694 L

596 4720 809 4790 poetali
846 4720 971 4774 FP
1098 4728 1166 4776 23
1206 4721 1442 4777 obscura
1477 4721 1602 4776 FP
1631 4724 1827 4791 operta.
1863 4721 1916 4775 L
2044 4727 2114 4775 24
2151 4721 2368 4791 sergius
2404 4723 2523 4776 LP
2552 4720 2798 4793 seregius
2836 4722 2919 4775 F:
2955 4721 3107 4790 Scry.
3146 4721 3214 4775 de

596 4802 717 4870 syll.
746 4818 806 4870 p.
847 4806 978 4868 4⁷85
1014 4808 1092 4858 29
1236 4809 1305 4857 25
1344 4820 1482 4857 neue
1520 4801 1746 4871 flagella.
1782 4802 1903 4860 ςΡ.·
1941 4818 2083 4857 neue
2121 4801 2346 4872 flagello
2376 4801 2520 4855 FL:
2564 4802 2716 4871 Verq.
2756 4817 2931 4872 yeorq.
2974 4801 3055 4854 II
3089 4805 3206 4856 299

598 4886 664 4938 29
703 4880 854 4936 enim
890 4898 990 4937 om.
1030 4881 1092 4935 F
1212 4889 1281 4937 30
1319 4882 1514 4936 breues
1551 4881 1613 4934 F
