3613 5528
603 435 738 502 210
1680 438 2136 496 CASSIODORII

597 547 646 585 p.
675 536 780 577 2³21
810 537 859 576 P.

601 621 891 703 ponenda,
928 640 1077 700 quae
1117 623 1292 683 nimis
1329 624 1590 702 pretiosa
1628 626 2027 706 cognoscitur,
2064 624 2176 686 sub
2216 624 2501 687 brevitate
2539 629 2894 708 commonui,
2935 635 2996 688 et
3033 645 3209 706 quem

601 727 671 788 ad
718 728 960 789 modum
1008 730 1337 808 scripturae
1386 728 1615 790 divinae
1661 729 1925 810 intellegi
1971 730 2251 813 debeant,
2297 734 2702 812 copiosissime
2749 733 2993 812 legenda
3043 751 3209 813 prae·

598 839 813 915 paravi.
900 844 1194 916 quatenus
1250 837 1404 897 sicut
1462 845 1523 898 et
1578 856 1687 917 ego
1743 857 1846 902 vos
1902 837 1975 900 ab
2029 841 2442 918 imperitorum
2500 859 2750 901 numero
2805 848 3209 920 sequestratos

597 962 728 1004 esse
794 943 977 1025 volui,
1041 946 1121 1004 ita
1175 961 1286 1003 nos
1341 945 1530 1004 virtus
1587 944 1782 1005 divina
1838 963 1957 1006 non
2021 948 2280 1024 patiatur
2340 964 2477 1007 cum
2532 949 2913 1027 nequissimis
2977 946 3211 1027 poenali

596 1053 878 1113 societate
926 1051 1223 1130 coniungi.
3237 1071 3264 1111 5

1663 1158 2142 1167 --———.——-——*.--—-—

726 1281 1237 1356 EXCERPTA
1298 1281 1430 1354 EX
1493 1282 1866 1356 DVOBVS
1930 1283 2240 1357 LIBRIS
2303 1263 3075 1359 INSTITVTIONVM

1614 1407 2198 1482 OASSIODORII

592 1590 1174 1640 minumae-r.
1543 1551 1566 1611 Ι
1633 1553 1743 1631 EQ
1779 1552 2263 1655 praffatione
2328 1559 2339 1563 u

771 1666 1051 1746 Reliquos
1099 1685 1239 1729 vero
1287 1666 1549 1748 codices„
1597 1670 1712 1747 qui·
1750 1687 1870 1728 non
1924 1676 2062 1729 sunt
2112 1668 2211 1729 tali
2255 1668 2633 1730 distinctione
2674 1672 2912 1751 signati,
2959 1672 3205 1732 notariis

591 1773 857 1854 diligenti
911 1784 1110 1836 tamen
1165 1792 1307 1836 cura
1364 1774 1631 1834 sollicitis
1687 1774 2036 1854 relegendos
2091 1782 2268 1854 atque
2327 1774 2724 1835 emendandos
2780 1774 3010 1854 reliqui.
3100 1778 3288 1854 quim

594 1885 706 1942 etsi
764 1900 879 1943 non
938 1884 1244 1962 potuerint
1294 1884 1354 1941 in
1401 1886 1590 1940 totum
1639 1880 2093 1961 orthographiae
2141 1883 2421 1942 minutias
2468 1881 2797 1964 custodire,
2844 1883 3201 1943 emendatio-

591 2007 725 2049 nem
788 1998 982 2050 tamen
1043 1988 1316 2049 codicum
1377 1990 1784 2069 antiquorum,
1855 1996 1923 2048 ut
1982 1990 2220 2069 opinor,
2290 1987 2611 2068 adimplere
2673 1989 2866 2061 modis
2925 1990 3204 2051 omnibus

591 2096 971 2157 festinabunt.
1036 2094 1255 2157 habent
1292 2096 1447 2154 enim
1471 2096 1795 2167 ‚scientiam
1835 2103 2109 2155 notarum
2150 2114 2408 2178 suarum,
2447 2114 2596 2175 quae
2637 2115 2709 2156 ex
2746 2100 2993 2158 maxima
3033 2105 3201 2177 parte

589 2202 740 2263 hanc
795 2205 1065 2284 peritiam
1124 2210 1365 2280 tangere
1420 2210 1598 2281 atque
1654 2200 1971 2261 admonere
2030 2212 2376 2263 noscuntur.
2454 2201 2556 2262 sed
2614 2211 2682 2263 ut
2727 2220 2899 2263 error
2958 2203 3203 2264 inolitus

588 2311 960 2391 aliquatenus
998 2310 1072 2370 de
1110 2309 1304 2370 medio
1346 2306 1680 2387 tolleretur,
1727 2307 1949 2367 factum
1997 2316 2090 2369 est
2134 2317 2201 2368 ut
2246 2310 2307 2368 in
2359 2311 2636 2387 sequenti
2680 2308 2832 2369 libro
2880 2308 2953 2369 de
3000 2308 3201 2370 ortho-
3233 2335 3286 2373 ιε,

588 2418 864 2497 graphiae
919 2417 1144 2496 regulis
1196 2416 1562 2496 perstrictim
1616 2432 1725 2493 pro
1782 2421 1958 2492 captu
2012 2415 2233 2493 ingenii
2275 2427 2407 2476 'non
2466 2414 2625 2475 nulla
2679 2432 3066 2494 poneremuS,
3126 2433 3202 2476 ne

589 2527 1044 2604 praecipitanter
1083 2523 1520 2584 emendantium
1559 2520 1823 2601 impolita
1860 2524 2263 2601 praesumptio
2302 2524 2560 2601 posteris
2599 2522 2893 2602 carpenda
2941 2522 3201 2584 tradere·

589 2641 703 2692 tur.
776 2632 976 2711 paravi
1014 2648 1250 2709 quoque
1299 2638 1550 2708 quantos
1596 2632 1763 2710 potui
1789 2616 2040 2709 priseos
2078 2628 2508 2708 orthographos
2554 2631 2850 2710 invenire,
2896 2648 3006 2709 per
3050 2647 3201 2708 quos

589 2739 702 2799 etsi
748 2755 866 2799 non
914 2739 1154 2799 omnino
1202 2739 1483 2817 correcti,
1530 2745 1725 2799 tamen
1775 2755 1847 2797 ex
1894 2754 2101 2816 magna
2148 2743 2317 2817 parte
2357 2735 2646 2798 meliorati
2684 2755 2815 2798 esse
2862 2737 3201 2799 videantur:

587 2844 1006 2924 orthographia
1053 2844 1345 2923 siquidem
1393 2843 1546 2923 apud
1596 2843 1855 2904 Graecos
1910 2844 2262 2922 plerumque
2310 2845 2438 2904 sine
2486 2843 2866 2923 ambiguitate
2912 2842 3202 2923 probatur
3229 2868 3282 2905 so

588 2969 894 3032 expressa,
939 2953 1098 3011 inter
1134 2951 1373 3012 Latinos
1414 2970 1552 3011 vero
1592 2949 1703 3011 sub
1750 2950 1933 3010 ardua
1971 2950 2316 3011 difficultate
2355 2950 2559 3012 relicta
2607 2958 2993 3030 monstratur,
3040 2949 3199 3010 unde

586 3060 759 3119 ctiam
809 3058 983 3118 modo
1031 3059 1296 3119 studium
1341 3076 1617 3138 magnum
1664 3057 1906 3118 lectoris
1952 3060 2215 3137 inquirit.

582 3250 626 3287 p,
658 3241 736 3281 517
766 3240 836 3281 ed,
865 3239 971 3283 Gn·
1048 3200 1101 3260 11
1158 3202 1257 3261 Ex
1305 3203 1740 3262 institutionum
1788 3203 2135 3261 divinarum
2182 3202 2503 3261 lectionum
2551 3217 2603 3261 c.
2636 3200 2768 3260 XV

764 3315 840 3376 Et
878 3318 1156 3396 quoniam
1195 3315 1497 3377 interdum
1526 3334 1699 3376 casus
1736 3334 2074 3395 generaque
2113 3317 2419 3376 nominum
2455 3315 2546 3375 vel
2584 3324 2850 3395 tempora
2880 3312 3196 3375 verborum

583 3423 857 3484 humanis
907 3422 1126 3502 regulis
1173 3431 1481 3500 nequeunt
1523 3425 1867 3504 convenire,
1914 3423 2017 3484 sed
2066 3434 2259 3485 tamen
2299 3441 2505 3484 eorum
2545 3441 2719 3483 usum
2759 3422 3197 3484 ecclesiasticus
3225 3447 3275 3485 25

583 3547 911 3589 consensus
950 3528 1353 3611 amplectitur,
1400 3529 1656 3590 duorum
1695 3529 1785 3590 vel
1828 3534 2010 3591 trium
2056 3534 2392 3612 priscorum
2430 3530 2997 3610 emendatorumque
3036 3530 3193 3591 codi-

580 3654 714 3696 cum
764 3638 1086 3697 auctoritas
1141 3639 1494 3715 inquiratur.
1575 3638 1864 3715 scriptum
1913 3648 2005 3700 est
2051 3641 2207 3699 enim
2256 3633 2352 3719 “iu
2402 3656 2504 3698 ore
2554 3637 2806 3698 duorum
2864 3637 2957 3697 vel
3012 3639 3193 3698 trium

581 3740 760 3802 stabit
814 3760 989 3803 omne
1037 3742 1285 3803 verbum
1300 3738 1337 3824 '‚
1395 3753 1455 3805 et
1507 3747 1809 3824 praesumi
1863 3763 1980 3805 non
2027 3744 2202 3806 liceat
2246 3743 2405 3823 quod
2453 3743 2650 3805 divino
2696 3744 3028 3805 vindicatur
3077 3744 3194 3805 elo-

578 3850 746 3929 quio,
799 3858 869 3910 ut
924 3858 1016 3910 est
1071 3853 1131 3911 in
1188 3851 1413 3930 psalmo
1463 3853 1744 3932 vigesimo
1792 3853 1987 3932 primo
2034 3848 2286 3933 ‘populo
2334 3852 2437 3930 qui
2486 3858 2782 3932 nascetur,
2829 3869 3006 3930 quem
3053 3852 3195 3912 fecit

577 3952 898 4039 dominus',
956 3966 1017 4019 et
1069 3958 1215 4019 illud
1270 3957 1558 4037 evangelii
1611 3953 1849 4020 ‘euntes
1905 3957 2113 4020 docete
2172 3976 2378 4018 omnes
2425 3965 2633 4037 gentes
2678 3956 3044 4037 baptizantes
3090 3977 3194 4019 eos
3222 3988 3273 4026 30

760 4102 784 4149 1
818 4111 963 4164 quae
991 4095 1157 4150 nimis
1185 4095 1241 4149 Β
1272 4112 1417 4164 quae
1444 4094 1627 4148 minus
1659 4093 1706 4147 0
1730 4101 1838 4164 que
1865 4093 1976 4149 inis
2002 4095 2057 4148 A
2157 4102 2190 4149 3
2220 4092 2367 4148 sicut
2394 4111 2500 4164 ego
2518 4094 2575 4147 Β
2676 4098 2707 4146 5
2736 4093 3015 4163 coniungi.
3045 4095 3193 4148 hunc

577 4174 886 4231 cassiodori
920 4175 1192 4230 senatoris
1230 4176 1298 4231 de
1336 4166 1742 4245 orthographia
1777 4174 1985 4228 librum
2020 4191 2087 4229 ex
2124 4172 2417 4228 duodecim
2454 4175 2741 4228 auctorum
2782 4173 3065 4242 opusculis
3102 4174 3192 4227 de-

577 4257 851 4312 floratum.
890 4259 943 4310 fi.
982 4255 1321 4310 EXPLICIT
1359 4255 1414 4307 Β
1453 4253 1747 4309 coniuncti
1802 4253 1953 4309 hunc
1990 4251 2325 4308 cassiodoris
2363 4253 2637 4308 senatoris
2683 4254 2753 4308 de
2791 4252 3195 4322 orthographia

575 4347 722 4401 libra
761 4363 828 4401 ex
863 4345 968 4400 ΧΠ
1004 4347 1296 4399 anctorum
1334 4343 1616 4413 opusculis
1652 4342 1925 4398 deflorata
1961 4343 2179 4397 AMNN
2216 4328 2493 4396 EXPLIC‘
2528 4330 2656 4397 ΜΕ
2683 4341 2782 4395 DE
2822 4339 3191 4396 ORTOGRA-

575 4435 752 4488 PHIA
789 4422 1221 4489 ADIUUANTE
1260 4422 1416 4488 15-Ῑῖῖῦ
1451 4434 1506 4486 Α
1552 4432 1829 4501 coniungi.
1877 4432 2025 4486 hunc
2072 4431 2348 4486 casiodori
2395 4432 2665 4487 senatoris
2721 4432 2790 4485 de
2829 4430 3194 4501 ortographia

576 4517 779 4572 librum
820 4535 886 4572 ex
923 4518 1029 4571 XII
1065 4519 1356 4571 auctorum
1395 4512 1672 4583 opusculis
1710 4512 2041 4567 defloratum
2078 4510 2417 4566 EXPLICIT
2457 4512 2663 4567 AMEN
2701 4508 2918 4565 AMHN
2956 4510 3005 4565 0

753 4598 810 4651 Β
847 4599 1013 4653 codem
1046 4596 1467 4665 Bamberyemis

827 4679 859 4731 b
897 4679 1132 4732 eiusdem
1170 4676 1372 4731 codicis
1407 4677 1672 4728 corrector

827 4772 860 4815 ς
896 4758 1156 4812 editiones
1195 4754 1531 4809 Cassiodorii

760 4843 823 4890 13
864 4836 1100 4891 scientia
1132 4836 1188 4891 Β
1364 4841 1428 4889 18
1467 4831 1730 4903 quantos]
1769 4835 2039 4902 quantum
2080 4849 2113 4892 ς
2284 4838 2354 4885 24
2398 4834 2656 4902 tempora
2691 4829 3012 4900 verborum]
3048 4830 3185 4884 tem·

576 4933 777 4987 porum
813 4915 914 4974 Βς
1057 4921 1126 4970 25
1164 4914 1610 4970 ecclesia-sticum
1647 4914 1702 4967 Β
1848 4920 1913 4968 27
1954 4912 2190 4968 duorum
2228 4911 2320 4966 vel
2356 4912 2528 4966 trium
2564 4911 2795 4967 testium
2832 4908 3093 4964 Gardius
