3613 5528
1338 422 1475 477 ΑΒΕ
1514 422 2003 478 GRAMMATICA
2889 423 3018 489 397

417 538 458 575 p.
488 526 552 566 2⁶.
582 527 634 565 2⁷
663 526 722 565 Η.

417 609 740 671 hodiernus
805 612 1103 671 crastinus
1169 626 1342 669 serus
1407 610 1625 669 nimius
1688 610 1860 669 citus,
1961 606 2071 668 alia
2127 627 2158 668 a
2221 610 2554 689 participiis
2618 610 2892 690 figurata,
2956 618 3023 672 ut

415 716 777 779 ludibundus
857 714 1268 779 laudabundus
1350 713 1831 776 lacrimabundus
1895 713 2340 776 anhelabundus
2413 714 2775 777 furibundus
2841 720 3015 778 mori-

416 824 677 906 bundus;
743 824 977 886 hiulcus
1031 826 1133 905 qui
1189 822 1339 905 hiat,
1401 820 1675 901 petulcus
1731 824 1836 903 qui
1892 822 2055 902 petit.
2157 830 2299 884 sunt
2361 824 2534 884 etiam
2601 842 2750 903 quae
2807 823 3018 886 Graeci

416 928 744 995 ἐπίθετα
789 931 1023 1014 dieunt,
1069 950 1219 1012 quae
1266 933 1697 1009 cuiuscumque
1746 924 1757 1008 Ι
1809 929 2081 1008 personis
2127 928 2466 991 adiciuntur
2510 929 2783 992 laudandi
2830 933 3018 1010 gratia

363 1055 389 1095 5
419 1040 505 1102 vel
553 1039 951 1120 vituperandi:
997 1041 1320 1114 laudandi,
1367 1036 1550 1099 veluti

752 1147 1026 1210 Lausus
1073 1164 1332 1227 equum
1378 1144 1693 1206 domitor
1738 1144 2292 1224 debellatorque
2341 1145 2683 1228 ferarum,

417 1256 814 1338 vituperandi,
861 1251 964 1318 ‘et
1009 1257 1162 1334 ipse
1210 1251 1355 1313 doli
1402 1250 1800 1313 fabricator
1846 1247 2112 1333 Epios’.
2205 1251 2308 1313 sed
2356 1252 2501 1314 baec
2547 1256 2770 1336 omnia,
2816 1272 3016 1334 quam-

417 1381 590 1441 quam
628 1364 859 1443 speeies
896 1370 1037 1424 sunt
1073 1363 1408 1440 nominum,
1455 1358 1720 1421 absolute
1761 1367 1958 1421 tamen
1996 1363 2233 1422 nomina
2268 1361 2549 1423 dicuntur
2587 1369 2648 1424 et
2684 1361 3018 1443 quibusque

415 1468 598 1530 rebus
643 1472 988 1551 personisve
1035 1469 1371 1548 praeposita
1417 1475 1573 1529 sunt.

339 1592 389 1632 ιο
592 1575 892 1647 Quaedam
957 1578 1194 1637 nomina
1259 1584 1400 1637 sunt
1463 1592 1614 1655 quae
1678 1593 1786 1655 per
1853 1594 1917 1635 se
1982 1576 2110 1637 sine
2177 1575 2421 1638 alterius
2484 1578 2669 1656 partis
2733 1579 3017 1639 orationis

415 1683 791 1746 amminiculo
839 1683 1101 1764 intellegi
1146 1702 1266 1745 non
1313 1691 1590 1764 possunt,
1657 1691 1721 1743 ut
1766 1691 1934 1763 pater
1982 1683 2194 1745 frater:
2256 1685 2556 1764 recipiunt
2601 1686 2758 1745 enim
2807 1684 2920 1746 sibi
2958 1691 3019 1747 et

416 1790 511 1852 illa
558 1810 666 1871 per
713 1808 862 1870 quae
910 1791 1363 1872 intelleguntur:
1419 1790 1564 1851 haee
1612 1808 1645 1850 a
1692 1789 1934 1850 Graecis
1988 1787 2124 1868 τῶν
2170 1782 2337 1871 πρός
2388 1810 2452 1852 τι
2507 1789 2902 1873 appellantur,
2958 1790 3015 1852 id

592 2027 775 2082 Codex
810 2026 1203 2097 Samallemils.
1305 2033 1337 2081 3
1375 2025 1617 2096 hiulcus]
1656 2025 1842 2080 hiolus
2013 2026 2173 2094 petat
2339 2031 2374 2080 4
2425 2021 2666 2080 ἐπίθετα
2712 2041 2814 2081 oon.
2983 2030 3017 2080 5

415 2107 680 2162 laudandi
709 2108 1011 2178 posteriore
1046 2108 1159 2162 loeo
1195 2123 1296 2161 om.
1475 2113 1510 2161 8
1547 2105 1743 2162 dicunt
1785 2108 1847 2161 et
1889 2105 2156 2174 cuiusque
2336 2111 2368 2160 9
2404 2104 2711 2177 praepositi
2747 2108 2877 2161 sunt

423 2195 488 2243 12
527 2206 562 2243 a
597 2185 814 2257 graecis
851 2205 1084 2255 παρατω
1123 2189 1325 2241 ελλενω
1363 2205 1620 2254 ταντιρος
1654 2205 1710 2240 τι
1746 2204 1857 2240 των
1892 2206 1968 2255 πρ
2005 2185 2363 2256 appellantur
2396 2204 2910 2255 προσαγονευονται

591 2392 624 2439 4
663 2383 1079 2453 cuiuscumque]
1136 2384 1450 2455 quibusque
1505 2384 1671 2438 codex
1727 2382 1972 2437 Charisii
2013 2398 2074 2451 p.
2124 2387 2341 2450 155‚31,
2397 2380 2663 2451 cuiusque
2712 2382 2877 2437 coda:
2922 2399 3014 2438 esc-

414 2471 718 2535 cerptorum
745 2481 807 2534 p.
847 2468 1017 2530 536,2
1057 2507 1070 2520 .
1110 2466 1424 2535 quibusque
1461 2470 1512 2520 et
1545 2466 1643 2519 hoe
1678 2465 1792 2518 loco
1830 2468 1881 2517 et
1932 2462 2092 2528 infra
2136 2469 2174 2516 8
2227 2463 2398 2522 voluit
2449 2463 2838 2534 mammetis-us

414 2552 447 2600 6
483 2545 721 2617 Lausus]
773 2544 924 2617 Verq.
955 2547 1093 2603 Aen.
1137 2547 1270 2601 VII
1294 2552 1399 2602 651
1548 2551 1578 2600 ‘1
1618 2546 1677 2599 et
1711 2543 1857 2616 ipse]
1902 2543 2053 2615 Very.
2076 2544 2215 2601 Aen.
2237 2545 2321 2597 II
2344 2548 2461 2600 264
2603 2548 2636 2598 8
2673 2560 3014 2598 καιεκαστου

413 2627 473 2681 eb
499 2624 895 2696 cuiuscumque
927 2628 935 2695 Ι
967 2646 1291 2696 πραγματος
1317 2626 1481 2681 rebus
1513 2627 1522 2694 1
1555 2645 1590 2694 η
1617 2641 1918 2692 προσωπου
1946 2641 2319 2698 προτασσεται
2347 2623 2669 2693 personisue
2695 2623 3016 2693 praeposita

411 2706 627 2764 suntM
733 2711 794 2759 11
819 2707 1243 2780 προσβοηθανει
1270 2706 1628 2762 amminiculo
1662 2708 1670 2776 1
1702 2722 1927 2774 νοητειν
1955 2723 2022 2758 ov
2051 2706 2292 2758 ὃυναται
2318 2702 2571 2775 intellegi
2600 2721 2709 2759 non
2737 2706 2971 2775 possunt
3000 2705 3009 2778 Ι

412 2808 485 2851 ως
521 2807 705 2857 πατηρ
743 2789 1003 2856 αδελφως
1038 2788 1103 2841 ut
1137 2790 1299 2857 pater
1342 2787 1516 2841 frater
1563 2786 1637 2840 M
1674 2828 1684 2839 .
1722 2785 1954 2852 fortasse
2006 2785 2425 2853 προσβοηθείας
2477 2784 2764 2853 νοηθῆναι
2948 2793 3011 2841 12

410 2888 588 2923 ταυτα
625 2887 860 2936 παρατω
900 2870 1100 2922 ελλενῶ
1133 2867 1272 2922 haec
1300 2884 1335 2922 a
1362 2866 1542 2938 grecis
1574 2869 1583 2936 Ι
1615 2883 1884 2933 αντιπρος
1910 2884 2076 2919 τιτων
2104 2864 2178 2918 ad
2206 2864 2422 2936 aliquid
2455 2868 2464 2937 Ι
2495 2883 3014 2935 προσαγονευονται

410 2948 768 3019 appellantur
807 2947 882 3001 M

411 3255 654 3337 ἳππων,
702 3249 1105 3340 ὀλολυγμός,
1151 3249 1575 3339 βρυχηθμός,
1620 3250 1992 3339 μυκηθμός.
2082 3248 2233 3319 τινὰ
2282 3248 2355 3319 δὲ
2399 3248 2652 3318 κάτεισι
2699 3246 2828 3319 ἀπὸ
2875 3255 3011 3321 τῶν

409 3356 907 3446 ἐπιρρημάτων,
974 3355 1063 3438 ὡς
1123 3355 1198 3426 τὸ
1264 3355 1613 3445 ἐχθεσινός
1675 3353 2365 3445 σημερινός,αὐρινός
2423 3353 2663 3436 ὀψινός
2718 3357 3014 3444 σφοδρός

409 3464 625 3553 ταχύς.
714 3463 884 3533 ἄλλα
929 3462 1058 3533 άπὸ
1105 3468 1240 3532 τῶν
1286 3468 1586 3553 μετοχῶν
1630 3466 2088 3552 πεπλασμένα,
2143 3462 2233 3543 ὡς
2286 3460 2361 3532 τὸ
2417 3468 2667 3545 παίζων
2715 3465 3010 3533 ἐπαινῶν

411 3570 723 3660 δακρύων
769 3569 1173 3660 ἀσθμαίνων
1226 3571 1633 3660 μαινόμενος
1686 3569 2207 3658 τεθνηξόμενος,
2262 3569 2526 3658 χάσκων
2585 3567 2620 3638 ὀ
2677 3576 2950 3659 χαίνων,
2999 3573 3007 3663 Ι

358 3710 382 3749 5
408 3677 735 3765 κρούστης
780 3675 854 3759 ὃς
897 3677 1156 3766 κρούει,
1201 3676 1692 3766 μετερχόμενος.
1785 3682 1967 3746 ἔστιν
2022 3683 2117 3746 ἔτι
2172 3674 2215 3745 ἃ
2274 3681 2342 3746 οί
2376 3675 2694 3765 ’Έλληνες
2739 3680 3011 3748 ἐπίθετα

410 3787 750 3872 λέγουσιν,
806 3781 848 3854 ἃ
893 3799 1037 3866 τοῖς
1083 3785 1363 3855 ἑκάστου
1416 3784 1797 3873 προσώποις
1851 3783 2337 3872 προσβάλλεται
2392 3787 2672 3854 ἐπαίνου
2724 3784 2923 3873 χάριν
2968 3783 3009 3873 ἢ

408 3892 657 3980 ψόγου,
704 3887 853 3962 οἷον
1031 3888 1073 3980 ἢ
1121 3894 1195 3961 ἐν
1241 3892 1450 3984 ψόγῳ.
1629 3890 1794 3961 ἀλλὰ
1832 3896 2039 3961 ταῦτα
2074 3891 2324 3977 πάντα,
2370 3896 2432 3960 εί
2464 3894 2575 3961 καὶ
2611 3890 2690 3961 τὰ
2728 3891 3010 3979 μάλιστα

409 4003 551 4086 εἴδη
599 3999 781 4068 ἐστὶν
829 3997 1205 4088 ὀνομάτων,
1249 3997 1596 4080 άπολύτως
1641 4000 1867 4087 μέντοι
1916 3996 2214 4087 ὀνόματα
2269 4001 2526 4086 λέγεται
2570 3999 2680 4066 καὶ
2729 3998 3010 4069 ἑκάστου

408 4106 786 4195 πράγματος
831 4102 872 4193 ἢ
918 4104 1285 4197 προσώπου
1328 4105 1785 4194 προτάσσεται.

331 4241 385 4281 ιο
592 4212 759 4282 Two?
825 4212 1121 4301 ὀνόματα
1186 4210 1358 4283 εἰσὶν
1415 4209 1457 4281 ἃ
1509 4210 1669 4281 καθ’
1733 4213 1935 4282 ἑαυτὰ
1997 4211 2165 4282 ἄνευ
2223 4214 2451 4300 ἑτέρου
2505 4214 2749 4300 μέρους
2801 4212 3009 4300 λόγου

407 4325 815 4408 προσβολῆς,
863 4318 1030 4388 ἄνευ
1073 4324 1193 4389 τοῦ
1241 4322 1469 4407 ἕτερον
1524 4321 1726 4409 μέρος
1778 4319 1987 4407 λόγου
2040 4329 2473 4406 προσθεῖναι,
2532 4322 2870 4406 νοηθῆναι
2927 4317 3008 4388 οὐ

410 4429 718 4512 δύναται,
774 4424 864 4506 ὡς
920 4427 1135 4515 πατήρ
1189 4424 1502 4513 ἀδελφός.
1600 4424 2044 4514 ἀναδέχονται
2103 4424 2230 4513 γὰρ
2287 4427 2548 4506 ἑαυτοῖς
2600 4426 2711 4494 καὶ
2765 4427 3007 4511 ἐκεῖνα,

410 4533 498 4602 δι’
558 4525 656 4604 ὧν
721 4547 986 4603 νοεῖται.
1094 4538 1302 4603 ταῦτα
1364 4532 1542 4621 παρὰ
1605 4537 1741 4603 τῶν
1792 4530 2136 4621 Ἑλλήνων
2207 4536 2345 4603 τῶν
2406 4531 2572 4620 πρός
2633 4560 2697 4602 τι
2760 4552 3006 4619 προσα-

592 4756 619 4804 1
662 4753 962 4819 ολολυσμος
999 4750 1310 4821 βριχηθμος
1453 4753 1487 4802 4
1524 4748 1941 4819 τοθνηξομενος
2083 4754 2118 4802 8
2155 4751 2464 4811 απολυστος
2509 4767 2700 4819 μεντοι
2747 4767 2816 4801 τα
2864 4754 3005 4818 ονομ

483 4836 542 4884 11
584 4824 726 4885 ἄνευ
782 4829 882 4884 τοῦ
933 4826 1147 4901 ἕτερον]
1208 4847 1335 4883 ανει
1381 4847 1482 4884 του
1529 4848 1657 4898 erpo
1827 4829 2137 4901 νοηθῆναι]
2194 4847 2397 4899 νονεην
2570 4834 2635 4884 12
2692 4823 2767 4893 ὡς
2819 4824 3007 4899 πατὴρ

408 4903 658 4978 ἀδελφός
693 4926 793 4964 om.
938 4927 1176 4972 εαυτους
