3613 5528
604 459 734 524 308
1780 459 2033 514 ALBINI

602 572 645 609 p.
674 562 793 600 2343.
823 561 877 600 401
903 560 949 601 P.

606 640 791 706 ‘cum
837 652 1189 724 protenus
1239 653 1539 722 utraque
1590 644 1810 705 tellus
1858 644 1996 705 Vna
2045 639 2299 725 foret’3
2355 647 2629 725 protinus
2674 664 2782 726 per
2828 647 2846 706 i
2894 644 3216 725 temporale

604 753 721 823 est,
767 741 824 803 id
864 751 957 802 est
993 744 1210 822 statim,
1249 735 1470 825 (Vera.
1500 745 1646 806 Aen.
1691 737 1925 826 V485)
1964 738 2331 822 ‘protinus
2377 743 2655 804 Aeneas
2701 745 2942 823 coepit
2988 743 3215 804 celeri

603 849 886 901 certare
931 835 1247 919 sagitta’.
1321 839 1577 902 Pudoris
1623 861 1731 922 per
1769 860 1810 902 u
1848 849 1909 902 et
1946 859 2053 920 per
2090 860 2125 900 o
2164 840 2543 902 scribendum
2584 852 2702 923 est,
2746 841 2988 921 poderis
3033 859 3142 921 per
3179 858 3214 901 o

604 949 664 1000 ει
720 957 828 1019 ρει·
875 958 936 1020 ε,
988 938 1048 1000 id
1105 948 1199 999 est
1253 941 1454 1000 tunica
1511 939 1735 1021 talariS,
1799 957 1916 1019 qua
1963 938 2305 999 sacerdotes
2352 941 2410 999 in
2458 942 2645 999 veteri
2701 939 2829 1018 lege
2877 938 3215 1001 utebantur.

781 1037 830 1108 Q
877 1037 1073 1098 littera
1119 1045 1263 1098 tunc
1310 1045 1474 1099 recte
1530 1039 1789 1118 ponitur,
1846 1055 1981 1098 cum
2037 1036 2121 1098 illi
2179 1039 2377 1097 statim
2425 1057 2462 1098 u
2520 1037 2716 1099 littera
2763 1046 2824 1099 et
2880 1036 2992 1098 alia
3038 1055 3215 1117 quae·
3271 1053 3296 1095 5

604 1138 747 1199 libet
800 1136 1074 1216 pluresve
1139 1136 1369 1197 vocales
1426 1139 1776 1197 coniunctae
1837 1136 2083 1215 fuerint,
2138 1137 2219 1196 ita
2274 1145 2341 1214 ut
2394 1153 2512 1196 una
2568 1135 2784 1216 syllaba
2842 1137 2965 1198 fiat:
3020 1144 3217 1196 cetera

604 1255 711 1317 per
760 1253 793 1296 c
841 1234 1204 1295 scribuntur.
1284 1229 1442 1313 ‘qui'
1491 1232 1709 1313 syllaba
1757 1252 1867 1314 per
1913 1253 1948 1314 q
1992 1254 2028 1295 u
2066 1236 2086 1294 i
2133 1233 2442 1315 scribitur3
2490 1235 2539 1294 si
2587 1233 2885 1316 dividitur,
2929 1253 3038 1314 per
3076 1253 3108 1295 c
3156 1242 3219 1294 et

604 1337 664 1395 ui
721 1332 1032 1394 scribenda
1091 1340 1198 1392 est.
1292 1332 1434 1403 Quit
1486 1331 1762 1413 verbum,
1819 1332 1975 1411 quod
2033 1332 2099 1393 fit
2145 1351 2176 1392 a
2224 1350 2379 1411 queo
2428 1334 2562 1411 quis
2610 1335 2767 1413 quit,
2812 1351 2922 1412 ρει·
2969 1342 3019 1413 ις
3074 1330 3215 1411 quid

602 1448 932 1510 pronomen
996 1448 1101 1510 ρει·
1161 1429 1197 1490 d
1261 1429 1642 1491 scribendum
1703 1439 1810 1490 est.
1916 1430 2098 1510 Quot,
2160 1429 2395 1509 quando
2456 1430 2758 1491 numerale
2820 1439 2940 1512 est,
2998 1449 3107 1510 ρει·
3167 1437 3216 1509 ις

604 1529 839 1609 quando
869 1546 1215 1608 pronomen,
1251 1547 1359 1608 per
1387 1529 1424 1589 d
1463 1527 1848 1589 scribendum
1887 1535 1994 1589 est.
2060 1527 2330 1598 Quantus
2358 1536 2421 1590 et
2449 1537 2650 1590 tantus
2678 1548 2788 1609 ρει·
2817 1548 2853 1589 ιι
2885 1528 3216 1607 euphoniae
3247 1546 3297 1585 ιο

606 1645 810 1688 causa:
859 1629 1019 1687 venit
1065 1627 1220 1686 enim
1270 1644 1300 1684 a
1349 1634 1625 1704 quamtus
1672 1637 1732 1686 ει
1779 1621 2014 1686 tamtus.
2100 1625 2430 1704 Quicquam
2474 1635 2534 1688 et
2584 1627 2867 1707 quicquid
2913 1629 2974 1687 in
3025 1626 3218 1687 medio

606 1745 713 1807 per
759 1743 819 1807 c,
875 1744 991 1784 non
1038 1743 1147 1803 ρει·
1194 1724 1229 1784 d
1289 1723 1469 1783 scribi
1525 1722 1771 1785 debent:
1825 1725 1889 1783 in
1944 1724 2352 1802 conpositione
2399 1728 2557 1786 enim
2613 1725 2964 1806 plerumque
3010 1726 3047 1786 d
3085 1727 3147 1786 in
3185 1744 3219 1784 c

607 1831 1022 1904 commutatur,
1060 1831 1127 1882 ut
1165 1824 1225 1881 in
1262 1820 1800 1901 praepositionibus
1811 1870 1829 1903 ,
1867 1822 2083 1883 accedo
2122 1823 2447 1884 accumulo.
2517 1824 2771 1895 Querela
2812 1842 2921 1904 ρει·
2958 1842 3143 1886 unum
3183 1824 3219 1898 l,

607 1924 762 1982 sicut
809 1919 1046 1981 suadela
1093 1919 1276 1980 tutela
1323 1917 1564 1979 candela
1612 1918 1948 2000 corruptela
2008 1920 2257 1999 loquela.
2351 1920 2599 1992 Quoties
2646 1932 2706 1983 et
2759 1923 2936 1981 toties
2983 1923 3112 1981 sine
3162 1940 3220 2002 ιι,

604 2020 746 2080 licet
792 2026 1024 2079 veteres
1081 2035 1187 2096 per
1235 2035 1291 2077 n.
1383 2015 1688 2086 Quatenus
1752 2018 2096 2079 adverbium
2150 2018 2293 2101 loci,
2347 2018 2407 2079 id
2467 2029 2558 2080 est
2618 2037 2957 2102 quousque,
3011 2037 3121 2099 per
3166 2038 3220 2099 e,
3250 2035 3300 2074 15

607 2121 886 2197 quatinus
952 2117 1291 2177 coniunctio
1347 2114 1628 2196 causaliS,
1683 2114 1742 2175 id
1800 2124 1895 2176 est
1950 2125 2042 2196 ut,
2099 2135 2208 2196 ρει·
2254 2119 2272 2175 i
2329 2116 2709 2178 scribendum
2766 2127 2875 2179 est.
2976 2117 3218 2188 Quaeri·

608 2226 706 2279 tur
753 2217 826 2277 de
873 2213 1258 2294 inquirendo,
1306 2213 1582 2292 queritur
1627 2213 1700 2272 de
1749 2212 2062 2295 plorando,
2111 2222 2396 2294 quaestus
2442 2214 2594 2277 lucri
2640 2235 2749 2296 per
2794 2216 3221 2296 diphthongon,

606 2323 857 2394 questus
893 2313 1297 2393 lacrimarum,
1335 2312 1716 2390 queremonia
1755 2330 1865 2391 per
1894 2332 1944 2373 e.
2002 2312 2413 2393 Quorundam,
2452 2316 2608 2376 sicut
2645 2314 2989 2397 eorundem,
3026 2332 3136 2394 per
3164 2334 3224 2396 ιι,

610 2431 728 2474 non
776 2431 884 2492 per
930 2429 1007 2471 m.
1099 2409 1333 2480 Queror
1379 2408 1452 2469 de
1500 2417 1587 2490 te,
1644 2407 1805 2491 tihi„
1835 2409 1908 2470 de
1955 2409 2081 2492 illo;
2135 2411 2279 2471 item
2326 2428 2680 2489 conqueror.
2771 2407 2935 2483 ‘Quo
2983 2408 3220 2474 vadis?’

608 2512 678 2571 ad
737 2528 914 2588 quem
972 2508 1167 2568 locum
1224 2507 1540 2588 significat,
1590 2502 1736 2586 ‘qua
1790 2503 2027 2569 vadisP'
2085 2527 2201 2586 qua
2259 2511 2349 2569 via
2404 2508 2638 2571 dicitur.
2732 2528 2850 2588 quo
2907 2510 3220 2590 aliquando
3250 2522 3303 2561 2⁰

607 2626 716 2688 pro
777 2605 881 2667 ubi
944 2606 1212 2686 ponitur:
1275 2604 1641 2683 Augustinus
1702 2600 2017 2666 ‘invenis
2080 2607 2357 2666 domum
2425 2607 2789 2689 famosam,
2854 2627 2988 2687 quo
3052 2608 3222 2670 boni

608 2698 989 2786 habitant',
1042 2704 1101 2764 id
1157 2711 1251 2766 est
1306 2702 1409 2763 ubi
1466 2702 1747 2764 habitant.
1842 2703 2112 2776 Quantus
2168 2723 2345 2787 quam
2401 2722 2650 2786 magnus
2706 2706 2940 2789 dicitur,
3001 2714 3224 2787 quotus

608 2808 781 2868 cuius
827 2806 1063 2885 aetatis,
1109 2802 1266 2864 unde
1313 2809 1375 2863 et
1421 2810 1599 2880 quota
1660 2801 1796 2863 luna
1845 2802 2091 2864 dicitur:
2145 2804 2512 2882 Augustinus
2569 2800 2864 2884 ‘quotus
2917 2796 3220 2886 quisque

607 2905 680 2965 in
722 2900 730 2984 Ι
772 2903 900 2964 hac
957 2905 1100 2964 vita
1156 2903 1475 2963 existere
1533 2908 1804 2983 potest,
1861 2904 1980 2979 qui
2037 2920 2173 2961 non
2229 2903 2700 2964 convincatur
2748 2921 2906 2964 esse
2966 2921 3220 2984 pecca-

609 2998 773 3084 tor',
831 3002 890 3062 id
942 3009 1034 3062 est
1088 3002 1149 3061 in
1197 3018 1312 3079 qua
1360 3007 1579 3079 aetate,
1634 3018 1752 3078 quo
1799 2999 2034 3061 dierum
2091 2999 2180 3060 vel
2237 3017 2529 3061 annorum
2582 3012 2851 3063 numero.
2945 3002 3221 3073 Quotidie
3250 3014 3304 3053 2⁵

607 3099 950 3163 adverbium
1016 3099 1252 3159 numeri
1315 3116 1425 3177 per
1480 3116 1518 3176 q
1584 3097 1967 3159 scribendum
2023 3108 2142 3180 est,
2205 3117 2322 3159 non
2380 3117 2488 3178 per
2545 3118 2605 3180 c,
2662 3106 2728 3160 ut
2782 3110 2929 3179 quot
2985 3099 3223 3163 diebus:

609 3197 825 3259 cotidie
892 3195 1234 3257 adverbium
1300 3197 1762 3257 continuationis
1837 3215 1945 3276 per
2000 3216 2032 3257 c
2098 3205 2159 3257 et
2213 3216 2248 3257 o
2312 3196 2531 3258 dicitur
2595 3206 2656 3258 et
2726 3197 3036 3281 scribitur,
3101 3217 3221 3259 non

609 3316 717 3377 per
763 3314 827 3375 q,
874 3297 1012 3374 quia
1058 3311 1177 3354 non
1225 3312 1258 3353 a
1306 3301 1485 3372 quota
1532 3292 1654 3375 die,
1701 3294 1805 3355 sed
1854 3313 1884 3354 a
1934 3297 2264 3356 continenti
2309 3294 2405 3356 die
2453 3296 2677 3357 dictum
2725 3305 2834 3356 est.
2928 3296 3223 3368 Quaestor

609 3414 639 3456 a
680 3393 1039 3474 quaerendo,
1077 3393 1244 3470 quasi
1284 3395 1614 3473 quaesitor,
1649 3411 1757 3472 per
1786 3410 1855 3454 ae
1893 3392 2317 3472 diphthongon.
2384 3392 2760 3472 Quanquam,
2800 3395 2964 3474 prior
3002 3393 3222 3474 syllaba

613 3513 651 3554 n
697 3492 875 3554 debet
919 3489 1167 3571 habere,
1214 3508 1333 3550 non
1380 3508 1456 3550 m.
3248 3503 3301 3542 so

786 3589 1092 3668 Reliquiae
1130 3605 1238 3667 per
1276 3605 1313 3666 q
1352 3586 1733 3648 scribendum
1772 3595 1865 3648 est
1902 3596 1963 3648 et
1999 3606 2183 3648 unum
2224 3589 2267 3662 1,
2314 3590 2455 3651 licet
2495 3590 2789 3670 Vergilius
2828 3582 3004 3673 (Aen.
3039 3592 3077 3650 I
3096 3583 3221 3674 30)

610 3691 841 3771 poetica
895 3687 1132 3747 licentia
1186 3684 1436 3745 dixisset
1491 3680 1913 3765 ‘relliquiae
1970 3682 2329 3748 Danaum'.
2421 3687 2643 3749 Radius
2699 3688 3038 3769 masculini,
3103 3707 3219 3749 non

609 3787 839 3849 radium
894 3784 1109 3844 neutri.
1201 3779 1408 3841 Rubor
1454 3780 1697 3863 coloris,
1752 3780 1938 3843 robur
1987 3786 2252 3859 virtutiS,
2310 3785 2491 3846 robor
2538 3785 2715 3846 arbor
2760 3793 2869 3846 est.
2961 3785 3221 3846 Redoleo

609 3890 995 3964 unguentum.
1051 3879 1303 3957 Regium
1341 3878 1500 3957 quod
1540 3881 1698 3958 regis
1737 3879 1867 3961 suit,
1904 3882 2101 3960 regale
2141 3881 2297 3961 quod
2342 3901 2484 3962 rege
2513 3882 2757 3962 dignum
2797 3891 2905 3945 est.
2962 3883 3221 3945 Roseum

609 4003 716 4065 per
764 4000 855 4063 se,
912 3979 1207 4039 rosacium
1262 3978 1527 4038 mixtum.
1621 3973 1886 4040 ‘Recens
1941 3976 2087 4039 feci’
2137 3979 2417 4062 dicimus,
2475 3999 2596 4042 non
2644 3991 2936 4062 recenter,
2983 3990 3221 4044 utentes
3250 3991 3304 4032 ³⁵

612 4083 848 4144 nomine
896 4096 1003 4159 pro
1050 4074 1344 4137 adverbio.
1418 4075 1751 4156 Rhythmus
1797 4094 2037 4159 graece,
2082 4077 2261 4138 latine
2308 4078 2648 4147 modulatio.
2726 4078 2813 4140 Re
2860 4082 3219 4160 praepositio

610 4199 730 4243 non
786 4187 1014 4240 tantum
1071 4174 1244 4256 plena
1299 4177 1686 4255 praeponitur
1733 4174 2087 4254 quibusdam
2141 4177 2413 4257 partibus
2461 4179 2775 4260 orationis,
2833 4186 2900 4240 ut
2958 4187 3223 4239 removet

611 4279 854 4340 refricat
900 4276 1178 4354 respirat,
1226 4272 1328 4333 sed
1367 4282 1428 4335 et
1464 4275 1500 4334 d
1550 4272 1808 4334 litteram
1845 4276 2121 4355 assumit,
2167 4283 2234 4335 ut
2281 4274 2553 4336 redolere
2598 4275 2812 4337 redire.
2889 4275 2991 4337 sed
3040 4278 3220 4337 inter-

791 4464 821 4514 7
859 4474 960 4527 per
998 4474 1029 4510 0
1065 4456 1125 4509 et
1158 4453 1217 4507 ui
1253 4452 1550 4508 scribenda.
1586 4456 1672 4508 est
1708 4453 1754 4509 S
1787 4470 1888 4523 per
1925 4453 2016 4508 eui
2053 4454 2344 4511 scribenda.
2380 4457 2468 4511 est
2496 4472 2539 4525 p
2585 4473 2686 4526 per
2722 4456 2813 4511 cui
2863 4456 3221 4527 cuiscriptum

611 4541 696 4595 est
733 4540 807 4594 M
977 4543 1043 4591 10
1081 4535 1322 4604 quantus
1360 4535 1419 4589 et
1453 4535 1645 4589 tantus
1681 4550 1782 4604 per
1817 4553 1860 4593 n.
1894 4535 1970 4588 M
2003 4537 2244 4604 quantus
2281 4552 2382 4606 per
2415 4554 2456 4589 n
2492 4538 2613 4605 (per
2649 4554 2675 4590 s
2703 4545 2771 4605 p)
2808 4538 2869 4593 et
2906 4540 3096 4593 tantus
3128 4538 3224 4607 pS

722 4625 787 4673 14
823 4616 1050 4687 loquela
1085 4633 1185 4670 om.
1216 4616 1372 4685 ΡΜ,
1411 4616 1536 4671 add.
1571 4615 1617 4671 S
1762 4622 1827 4670 16
1867 4614 2156 4684 quaeritur
2192 4614 2261 4669 de
2296 4614 2630 4685 inquirendo
2670 4632 2773 4687 per
2809 4633 2876 4672 ae
2914 4618 3222 4688 diptongon

612 4699 771 4767 (dipt.
809 4713 910 4752 om.
942 4699 1008 4766 p)
1047 4699 1300 4765 queritur
1335 4697 1405 4752 de
1441 4696 1716 4767 plorando
1752 4711 1854 4765 per
1890 4711 1921 4750 ε
1949 4696 2082 4764 pM
2261 4700 2327 4750 18
2375 4697 2603 4765 questus
2648 4696 3009 4753 lacrimarum
3053 4714 3155 4768 per
3189 4715 3222 4753 ε

611 4777 972 4846 queremonia.
1007 4794 1111 4846 per
1146 4777 1255 4832 duo
1292 4795 1323 4832 e
1353 4778 1486 4846 pM
1607 4783 1672 4830 21
1713 4775 2016 4830 formosam
2054 4775 2130 4829 M
2250 4782 2319 4831 23
2357 4776 2618 4848 quisque]
2658 4775 2784 4846 quis
2822 4777 2868 4833 S
2984 4786 3054 4834 34
3089 4796 3222 4850 rege

612 4858 844 4928 dignum
882 4857 926 4911 S
960 4855 1081 4925 regi
1119 4856 1351 4927 dignum
1380 4857 1515 4925 pM
1665 4872 1888 4911 roseum
1924 4873 2025 4927 per
2061 4872 2092 4911 ε
2129 4856 2410 4912 rosacium
2445 4855 2682 4912 mixtum
2719 4874 2823 4930 per
2857 4875 2894 4913 a.
2920 4876 2964 4931 p
3001 4875 3223 4915 roseum

612 4954 714 5009 per
751 4955 781 4992 ε
818 4938 1100 4992 roseatum
1137 4936 1377 4993 mixtum
1415 4936 1491 4993 M
2000 4930 2012 4939 ”
3045 4951 3053 4959 ·
