3613 5528
1372 414 1510 469 ARS
1547 413 2039 472 GRAMMATICA
2866 418 2997 483 429

401 523 446 559 1³.
473 514 540 555 57.
567 514 620 555 58
647 515 706 554 H.

404 607 599 681 catur,
646 602 865 662 deinde
909 602 1066 661 vires
1112 609 1391 663 resumat.
1484 600 1699 662 multae
1747 608 1942 662 autem
1983 619 2193 662 causae
2234 602 2456 664 mediae
2494 603 2671 665 huius
2709 602 2998 687 lectionis,

403 707 662 786 primum
707 722 782 766 ne
830 706 1269 770 confundantur
1315 726 1466 789 quae
1504 707 1691 769 dicola
1727 707 1820 768 vel
1858 707 2062 768 tricola
2100 717 2430 790 ponuntur3
2476 709 2687 771 deinde
2726 717 2793 771 ut
2830 718 2997 772 actus

406 811 721 873 verborum
769 814 1026 875 emineat
1071 823 1132 876 et
1177 815 1396 898 luceat,
1452 817 1554 895 qui
1614 834 1684 877 ex
1742 814 1938 895 aliquo
1994 816 2154 876 venit
2199 816 2414 877 affectu
2460 815 2552 877 vel
2597 817 2995 897 indignatione

404 937 511 980 seu
558 920 936 980 miseratione
982 920 1239 1003 conlata,
1292 929 1394 982 aut
1439 929 1603 983 certe
1649 921 1902 1002 quadam
1947 924 2235 984 artatione
2283 925 2575 985 sermonis
2621 942 2771 1004 quae
2819 925 2994 985 emsa·

350 1037 377 1078 5
405 1028 555 1088 ticos
600 1044 634 1086 a
679 1029 870 1108 poetis
916 1046 950 1084 *
998 1075 1013 1089 .
1060 1029 1247 1107 siquis
1301 1030 1501 1107 itaque
1557 1030 1684 1089 sine
1743 1027 1933 1089 media
1989 1030 2236 1109 spiritus
2290 1033 2682 1111 suspensione
2736 1050 2995 1111 pronun·

400 1135 633 1195 tiaverit
672 1133 683 1209 Ι

720 1250 839 1304 aut
882 1242 1013 1303 hoc
1057 1242 1329 1304 inclusi
1372 1243 1444 1303 in
1491 1242 1683 1322 ligno
1730 1243 2191 1305 occultantur
2237 1243 2485 1305 Achivi

719 1357 839 1410 aut
882 1349 1055 1411 haec
1101 1351 1169 1410 in
1215 1357 1507 1411 nostros
1554 1349 1908 1412 fabricata
1953 1360 2061 1412 est
2108 1351 2428 1412 machina
2477 1369 2714 1413 muros

720 1457 1144 1536 inspectura
1190 1457 1433 1518 domos
1479 1465 1925 1538 venturaque
1971 1458 2283 1539 desuper
2328 1457 2492 1520 urbi

326 1573 377 1614 1⁰
721 1571 842 1624 aut
885 1563 1152 1643 aliquis
1196 1564 1373 1626 latet
1420 1582 1626 1625 error
1673 1567 1843 1644 equi
1891 1583 1973 1626 ne
2020 1565 2299 1627 credite
2345 1564 2635 1646 Teucri,

405 1669 789 1732 confunditur
835 1673 986 1732 ratio
1034 1673 1479 1756 compositionis
1524 1671 1784 1751 generali
1852 1674 2087 1733 nomine
2143 1672 2285 1752 ligni
2339 1672 2643 1733 machinae
2690 1676 2827 1752 equi
2876 1721 2889 1735 .
2937 1683 2999 1734 et

1698 1778 2105 1858 lectumque
2152 1778 2484 1861 iugalem,

1144 1906 1279 1967 quo
1326 1889 1539 1970 perii,
1586 1905 1803 1968 super
1848 1889 2226 1968 imponam:

402 1992 515 2054 hoc
560 1995 718 2054 enim
765 1993 948 2055 voluit
992 1993 1254 2074 intellegi
1301 1993 1476 2076 Dido,
1535 2012 1654 2055 non
1710 2012 1843 2056 esse
1900 1993 2118 2056 lectum
2173 1992 2458 2074 iugalem,
2516 2012 2633 2074 quo
2689 1997 2936 2076 perierit
2983 2043 2997 2056 .

277 2185 284 2192 ἱ
325 2107 376 2148 1⁵
404 2100 835 2163 immorandum
901 2109 992 2162 est
1055 2119 1197 2180 ergo
1253 2111 1315 2162 et
1369 2100 1781 2182 respirandum
1828 2109 1969 2178 post
2022 2095 2321 2180 ‘iugalem'
2377 2109 2439 2163 et
2493 2102 2578 2162 sic
2624 2102 3000 2163 inserendum

405 2225 540 2268 cum
603 2198 1013 2287 ὑποκρίσεως
1076 2211 1288 2270 atl'ectu
1356 2203 1506 2287 ‘quo
1571 2202 1772 2288 perii'.
1872 2206 2238 2288 distinguere
2303 2215 2502 2269 autem
2565 2214 2799 2294 oportet
2863 2218 2999 2270 ante

405 2315 845 2398 similitudineS,
892 2333 1038 2395 quas
1076 2314 1286 2377 Graeci
1322 2313 1627 2396 parabolas
1664 2323 1901 2397 vocant,
1939 2323 1999 2376 et
2036 2325 2170 2376 ante
2209 2314 2469 2376 redditas
2508 2305 3001 2397 ἀνταποδόσεις,

403 2431 465 2483 et
518 2421 805 2502 siquando
860 2441 900 2484 a
946 2441 1217 2501 persona
1270 2423 1343 2484 ad
1397 2440 1714 2502 personam
1769 2425 2058 2485 transitus
2112 2424 2228 2484 erit
2281 2423 2499 2504 factus,
2562 2431 2624 2485 et
2668 2430 2803 2485 ante
2852 2418 2999 2484 ‘aut'

402 2532 880 2592 coniunctionem
936 2538 996 2591 et
1049 2538 1185 2591 ante
1241 2547 1445 2590 casum
1498 2532 1830 2592 vocativum
1876 2538 1938 2592 et
1983 2539 2118 2592 ante
2166 2524 2336 2592 ‘sed'
2384 2538 2445 2592 et
2490 2538 2625 2591 ante
2673 2526 2998 2611 ‘quoniam'

323 2642 376 2682 ²0
403 2645 465 2699 et
510 2645 645 2697 ante
690 2638 1131 2716 interrogativa,
1178 2643 1246 2698 ut

695 2746 852 2825 quis
898 2743 1100 2825 deuS,
1144 2761 1179 2804 o
1225 2741 1490 2825 Musae,
1536 2746 1655 2824 qui
1702 2745 1909 2808 nobis
1955 2745 2240 2808 extudit
2284 2752 2537 2827 artem,

697 2853 879 2915 unde
925 2869 1101 2912 nova
1149 2854 1528 2931 ingressus
1574 2851 1935 2915 hominum
1983 2854 2443 2932 experientia
2485 2850 2726 2934 cepit?

403 2968 538 3039 post
583 2960 1024 3040 interrogativa,
1071 2966 1137 3020 ut

1469 3065 1690 3147 Musa,
1735 3064 1906 3128 mihi
1954 3085 2205 3129 causas
2250 3084 2572 3128 memora.

405 4011 823 4018 .—-.———-————

582 4131 763 4187 Codex
800 4130 1195 4201 Sangallensis.
1268 4134 1300 4183 2
1339 4127 1818 4199 confundaturque
1854 4128 2055 4185 tricola.
2089 4129 2182 4183 uel
2217 4127 2454 4183 tricoma.
2612 4130 2676 4181 ut
2710 4128 2892 4181 tactus

404 4220 437 4267 3
474 4231 542 4268 ex
579 4211 723 4267 alico
885 4216 918 4265 4
965 4210 1266 4282 artatione]
1322 4210 1577 4278 captione
1739 4225 1883 4279 quus
1937 4207 2305 4264 cacenfaticos
2466 4212 2498 4261 5
2536 4204 2821 4276 suspensio
2964 4212 2997 4260 9

402 4294 598 4348 domus
634 4310 772 4348 corr.
795 4323 859 4332 —
884 4308 1003 4346 mos
1148 4298 1214 4347 10
1252 4291 1347 4362 ne]
1385 4306 1488 4345 nec
1633 4295 1697 4343 15
1726 4290 1858 4358 post
1893 4305 1992 4343 om.
2142 4293 2205 4342 17
2236 4288 2611 4348 αντακοδοσις
2638 4286 2697 4340 et
2722 4283 2997 4353 siquando

404 4374 478 4429 ad
514 4389 810 4444 personam
846 4373 1050 4427 transit
1085 4372 1193 4427 erit
1227 4373 1408 4427 faetus
1575 4378 1638 4426 19
1675 4370 1797 4442 sed]
1837 4371 1996 4425 sedet
2151 4374 2217 4422 21
2258 4384 2292 4423 o
2327 4365 2542 4438 Musae]
2588 4383 2777 4423 omose
2928 4372 2996 4420 22

403 4470 552 4513 noua
586 4469 805 4526 gressus
949 4453 1135 4523 coepit

579 4728 614 4778 4
649 4720 741 4778 vel
779 4721 929 4776 certe
966 4736 1090 4774 cum
1131 4719 1376 4790 quadam
1411 4719 1691 4774 artatione
1728 4714 1999 4774 sermonis
2036 4732 2179 4786 quae
2219 4710 2539 4786 ἔμφατικῶς
2573 4729 2610 4767 a.
2644 4711 2826 4783 poetis
2872 4728 2998 4766 con-

402 4806 669 4875 geruntur
713 4801 1001 4857 Diomedes
1173 4807 1202 4855 7
1241 4802 1342 4856 aut
1386 4799 1514 4870 hoc]
1582 4798 1737 4868 Verq.
1774 4799 1914 4853 Aen.
1963 4797 2048 4851 II
2080 4800 2151 4851 45
2325 4801 2388 4849 12
2443 4794 2782 4866 lectumque]
2842 4794 2996 4864 Very.

403 4885 541 4941 Aen.
579 4882 749 4938 IIII
780 4885 894 4938 496
1037 4887 1101 4937 21
1144 4880 1290 4952 quis]
1343 4880 1497 4951 Verq.
1532 4895 1707 4951 yeory.
1747 4878 1917 4933 IIII
1949 4881 2057 4933 315
2201 4882 2271 4931 24
2299 4873 2480 4945 Musa]
2530 4873 2684 4945 Very.
2724 4871 2861 4930 Aen.
2893 4872 2936 4926 I
2960 4878 2999 4929 8
