3613 5528
687 389 815 453 676
1655 389 1890 446 INDEX
1926 389 2309 448 LIBRORVM

687 568 871 624 Rufini
906 568 1293 639 commentarii
1330 568 1400 623 de
1438 567 1630 624 metris
1668 568 2003 625 comicorum
2043 573 2102 625 et
2128 570 2200 626 de
2228 571 2472 627 numeris
2499 587 2618 628 ora-

827 644 1014 696 torum
1037 683 2405 701 ....................
2441 686 2475 699 ..
2534 688 2546 699 .
2605 687 2617 699 .
2656 644 2765 699 vol.
2793 644 2872 699 VI
2925 664 2979 716 p.
3009 651 3305 703 547—578

687 713 953 767 Sacerdos
988 729 1037 767 v.
1076 711 1294 768 Plotius

687 787 747 849 Q.
781 784 1024 839 Terentii
1063 783 1257 839 Scauri
1293 783 1363 838 de
1401 783 1805 853 orthographia
1842 782 1986 839 liber
2038 829 2618 843 .........
2799 787 2902 842 VII
3085 796 3185 843 1—
3226 797 3303 846 35

689 855 932 926 [Scauri]
971 854 1039 909 de
1078 854 1431 910 ordinatione
1468 855 1713 926 partium
1754 854 2021 910 orationis
2035 899 2614 913 .........
2797 857 2901 913 VII
3045 867 3113 915 33

685 926 863 995 Sergii
902 926 1326 996 explanationes
1362 927 1423 981 in
1459 930 1638 981 artem
1676 928 1883 981 Donati
1964 971 2614 985 ..........
2798 930 2873 984 IV
3010 937 3303 989 486-565

687 998 866 1067 Sergii
911 998 1300 1053 commentarii
1346 999 1415 1053 de
1462 995 1677 1066 littera,
1725 999 1796 1053 de
1835 998 2079 1068 syllaba,
2130 998 2199 1054 de
2237 999 2499 1069 pedibus,
2546 1001 2616 1055 de

831 1070 1177 1140 accentibus,
1234 1070 1304 1125 de
1355 1070 1711 1125 distinctione
1767 1069 1976 1141 [Sergii
2022 1071 2080 1125 in
2124 1070 2362 1140 primam
2410 1070 2616 1127 Donati

829 1141 1131 1197 editionem
1170 1141 1631 1197 commentarium
1669 1159 1721 1211 p.
1766 1146 2115 1196 1825—1838
2154 1143 2239 1200 ed.
2270 1142 2544 1215 Putsch].
2605 1186 2617 1199 .
2799 1145 2874 1199 lv
3010 1152 3301 1203 475-486

687 1213 864 1281 Sergii
901 1214 969 1268 de
1006 1215 1127 1268 arte
1207 1213 1537 1269 rammatica
1570 1212 1847 1284 praefatio
1892 1257 2615 1270 ...........
2798 1218 2900 1271 ΥΠ
3010 1225 3300 1274 537-538

687 1284 864 1339 Servii
910 1301 1162 1340 commen
1229 1284 1343 1339 rius
1389 1284 1449 1340 in
1495 1293 1673 1340 artem
1710 1283 1919 1340 Donati
1965 1284 2169 1353 [Servii
2215 1286 2276 1339 in
2317 1286 2521 1340 secund
2588 1350 2591 1354 ,
3223 1294 3231 1305 ’

829 1356 1037 1411 Donati
1072 1356 1376 1411 editionem
1412 1356 1821 1427 interpretatio,
1873 1354 2054 1425 Sergii
2089 1356 2148 1410 in
2177 1357 2476 1421 secundam
2499 1357 2554 1420 ‚D
2596 1388 2615 1398 ·

828 1426 946 1482 nati
983 1426 1287 1483 editionem
1326 1428 1728 1484 commentaria
1773 1446 1826 1497 p.
1870 1432 2255 1484 1779—1800.
2311 1446 2365 1498 p.
2409 1433 2616 1483 1837-—

831 1504 1038 1554 -1856
1077 1499 1161 1554 ed.
1191 1498 1420 1568 Putsch]
1467 1542 2618 1559 .................
2798 1503 2875 1556 IV
3009 1510 3297 1559 405—448

689 1571 865 1625 Servii
900 1569 1178 1626 Honorati
1214 1571 1284 1625 de
1319 1571 1579 1625 finalibus
1614 1570 1687 1625 ad
1724 1571 2045 1642 Aquilinum
2087 1572 2544 1627 commentarius.
2603 1616 2615 1628 .
2794 1574 2873 1627 IV
3009 1580 3297 1631 449-455

684 1642 848 1697 Marii
885 1640 1066 1697 Servii
1104 1641 1376 1698 Honorati
1413 1641 1480 1697 de
1520 1646 1742 1698 centum
1780 1642 1973 1696 metris
2012 1641 2154 1698 liber
2190 1643 2262 1699 ad
2299 1642 2564 1699 Albinum
2605 1687 2617 1699 .
2796 1645 2872 1699 IV
3009 1654 3295 1702 456-467

687 1716 862 1768 Servii
903 1714 971 1769 de
1009 1713 1200 1769 metris
1238 1713 1459 1769 Horatii
1496 1713 1925 1769 commentarius
1966 1758 2615 1771 ..........
2795 1717 2871 1770 IV
3007 1723 3296 1774 468—472

689 1787 815 1839 Iulii
854 1785 1044 1841 Severi
1082 1784 1152 1840 de
1189 1785 1424 1855 pedibus
1467 1786 1740 1855 expositio
1756 1828 2616 1842 .............
2797 1787 2874 1841 ΥΙ
3009 1795 3294 1845 641-645

685 1856 1005 1911 'l'erentiani
1041 1856 1331 1932 Mauride
1367 1855 1597 1925 litteris,
1636 1856 1705 1912 de
1743 1855 2004 1926 syllabis,
2042 1857 2113 1912 de
2150 1859 2344 1913 metris
2379 1857 2544 1913 libri.
2605 1901 2618 1913 .
2797 1860 2874 1913 VI
3009 1867 3294 1916 313-413

687 1929 850 1982 Marii
886 1928 1161 1983 Victorini
1198 1928 1336 1983 artis
1373 1929 1777 1999 grammaticae
1814 1928 1945 1983 libri
1981 1929 2057 1983 IV
2106 1972 2611 1985 ........
2801 1931 2873 1986 v1
3081 1938 3295 1986 1—184

685 1999 957 2054 Victorini
993 2016 1083 2054 ars
1121 2001 1491 2069 grammatica
1529 1999 1785 2072 [Maximi
1828 1999 2097 2054 Victorini
2133 2001 2203 2054 de
2238 2017 2299 2056 re
2334 2017 2612 2071 gramma-
2886 1993 2894 2009 “

829 2071 942 2126 tica
977 2070 1118 2126 liber
1155 2088 1209 2140 p.
1244 2076 1595 2126 1937-1954
1632 2072 1718 2127 ed.
1756 2070 1989 2143 Putsch]
2035 2114 2613 2128 .........
2796 2071 2874 2125 VI
3010 2080 3291 2131 187—205

691 2142 964 2198 Victorini
1010 2142 1079 2197 de
1116 2143 1308 2198 metris
1347 2147 1405 2198 et
1442 2143 1510 2198 de
1547 2145 1869 2198 hexametro
1908 2143 2064 2199 liber.
2138 2160 2227 2198 ars
2263 2143 2616 2198 Palaemonis

827 2214 892 2270 de
930 2213 1164 2269 metrica
1199 2213 1551 2270 institutione
1590 2214 1892 2285 [Maximus
1921 2213 2241 2270 Victorinus
2272 2215 2341 2270 de
2370 2214 2613 2270 carmine

827 2286 1048 2341 heroico
1083 2303 1138 2355 p.
1172 2291 1521 2341 1955—1962
1561 2286 1646 2342 ed.
1684 2286 1917 2357 Putsch]
1960 2330 2613 2342 ..........
2793 2285 2871 2340 VI
3006 2294 3290 2345 sos—215

683 2359 910 2412 Maximi
948 2357 1224 2412 Victorini
1261 2358 1330 2413 de
1367 2359 1583 2413 ratione
1621 2364 1927 2413 metrorum
1964 2358 2393 2413 commentarius
2456 2401 2467 2413 .
2528 2402 2540 2413 .
2598 2402 2611 2414 .
2790 2357 2869 2411 VI
3004 2365 3289 2416 216—228

683 2427 936 2497 lMaximi
973 2428 1269 2500 Victorini]
1309 2429 1378 2484 de
1415 2429 1675 2484 finalibus
1711 2433 2017 2485 met-rorum
2060 2429 2265 2502 [Servii
2303 2428 2464 2484 Marii
2502 2429 2614 2484 Ho-

822 2499 1003 2555 norati
1052 2500 1121 2555 de
1171 2500 1386 2556 ratione
1432 2501 1756 2556 ultimarum
1803 2500 2147 2570 syllabarum
2183 2502 2255 2555 ad
2290 2500 2617 2571 Aquilinum

823 2572 963 2627 liber
1044 2617 1050 2623 .
1088 2577 1437 2627 1799-1810
1476 2573 1561 2629 ed.
1600 2573 1835 2644 Putsch]
1889 2615 2613 2629 ...........
2793 2570 2870 2625 VI
3008 2580 3289 2629 229—242

683 2642 934 2713 [Maximi
972 2589 1271 2715 Vlictorini]
1310 2645 1380 2698 de
1418 2644 1659 2699 caesuris
1738 2687 2607 2700 .............
2790 2642 2866 2698 VI
3006 2652 3112 2701 240

687 2718 1026 2771 incertorum
1063 2717 1399 2786 scriptorum
1434 2715 1566 2772 libri
1604 2720 1663 2772 et
1698 2716 2017 2787 fragmenta

685 2790 765 2840 De
805 2787 985 2842 dubiis
1021 2787 1339 2843 nominibus
1379 2789 1473 2860 [de
1509 2789 1808 2860 generibus
1845 2787 2156 2859 nominum]
2173 2831 2611 2844 .......
2794 2786 2842 2839 V
3007 2794 3290 2844 566-594

681 2862 761 2912 De
805 2859 1164 2915 idiomatibus
1179 2902 2612 2917 .....................
2794 2858 2869 2912 IV
3005 2865 3289 2915 566-584

681 2934 761 2984 De
793 2931 1060 3001 positura,
1089 2929 1160 2986 de
1190 2931 1361 3001 chria,
1390 2932 1459 2986 de
1493 2934 1768 3015 poemate,
1796 2932 1867 2986 de
1895 2948 2077 2998 versu,
2115 2932 2184 2985 de
2213 2930 2536 2986 accentibus
2590 2930 2665 2983 VI
2705 2935 3004 2988 273—275.
3042 2931 3146 2986 VH
3187 2939 3286 2987 671

679 3004 957 3072 Excerpta
1004 3020 1075 3057 ex
1121 3004 1537 3058 commentariis
1582 3002 1643 3057 in
1678 3003 1960 3058 Donatum
2006 3020 2072 3057 ex
2110 3001 2301 3058 codice
2339 3001 2613 3069 Leidensi,

821 3073 1151 3201 Lfflssntim’
1179 3074 1446 3143 Parisino,
1474 3074 1814 3142 Monacensi,
1833 3074 2121 3143 Vossiano,
2153 3073 2617 3144 Sangermanensi
2795 3072 2873 3199 {75}
3008 3080 3289 3130 325—328

681 3148 759 3198 Dc
797 3163 865 3216 pe
910 3146 922 3157 “
967 3164 1029 3201 us
1107 3188 2613 3203 ......................
2871 3148 2872 3151 ’
3009 3152 3113 3201 646

677 3218 1013 3288 Fragmenta
1049 3216 1433 3273 Berolinensia
1469 3217 1538 3272 de
1576 3217 1747 3273 heroo
1782 3218 2107 3273 hexametro
2136 3221 2197 3272 et
2223 3217 2292 3272 de
2321 3215 2614 3286 speciebus

819 3290 1129 3344 hexametri
1165 3288 1376 3344 heroici
1391 3330 2611 3346 ..................
2793 3288 2871 3341 Vl
3007 3293 3283 3342 633—637

685 3362 1014 3430 l·‘ragmenta
1049 3360 1349 3416 Bobiensia

996 3432 1065 3487 de
1102 3432 1428 3489 accentibus
1458 3474 2613 3488 .................
2796 3430 2898 3483 VII
3005 3435 3123 3485 539.
3184 3435 3285 3484 540

997 3503 1069 3558 de
1106 3504 1368 3559 finalibus
1405 3503 1635 3574 syllabis
1673 3545 2612 3558 ..............
2793 3501 2868 3554 VI
3004 3507 3123 3556 625.
3183 3507 3285 3556 626

998 3576 1067 3631 de
1106 3577 1298 3631 littera
1318 3616 2612 3631 ...................
2792 3571 2897 3626 VH
3004 3577 3125 3629 538.
3183 3578 3285 3628 539

995 3647 1065 3702 de
1102 3647 1294 3703 metris
1321 3687 2612 3703 ...................
2793 3643 2870 3697 VI
3006 3650 3109 3699 629

997 3719 1067 3773 de
1101 3719 1328 3775 nomine
1384 3762 1396 3775 .
1460 3758 2608 3774 .................
2788 3712 2897 3768 VII
3007 3721 3129 3771 540.
3189 3724 3282 3771 541

995 3790 1064 3844 de
1102 3790 1328 3846 nomine
1365 3793 1424 3844 et
1457 3788 1783 3859 pronomine
1814 3829 2607 3844 ............
2792 3785 2838 3838 V
3005 3793 3283 3844 555-566

995 3861 1065 3916 de
1100 3861 1343 3933 propriis
1380 3860 1695 3915 nominibus
1742 3901 2254 3915 ........
2283 3896 2287 3900 Δ
2314 3900 2609 3915 .....
2790 3855 2897 3911 ΥΠ
3006 3865 3111 3914 540

994 3933 1062 3987 de
1101 3932 1392 3988 structuris
1459 3971 2607 3987 .................
2789 3928 2870 3984 VI
3007 3935 3279 3985 627—629

993 4005 1063 4058 de
1100 4005 1271 4060 verbo
1307 4023 1355 4061 v.
1395 4002 1667 4060 Macrobii
1704 4006 1967 4073 excerpta

993 4076 1062 4130 de
1100 4076 1350 4132 versibus
1381 4119 1394 4132 .
1455 4119 1466 4131 .
1525 4120 1535 4131 .
1596 4119 1606 4129 .
1667 4117 1679 4129 .
1738 4118 1749 4130 .
1810 4105 1821 4130 .·
1884 4115 2607 4130 ...........
2792 4072 2868 4126 VI
3004 4077 3279 4127 617—625

993 4147 1050 4201 in
1085 4148 1270 4203 varios
1297 4146 1534 4218 Vergilii
1561 4145 1783 4201 Horatii
1810 4145 2021 4200 Lucani
2048 4145 2329 4200 Iuvenalis
2357 4143 2612 4199 Sallustii

1099 4221 1252 4274 locos
1313 4259 2609 4274 ...................
2789 4215 2895 4269 VH
3000 4218 3282 4269 541—544

993 4294 1062 4359 cf.
1103 4290 1344 4346 Charisii
1380 4292 1644 4360 excerpta

675 4366 1012 4434 Fragmenta
1050 4362 1303 4418 Parisina
3252 4391 3259 4397 ·

993 4435 1063 4489 de
1099 4433 1343 4488 iambico
1381 4435 1559 4488 metro
1600 4474 2608 4490 ...............
2790 4429 2865 4483 VI
3001 4432 3125 4482 630.
3184 4435 3282 4484 631

994 4507 1064 4560 de
1099 4505 1249 4561 notis
1285 4523 1335 4560 v.
1372 4509 1540 4561 notae
3356 4532 3360 4536 ·

994 4578 1063 4632 de
1101 4577 1608 4648 praepositionibus
1646 4578 1705 4632 et
1740 4575 1923 4631 verbis
1959 4617 2612 4631 ..........
2793 4572 2895 4626 VII
3040 4579 3126 4627 34.
3217 4577 3277 4625 35

993 4650 1063 4704 de
1099 4650 1364 4719 rhythmo
1386 4688 2611 4705 ..................
2793 4644 2868 4698 Vl
3007 4649 3129 4700 631.
3187 4649 3279 4698 632

681 4724 1012 4790 Fragmenta
1042 4720 1431 4791 Sangallensia
1457 4721 1526 4775 de
1557 4719 1845 4775 scansione
1885 4719 2094 4774 heroici
2123 4736 2341 4786 versus,
2381 4718 2449 4774 de
2477 4719 2615 4774 iam·

823 4793 942 4847 bico
979 4793 1263 4857 trimetro,
1301 4793 1370 4847 de
1407 4795 1782 4862 pentametr0‚
1827 4790 1896 4845 de
1935 4790 2114 4860 epodo
2154 4790 2540 4859 octosyllabo.
2599 4834 2609 4846 .
2797 4786 2871 4840 VI
3009 4792 3276 4841 637-641

681 4867 1073 4934 Fragmentum
1112 4863 1694 4919 Wolfenbuttelanum
1734 4862 1803 4916 de
1844 4860 2087 4917 caesuris
2792 4858 2870 4913 VI
2925 4906 2926 4909 ,
3006 4865 3109 4912 645

3461 2874 3469 2981 -ο-
3462 2683 3470 2827 ——
