3613 5528
1386 433 1482 488 DE
1523 432 2102 489 ORTHOGRAPHIA
2914 429 3045 494 265

438 547 484 585 p.
512 533 630 574 2⁷⁷⁸.
662 535 714 575 w
742 534 790 575 P.

613 618 947 680 Armarium
1017 618 1184 679 locus
1242 617 1345 680 ubi
1411 635 1924 699 quarumcumque
1983 618 2202 678 artium
2262 619 2658 678 iustrumenta
2722 623 3047 698 ponuntur,

438 728 954 787 armamentarium
1002 725 1107 787 ubi
1154 733 1384 786 tantum
1432 723 1545 786 tela
1592 740 1914 785 armorum.

615 830 857 893 Accedit
900 849 1008 911 per
1055 850 1088 892 e
1135 829 1207 891 ab
1255 830 1636 912 ambulandO,
1683 832 1899 894 accidit
1945 850 2052 912 per
2098 833 2119 891 i
2164 830 2238 891 ab
2284 839 2518 892 eventu.

614 936 935 1019 Belzebub,
981 956 1101 1000 non
1148 936 1415 998 belzebul
1462 947 1565 999 aut
1611 937 1915 1052 belzebud.
1989 936 2199 1020 Belial,
2244 955 2365 998 non
2410 937 2619 998 Beliar.

359 1064 385 1103 5
616 1043 798 1124 Byrsa
844 1063 1081 1127 graece,
1128 1044 1306 1105 latine
1354 1047 1600 1105 corium.

614 1148 811 1211 Bellus
864 1149 1251 1213 bellissimus,
1315 1153 1780 1232 comparativum
1837 1169 1955 1212 non
2013 1121 2215 1231 habet,
2279 1150 2381 1212 se'd
2440 1168 2548 1230 pro
2604 1169 2675 1211 eo
2731 1150 3044 1211 dicendum

440 1258 625 1336 magis
668 1255 860 1318 bellus
906 1267 967 1319 et
1014 1279 1045 1318 e
1094 1261 1392 1320 contrario
1439 1261 1638 1319 minus
1682 1257 1903 1340 belluS,
1947 1258 2007 1319 id
2056 1267 2147 1319 est
2192 1259 2390 1318 minus
2435 1256 2701 1337 pulcher.

614 1363 836 1425 Bucina
875 1372 967 1426 est
1005 1383 1120 1444 qua
1148 1366 1384 1444 signum
1422 1364 1522 1427 dat
1557 1364 1889 1445 bucinator,
1926 1364 2183 1425 bucinus
2218 1365 2349 1443 ipse
2377 1381 2559 1424 canor
2586 1382 2660 1424 ex
2698 1363 2805 1424 hac
2835 1363 3046 1426 editus,

441 1470 651 1531 bucina
689 1471 1000 1550 pastoralis
1039 1479 1131 1533 est
1167 1480 1229 1532 et
1266 1490 1456 1532 cornu
1495 1490 1746 1533 recurvo
1783 1473 1877 1554 fit,
1925 1470 2080 1532 unde
2120 1480 2181 1531 et
2218 1471 2501 1531 ceratinia
2537 1489 2748 1549 graece
2786 1480 3047 1532 vocatur.

364 1597 414 1636 10
441 1576 580 1638 tuba
627 1587 824 1639 autem
872 1577 944 1639 de
992 1597 1128 1639 aere
1177 1578 1269 1640 vel
1316 1587 1561 1659 argento
1608 1580 1867 1640 efficitur
1914 1588 1975 1639 et
2019 1575 2514 1639 sollemnitatibus
2561 1587 2895 1658 concrepat.

617 1680 954 1764 Baptismus
1002 1685 1278 1766 baptismi
1321 1705 1541 1766 genere
1590 1685 1916 1747 masculino
1964 1694 2024 1746 et
2079 1683 2364 1764 baptisma
2418 1684 2788 1765 bapsssmatis
2835 1694 3049 1745 neutro

441 1800 502 1852 et
544 1791 904 1873 baptismum
945 1793 955 1869 Ι
994 1792 1272 1872 baptismi
1319 1812 1506 1873 aeque
1555 1802 1787 1854 neutro.

616 1897 865 1959 Barbam
914 1898 1195 1982 hominis,
1244 1898 1457 1961 barbas
1501 1900 1800 1980 pecudum
1847 1899 2028 1960 dices,

617 2004 820 2066 Buxus
866 2004 1045 2067 arbor
1090 2009 1233 2088 erit,
1279 2006 1503 2069 buxum
1549 2009 1795 2083 materia
1844 2008 1985 2090 ipsa.

363 2132 415 2171 ιε
617 2110 902 2173 Balneum
958 2121 1191 2174 veteres
1246 2112 1526 2175 dixerunt
1577 2115 1705 2175 sive
1759 2111 2089 2174 balineum:
2145 2113 2290 2174 nihil
2345 2115 2506 2174 enim
2553 2113 2777 2194 differt,
2837 2112 2941 2173 sed
2987 2114 3048 2173 in

441 2219 716 2300 privatis3
773 2222 838 2279 in
890 2218 1148 2299 publicis
1200 2229 1399 2282 autem
1456 2222 1722 2282 seminini
1777 2220 2044 2301 generiS,
2101 2228 2162 2280 et
2216 2218 2459 2300 quidem
2506 2237 2755 2280 numero
2814 2237 3051 2299 semper

441 2323 655 2404 plurali
701 2327 1048 2406 frequenter
1093 2326 1350 2389 balneas,

618 2431 853 2514 Balvae,
900 2433 958 2494 id
1004 2442 1095 2494 est
1143 2433 1375 2517 thyrae,
1420 2454 1530 2516 per
1559 2434 1963 2515 ‚bincipiant

618 2538 929 2602 Baratrum
984 2541 1364 2621 singulariter
1422 2550 1647 2604 tantum
1707 2542 1969 2603 effertur.
2058 2543 2145 2601 sic
2198 2548 2398 2626 autem
2457 2538 2744 2600 vocabant
2801 2537 3052 2618 gentiles

356 2667 413 2704 ευ
440 2643 637 2705 locum
685 2646 840 2727 apud
886 2649 1127 2709 inferos,

619 2752 942 2815 Blanditiae
1000 2761 1061 2817 et
1114 2754 1312 2839 bigae,
1368 2759 1524 2818 sicut
1569 2764 1630 2817 et
1685 2757 1873 2835 trigae
1927 2764 1988 2817 et
2042 2720 2387 2835 quadrigae,
2440 2752 2750 2834 pluraliter
2807 2759 3051 2814 tantum.

440 2860 546 2921 sed
593 2863 654 2921 in
702 2870 1043 2923 nostrorum
1091 2862 1306 2924 litteris
1354 2866 1714 2943 scriptorum
1760 2870 1822 2923 et
1871 2861 2063 2941 bigam
2109 2863 2445 2922 invenimus
2492 2869 2551 2922 et
2598 2859 2961 2941 quadrigam.

619 2966 776 3028 Cana
823 2977 883 3030 et
929 2968 1134 3030 Simon
1181 2967 1524 3030 Cananaeus
1569 2986 1678 3048 per
1725 2967 2052 3048 simplicem
2100 2986 2160 3049 c,
2219 2967 2492 3028 Chanaan
2540 2974 2600 3029 et
2646 2966 2860 3027 mulier
2907 2965 3050 3027 Cha·

443 3091 664 3134 nanaea
710 3074 1109 3154 adspiratione
1156 3075 1367 3138 addita.

357 3202 412 3240 25
621 3180 901 3261 Cynomia
945 3200 1055 3262 per
1091 3201 1127 3262 y
1174 3186 1396 3265 scripta
1433 3185 1704 3245 caninam
1740 3201 2008 3244 muscam
2046 3183 2364 3263 signiticat3
2412 3200 2594 3261 cynos
2635 3182 2792 3241 enim
2839 3198 3051 3260 graece

440 3289 605 3348 canis
660 3287 904 3349 dicitur:
959 3291 1278 3351 coenomia
1318 3306 1428 3371 per
1475 3289 1881 3370 diphthongon
1928 3308 1999 3349 oe
2046 3306 2424 3350 communem
2469 3306 2763 3369 muscam3
2818 3305 3047 3348 coenon

441 3396 600 3455 enim
636 3413 847 3474 graece
886 3414 1200 3457 commune
1240 3406 1358 3479 est,
1406 3397 1560 3459 unde
1600 3396 1955 3459 coenobium
1991 3415 2023 3456 a
2057 3397 2359 3457 communi
2397 3397 2513 3457 vita
2553 3413 2768 3456 nomen
2806 3395 3053 3473 accepit.

442 3500 602 3580 quod
656 3504 718 3563 in
775 3502 961 3563 exodo
1017 3512 1077 3564 et
1131 3504 1192 3563 in
1247 3504 1528 3584 psalterio
1583 3505 1645 3564 in
1701 3505 1911 3584 primis
1969 3502 2318 3565 translatum
2364 3520 2496 3562 csse
2556 3501 2933 3582 arbitramur,
2989 3507 3057 3560 ut

442 3610 637 3669 omnis
672 3611 910 3689 generis
943 3628 1145 3672 musca
1184 3613 1638 3692 significaretur,
1675 3610 1780 3671 sed
1819 3602 2204 3671 similitudine
2232 3609 2363 3669 soni
2402 3624 2509 3686 per
2544 3607 2835 3668 incuriam
2865 3605 3053 3666 conti·

355 3737 414 3775 so
442 3716 602 3795 gisse
651 3726 716 3778 ut
761 3719 1028 3798 cynomia
1074 3736 1183 3798 pro
1231 3718 1535 3778 coenomia
1584 3715 1971 3778 scriberetur.

623 3822 827 3885 Coitus
882 3823 1240 3903 generaliter
1298 3825 1489 3884 omnis
1547 3825 1822 3884 coeuntia
1884 3825 2004 3884 sive
2052 3823 2288 3884 itineris
2343 3821 2465 3881 sive
2522 3820 2875 3881 concordiae
2931 3821 3054 3881 sive

443 3928 854 3991 conubiorum.

719 4055 868 4062 ——-

626 4108 652 4154 1
693 4119 1043 4172 quarumque
1085 4101 1142 4154 P
1245 4110 1278 4157 4
1315 4102 1599 4157 Belzebub
1632 4119 1741 4158 nou
1778 4101 2036 4157 belzebul
2072 4104 2173 4156 aut.
2205 4100 2480 4157 belzebud
2516 4099 2574 4153 P
2601 4098 2913 4155 Beelzebub
2949 4115 3059 4153 nou

439 4181 698 4238 belsebul
736 4185 836 4237 aut
871 4180 1141 4237 belsebud
1178 4183 1300 4251 (aut.
1334 4181 1605 4238 belzebud
1643 4182 1712 4249 L)
1755 4182 1828 4235 M
1839 4181 1892 4234 L
2031 4179 2223 4235 beliab
2262 4183 2455 4250 priore
2490 4181 2604 4235 loco
2640 4179 2698 4233 P
2831 4185 2863 4232 5
2901 4194 3059 4247 grae-

441 4279 574 4317 cum
613 4261 688 4315 M
811 4269 842 4317 6
880 4262 1053 4318 habet·
1090 4278 1229 4316 corr.
1267 4260 1480 4316 habent,
1517 4259 1572 4314 P
1690 4267 1720 4315 7
1760 4277 1792 4313 e
1830 4263 2025 4315 contra
2063 4260 2137 4313 M
2259 4264 2293 4313 8
2329 4256 2587 4328 bucinus]
2626 4256 2855 4312 becinus
2893 4257 2968 4310 M

441 4348 476 4396 9
522 4338 715 4414 becina
745 4342 1044 4410 posteriore
1081 4342 1195 4396 loco
1233 4341 1310 4395 M
1374 4376 1377 4380 Δ
1428 4340 1700 4396 ceratinia
1737 4341 1871 4395 ML
1910 4341 2247 4395 ΚΕΡΑΤΙΝΙΑ
2283 4340 2341 4394 Ρ
2368 4339 2636 4405 κερατίνη
2672 4352 2706 4394 ς
2825 4339 3061 4391 uocatur

440 4430 646 4492 graece
685 4420 760 4474 M
789 4427 899 4489 geii
933 4422 1167 4475 uocatur
1207 4420 1264 4474 P
1397 4426 1465 4475 10
1502 4422 1561 4475 et
1594 4420 1656 4475 in
1693 4420 2204 4490 sollempnitatibus
2241 4419 2297 4472 P
2419 4423 2482 4469 11
2523 4418 2582 4470 et:
2617 4422 2743 4471 ante
2776 4415 3062 4485 baptisma

441 4518 546 4557 mn.
588 4501 663 4554 M
822 4507 914 4555 13·
939 4500 1177 4555 dicimus
1224 4500 1299 4553 M
1460 4506 1524 4554 16
1568 4499 1629 4554 in
1665 4503 1967 4568 posteriore
2013 4502 2126 4555 loco
2171 4515 2272 4554 om.
2323 4496 2396 4551 M
2407 4494 2542 4561 PL,
2588 4498 2717 4552 add.
2770 4497 3062 4552 Charisius

432 4599 496 4651 p.
538 4585 632 4649 99,
667 4584 702 4633 4
867 4587 932 4636 17
970 4581 1293 4650 frequenter
1328 4578 1557 4635 balneas
1594 4597 1694 4636 om.
1734 4580 1785 4633 L
1940 4586 2006 4635 18
2044 4579 2253 4634 Beluae
2289 4578 2349 4632 id
2385 4578 2473 4633 est,
2506 4578 2703 4646 thyrae
2743 4577 2819 4630 M
2850 4576 3060 4631 Balbue

440 4660 506 4715 id
545 4661 634 4714 est:
667 4662 829 4729 tyrae
871 4661 926 4714 P
958 4660 1167 4716 Beluae
1205 4660 1264 4715 id
1301 4664 1387 4717 est
1421 4660 1574 4717 ferae
1610 4659 1708 4718 Ls
1865 4665 1929 4713 19
1968 4657 2271 4713 efferuntur
2307 4657 2364 4711 P
2512 4662 2581 4711 21
2618 4655 2785 4725 bigae
2822 4654 2967 4710 sieut
3002 4652 3062 4712 et

443 4757 550 4796 om.
584 4739 660 4793 M
766 4739 1063 4810 pluraliter
1089 4742 1313 4795 tantum
1342 4741 1571 4797 effertur
1602 4741 1658 4794 P
1690 4737 1988 4809 pluraliter
2023 4740 2245 4793 tantum
2281 4737 2584 4792 efferuntur
2620 4752 2654 4794 ς
2764 4742 2829 4791 23
2867 4752 3062 4805 symon

440 4819 803 4873 chananaeus
826 4819 883 4873 P
977 4835 1156 4876 canan
1177 4824 1236 4874 et.
1261 4820 1462 4875 mulier
1480 4819 1822 4889 aspiratione
1850 4818 2046 4873 additu
2065 4818 2388 4872 chananaea
2407 4816 2464 4870 P
2555 4821 2622 4870 25
2643 4814 2898 4871 Cinomia.
2926 4816 3062 4885 peri

445 4900 528 4955 M
635 4898 902 4969 seriptum
932 4900 987 4953 P
1089 4906 1157 4954 26
1187 4900 1365 4971 canis]
1393 4917 1563 4957 canos
1591 4900 1648 4954 P
1747 4905 1816 4953 29
1854 4896 2190 4967 significaret
2216 4896 2274 4950 P
2375 4903 2442 4951 31
2473 4895 2663 4952 omnia.
2689 4895 2986 4951 coneuntia
3012 4896 3064 4949 L
