3613 5528
446 1190 565 1240 198,4

414 3254 562 3306 lesus

611 420 744 486 346
1741 420 2058 476 AVDACIS

608 531 653 568 p.
682 521 747 562 se.
775 521 827 561 ετ
855 520 915 560 11.

609 613 881 686 correpta
936 604 1026 665 vel
1081 604 1370 685 producta
1428 600 1549 666 sit?
1630 606 1703 667 In
1760 608 2105 687 imperativo
2154 605 2357 668 modo:
2416 624 2550 667 nam
2607 610 2882 686 quotiens
2937 614 3210 685 correpta

607 723 726 795 est,
770 713 1033 774 detracta
1071 731 1101 773 s
1138 712 1335 774 littera
1372 714 1587 774 transit
1621 714 1683 774 in
1720 732 1781 795 e,
1828 722 1897 776 ut
1933 713 2064 793 lego
2102 712 2248 792 legis
2295 712 2449 795 lege,
2496 713 2693 775 scribo
2732 712 2946 775 scribis
2985 712 3211 793 scribe3

608 821 841 901 quando
887 829 1087 882 autem
1128 819 1418 901 producta
1456 827 1575 902 est,
1620 829 1962 899 perseverat
1999 823 2062 880 in
2097 822 2472 901 imperativo,
2518 829 2587 882 ut
2623 820 2797 883 audio
2835 821 3004 883 audis
3041 823 3211 894 audi,

606 931 798 989 servio
846 929 1037 989 servis
1079 931 1246 989 servi
1288 976 1302 990 .
1349 929 1543 989 omnis
1588 946 1730 1008 ergo
1777 930 2209 1008 coniugationis
2254 931 2502 990 effectus
2541 947 2614 989 ex
2651 929 2997 1008 imperativo
3035 928 3212 989 modo

605 1038 1001 1116 cognoscitur.
3265 1050 3294 1091 ⁶

781 1168 1010 1231 Genera
1070 1168 1387 1230 verborum
1435 1178 1580 1248 quot
1626 1166 1811 1231 sunt?
1900 1169 2203 1251 Quinque,
2268 1170 2325 1230 id
2393 1178 2487 1231 est
2549 1170 2832 1250 activum,
2895 1171 3209 1250 passivum,

604 1283 913 1359 neutrum,
977 1294 1318 1357 commune,
1381 1274 1701 1356 deponens,
1785 1276 2058 1338 Activum
2122 1276 2367 1338 verbum
2433 1275 2604 1356 quale
2670 1273 2806 1337 est?
2859 1295 2895 1334 *
2950 1275 3120 1348 Quod
3176 1295 3210 1337 r

603 1382 797 1445 littera
837 1386 1214 1465 terminatur,
1261 1401 1375 1463 qua
1423 1382 1687 1462 deposita
1735 1384 1899 1445 redit·
1935 1387 1996 1445 in
2045 1386 2325 1467 activum,
2370 1393 2439 1445 ut
2485 1383 2614 1463 lego
2660 1383 2841 1463 legor.
2916 1383 3208 1444 Neutrum

603 1491 761 1570 quod
811 1487 946 1553 est?
1017 1491 1187 1563 Quod
1235 1509 1269 1551 o
1317 1490 1513 1552 littera
1561 1493 1915 1552 terminatur
1962 1500 2021 1553 et
2066 1510 2097 1551 r
2144 1492 2399 1553 litteram
2445 1508 2564 1551 non
2612 1491 2850 1569 recipit,
2905 1498 2973 1551 ut
3027 1509 3206 1551 curro

602 1598 777 1678 vigilo
835 1647 849 1660 .
906 1601 1035 1661 eius
1101 1599 1560 1679 significationes
1625 1606 1766 1659 sunt
1828 1597 2003 1661 duae:
2073 1609 2176 1660 aut
2229 1600 2386 1659 enim
2444 1597 2655 1677 agendi
2709 1599 2826 1658 vim
2883 1596 3086 1679 hahet,
3142 1606 3210 1658 ut
3241 1613 3294 1652 ιο

604 1706 781 1766 sedeo
829 1725 1033 1788 curro,
1080 1713 1182 1768 aut
1225 1704 1514 1786 patiendi,
1558 1713 1626 1766 ut
1671 1703 1837 1785 algeo
1886 1705 2111 1787 vapulo.
2187 1705 2512 1767 Commune
2559 1703 2805 1766 verbum
2853 1704 3023 1784 quale
3070 1700 3209 1764 est?

605 1813 775 1885 Quod
816 1833 848 1875 r
893 1813 1090 1875 littera
1136 1815 1491 1875 terminatur
1538 1820 1598 1873 et
1643 1815 1870 1893 agentis
1919 1822 1979 1874 et
2024 1814 2300 1893 patientis
2339 1814 2553 1892 recipit
2590 1813 3095 1894 significationem,
3141 1820 3210 1871 ut

606 1921 879 1983 consolor
936 1921 1175 1983 osculor
1220 1942 1236 1983 τ
1283 1920 1535 1982 dicimus
1582 1922 1739 1981 enim
1785 1920 2061 1981 consolor
2109 1930 2165 1981 te
2214 1929 2275 1982 et
2320 1920 2596 1981 consolor
2652 1938 2685 1980 a
2741 1929 2817 1981 te.
2893 1918 3252 2013 Deponens‘

601 2028 759 2108 quod
816 2025 950 2090 est?
1032 2027 1203 2099 Quod
1260 2045 1291 2087 r
1345 2025 1542 2087 littera
1595 2029 1952 2090 terminatur
2007 2037 2067 2089 et
2120 2027 2419 2108 deponere
2476 2045 2604 2089 eam
2669 2046 2786 2088 non
2853 2035 3077 2107 potest,
3139 2033 3209 2086 ut

600 2133 795 2197 luctor
831 2138 996 2197 iocor
1033 2153 1218 2197 conor
1255 2152 1485 2196 nascor.
1556 2135 1760 2195 Activa
1791 2153 1975 2215 quare
2005 2131 2331 2197 dicuntur?
2402 2135 2551 2206 Quia
2590 2144 2798 2217 agunt,
2836 2144 2902 2195 ut
2938 2132 3205 2195 verbero.
3237 2149 3290 2188 15

599 2243 838 2305 Passiva
883 2248 1119 2321 quare?
1193 2243 1343 2315 Quia
1388 2244 1722 2326 patiuntur,
1770 2251 1837 2304 ut
1882 2244 2183 2307 verberor.
2255 2242 2556 2305 Neutralia
2594 2239 2831 2322 'quare‘P
2903 2241 3051 2312 Quia
3095 2260 3208 2301 nec

600 2363 782 2431 agunt
837 2371 949 2413 nec
1009 2353 1345 2433 patiuntur,
1399 2359 1467 2411 ut
1522 2358 1614 2412 sto
1669 2352 1835 2412 iaceo
1892 2352 2070 2413 sedeo
2118 2399 2132 2412 .
2180 2359 2321 2413 sunt
2373 2357 2573 2411 autem
2628 2358 2689 2410 et
2748 2348 3207 2429 semineutralia,

601 2477 750 2539 quae
788 2465 971 2538 agunt
1007 2457 1227 2537 aliquid
1266 2465 1327 2519 et
1364 2474 1482 2517 non
1521 2459 1858 2540 patiuntur,
1896 2467 1963 2520 ut
2000 2466 2137 2519 nato
2175 2476 2381 2540 curro;
2419 2461 2562 2521 item
2600 2456 2710 2518 alia
2747 2455 3207 2537 semineutralia‚

601 2583 751 2644 quae
796 2567 1105 2646 patiuntur
1151 2573 1212 2625 et
1257 2582 1375 2625 non
1422 2572 1632 2648 agunt,
1691 2575 1755 2626 ut
1812 2565 2021 2646 vapulo
2069 2564 2219 2626 sudo
2265 2565 2465 2625 ferveo
2519 2563 2788 2644 langueo.
2861 2562 3206 2624 Communia

599 2689 783 2753 quare
831 2668 1155 2734 dicuntur?
1228 2671 1379 2743 Quia
1426 2671 1537 2733 suh
1584 2691 1704 2734 uno
1753 2673 1934 2734 verbo
1981 2681 2189 2734 tenent
2246 2675 2500 2735 activum
2558 2681 2620 2734 et
2672 2673 2973 2752 passivum
3029 2679 3091 2730 et
3144 2671 3206 2729 in
3235 2685 3291 2724 so

599 2790 856 2861 utroque
902 2800 1121 2862 genere
1159 2799 1191 2842 r
1227 2798 1551 2860 numquam
1598 2781 1930 2863 deponunt,
1976 2799 2154 2861 quam
2201 2782 2253 2842 si
2298 2780 2629 2861 deponunt,
2676 2779 2856 2841 latina
2893 2797 3010 2840 non
3051 2785 3208 2859 sunt,

601 2897 669 2949 ut
722 2907 938 2969 precor
992 2888 1360 2969 contemplor
1416 2890 1770 2949 reminiscor
1834 2887 2136 2949 recordor.
2220 2886 2584 2965 Deponentia
2640 2905 2826 2966 quare
2880 2880 3210 2946 dicuntur?

601 2995 752 3067 Quia
792 2993 802 3076 Ι
842 2995 1150 3077 deponunt
1195 2996 1383 3057 futuri
1427 2996 1714 3075 temporis
1760 2997 2138 3076 participium
2184 3000 2217 3056 a
2264 2994 2691 3074 significatione
2738 2996 2999 3079 passiva,
3048 2991 3205 3071 quod

599 3105 722 3165 exit
765 3105 828 3164 in
875 3101 988 3164 dus
997 3151 1016 3185 ‚
1062 3112 1133 3164 ut
1175 3101 1520 3164 moriendus
1564 3101 1906 3182 gloriandus
1952 3101 2358 3163 blandienduS.
2965 3102 2970 3109 ’

777 3235 1026 3298 Numeri
1070 3235 1389 3299 verborum
1437 3243 1583 3315 quot
1627 3231 1815 3296 sunt?
1888 3235 2045 3318 Duo,
2092 3234 2408 3316 singularis
2420 3282 2438 3316 ‚
2493 3242 2563 3295 ut
2605 3234 2764 3315 lego,
2823 3233 3093 3316 pluralis,
3137 3240 3207 3294 ut
3233 3249 3290 3290 25

597 3342 846 3423 legimus
885 3391 899 3405 .
946 3346 1167 3426 figurae
1215 3359 1452 3424 quoque
1509 3342 1783 3425 totidem,
1840 3340 2115 3424 simplex,
2161 3350 2230 3403 ut
2272 3341 2431 3423 lego,
2478 3343 2834 3424 composita,
2880 3351 2946 3403 ut
2990 3340 3208 3420 relego.

596 3449 847 3529 Figurae
885 3450 1205 3512 verborum
1242 3457 1388 3529 quot
1426 3448 1615 3509 modis
1653 3445 2136 3530 componuntur?
2200 3448 2521 3524 Quattuor,
2559 3468 2631 3509 ex
2667 3447 2907 3511 duobus
2942 3449 3208 3528 intcgriS,
3283 3456 3290 3465 '

596 3566 665 3619 ut
701 3557 974 3619 describo
1012 3557 1272 3639 depon03
1309 3575 1381 3617 ex
1418 3557 1652 3635 integro
1692 3565 1753 3615 et
1789 3563 2102 3639 corrupto,
2147 3563 2216 3616 ut
2253 3554 2461 3635 expleo
2499 3554 2772 3636 consulo;
2813 3575 2887 3617 ex
2924 3563 3206 3636 corrupto

595 3673 657 3725 et
701 3667 964 3747 integro,
1010 3671 1078 3726 ut
1123 3665 1345 3726 suffero
1391 3661 1676 3744 succed03
1722 3681 1795 3723 ex
1843 3661 2077 3724 duobus
2124 3665 2450 3744 corruptiS‚
2495 3672 2564 3725 ut
2608 3648 2895 3724 sustineo.

779 3951 807 3999 1
846 3943 907 3999 in
943 3960 1044 4000 om.
1074 3943 1150 4011 B,
1184 3943 1314 3999 add.
1354 3942 1418 4010 V,
1453 3943 1583 3997 item
1609 3945 1644 3996 3
1789 3947 1824 3995 3
1855 3940 1986 3995 sudi
2015 3946 2066 3994 et
2093 3941 2240 3995 servi
2267 3957 2366 3997 om.
2396 3942 2469 4011 Β,
2501 3942 2628 3997 add.
2668 3941 2720 3995 V
2862 3948 2891 3997 '1
2930 3944 3205 4008 lammam,

594 4043 706 4096 qua
756 4025 1003 4092 definitio
1053 4024 1225 4079 activi
1267 4023 1417 4078 verbi
1461 4024 1682 4092 excidit,
1727 4022 1992 4079 indicavi.
2075 4021 2280 4077 Activa.
2325 4040 2471 4092 quse
2519 4026 2683 4077 sunt?
2750 4022 2903 4089 Quae
2940 4038 2973 4077 o
3011 4022 3206 4078 littera

594 4106 965 4162 terminantur
1003 4106 1061 4160 et
1097 4104 1330 4173 accepta
1365 4120 1393 4157 r
1426 4101 1642 4157 faciunt
1686 4120 1756 4158 ex
1801 4118 1861 4157 se
1907 4101 2216 4173 passivum,
2263 4106 2328 4159 ut
2372 4105 2500 4176 lego
2545 4105 2718 4175 legor.
2792 4103 3024 4159 Passim
3059 4120 3203 4172 quae

596 4190 762 4243 sunt?
827 4187 981 4254 Quae
1017 4203 1047 4239 r
1082 4184 1274 4239 littera
1307 4181 1681 4238 terminantur
1717 4185 1775 4238 et
1810 4183 2073 4253 deposita
2108 4200 2177 4239 ea
2220 4185 2458 4240 redeunt
2502 4184 2568 4239 in
2613 4184 2891 4251 activum,
2934 4185 3001 4238 ut
3045 4183 3206 4255 legor

595 4270 723 4339 lego
789 4268 841 4322 V
997 4272 1029 4321 9
1086 4264 1418 4321 terminetur
1470 4263 1526 4318 Β
1682 4271 1750 4320 10
1796 4262 2003 4335 agendi
2052 4264 2166 4317 vim
2226 4265 2278 4318 V
2322 4265 2588 4336 goudium
2632 4265 2688 4318 Β
2844 4271 2909 4319 13
2947 4264 3206 4318 consulor

594 4348 852 4405 obsculor
887 4348 943 4401 Β
1095 4347 1352 4402 consulor
1386 4348 1446 4401 te
1484 4347 1542 4402 et
1578 4345 1836 4402 consulor
1871 4361 1906 4399 a
1941 4346 1999 4399 te
2035 4343 2092 4396 Β
2255 4350 2322 4400 15
2359 4345 2581 4416 nascor]
2620 4361 2817 4400 noscor
2850 4344 2907 4397 Β
3068 4342 3204 4412 quia.

593 4433 771 4500 agunt
805 4432 871 4485 ut
904 4429 1137 4484 uerbero
1172 4427 1401 4498 passim
1435 4426 1569 4496 quia
1596 4426 1820 4497 patiant
1845 4429 1913 4480 ut
1936 4427 2201 4482 verberor
2231 4427 2308 4480 M
2330 4425 2475 4492 Quia
2499 4427 2676 4496 agunt
2703 4426 2768 4479 ut
2794 4441 2893 4480 uer
2920 4468 2933 4478 .
2963 4423 3202 4480 uerorB

668 4517 733 4565 17
772 4511 833 4565 et
874 4508 1088 4564 semine
1125 4548 1138 4562 .
1177 4507 1386 4562 uti-alia.
1428 4506 1485 4560 Β
1540 4508 1601 4560 et
1652 4505 1934 4561 neutralia.
1979 4505 2055 4559 M
2192 4511 2257 4561 18
2293 4505 2409 4560 alia
2461 4504 2672 4560 semine
2708 4546 2721 4559 .
2757 4504 2968 4560 utralia
3001 4504 3057 4557 Β

594 4596 663 4646 20
700 4592 857 4646 tenet
891 4590 1034 4644 ΒΜ
1168 4589 1229 4644 et
1260 4588 1319 4642 in
1367 4589 1603 4655 utroque
1648 4600 1853 4655 genere
1903 4585 1951 4639 R
1983 4584 2306 4656 Numquam
2352 4584 2633 4655 deponent
2677 4584 2829 4655 quod
2876 4584 2925 4640 si
2968 4584 3201 4654 deponit

591 4671 773 4727 latina.
807 4686 918 4727 non
954 4672 1086 4724 sunt
1118 4669 1194 4737 B,
1229 4685 1330 4724 om.
1368 4667 1446 4721 M
1580 4671 1648 4720 23
1689 4664 1835 4731 Quia
1879 4665 2234 4735 deponuntur
2278 4666 2334 4719 Β
2479 4667 2535 4739 a]
2585 4670 2650 4721 ut
2690 4666 2747 4720 Β
2891 4666 3040 4736 quod
3086 4664 3205 4721 exit

593 4749 649 4802 Β
686 4767 793 4821 que
830 4751 970 4806 exiit
999 4750 1073 4805 M
1212 4755 1283 4803 24
1318 4746 1665 4819 gloriandus]
1704 4745 2028 4815 gloriendus
2068 4747 2143 4800 M
2285 4745 2655 4801 blandiendus
2690 4746 2867 4817 figure
2903 4748 3204 4802 uerborum

596 4831 701 4885 1111
737 4830 918 4886 modis
955 4832 1343 4901 conponuntur
1389 4845 1456 4883 ex
1501 4828 1611 4882 duo
1657 4826 1894 4896 integris
1941 4827 2006 4880 ut
2049 4825 2290 4881 discribo
2329 4827 2404 4880 M
2544 4832 2612 4880 26
2649 4825 2862 4897 relego]
2907 4827 3108 4896 religio
3144 4827 3203 4881 Β

664 4914 734 4964 28
773 4910 1034 4965 consuleo
1069 4909 1215 4963 ΒΜ
1354 4925 1422 4963 ex
1460 4909 1719 4977 corrupto
1755 4922 1859 4962 om.
1899 4906 1997 4974 M,
2034 4907 2159 4963 add.
2199 4907 2255 4961 B
