<?xml version="1.0" encoding="UTF-8"?>
<!DOCTYPE html PUBLIC "-//W3C//DTD XHTML 1.0 Transitional//EN"
    "http://www.w3.org/TR/xhtml1/DTD/xhtml1-transitional.dtd">
<html xmlns="http://www.w3.org/1999/xhtml" xml:lang="en" lang="en">
 <head>
  <title>
</title>
<meta http-equiv="Content-Type" content="text/html;charset=utf-8" />
  <meta name='ocr-system' content='tesseract 3.04.00' />
  <meta name='ocr-capabilities' content='ocr_page ocr_carea ocr_par ocr_line ocrx_word'/>
</head>
<body>
  <div class='ocr_page' id='page_1' title='image "./grammaticilatin09keilgoog_0543.png"; bbox 0 0 3613 5528; ppageno 0'>
   <div class='ocr_carea' id='block_1_1' title="bbox 367 1379 2970 1574">
    <p class='ocr_par' dir='ltr' id='par_1_1' title="bbox 367 1379 2970 1574">
     <span class='ocr_line' id='line_1_1' title="bbox 544 1379 2970 1466; baseline 0 -20"><span class='ocrx_word' id='word_1_1' title='bbox 544 1384 1015 1447; x_wconf 83' lang='lat' dir='ltr'>Commentarius</span> <span class='ocrx_word' id='word_1_2' title='bbox 1060 1385 1134 1446; x_wconf 89' lang='lat' dir='ltr'><strong>de</strong></span> <span class='ocrx_word' id='word_1_3' title='bbox 1181 1387 1338 1447; x_wconf 87' lang='lat' dir='ltr'><strong>notis</strong></span> <span class='ocrx_word' id='word_1_4' title='bbox 1367 1383 1416 1446; x_wconf 77' lang='lat' dir='ltr'><strong>‘a</strong></span> <span class='ocrx_word' id='word_1_5' title='bbox 1463 1379 1792 1466; x_wconf 63' lang='lat' dir='ltr'><strong>graecis&#39;et</strong></span> <span class='ocrx_word' id='word_1_6' title='bbox 1826 1385 2025 1447; x_wconf 90' lang='lat' dir='ltr'><strong>latinis</strong></span> <span class='ocrx_word' id='word_1_7' title='bbox 2070 1388 2472 1464; x_wconf 78' lang='lat' dir='ltr'>grammaticis</span> <span class='ocrx_word' id='word_1_8' title='bbox 2509 1387 2570 1447; x_wconf 91' lang='lat' dir='ltr'><strong>in</strong></span> <span class='ocrx_word' id='word_1_9' title='bbox 2609 1385 2970 1447; x_wconf 81' lang='lat' dir='ltr'><strong>editionibus</strong></span> 
     </span>
     <span class='ocr_line' id='line_1_2' title="bbox 367 1488 2969 1574; baseline 0 -22"><span class='ocrx_word' id='word_1_10' title='bbox 367 1495 724 1573; x_wconf 88' lang='lat' dir='ltr'><strong>scriptorum</strong></span> <span class='ocrx_word' id='word_1_11' title='bbox 781 1495 1082 1573; x_wconf 89' lang='lat' dir='ltr'><strong>usurpatis</strong></span> <span class='ocrx_word' id='word_1_12' title='bbox 1136 1494 1197 1553; x_wconf 91' lang='lat' dir='ltr'><strong>in</strong></span> <span class='ocrx_word' id='word_1_13' title='bbox 1255 1491 1457 1553; x_wconf 87' lang='lat' dir='ltr'><strong>codice</strong></span> <span class='ocrx_word' id='word_1_14' title='bbox 1515 1491 1783 1558; x_wconf 80' lang='lat' dir='ltr'><strong>Parisino</strong></span> <span class='ocrx_word' id='word_1_15' title='bbox 1844 1488 2018 1554; x_wconf 85' lang='lat'>7530</span> <span class='ocrx_word' id='word_1_16' title='bbox 2067 1493 2103 1554; x_wconf 79' lang='lat' dir='ltr'><strong>f.</strong></span> <span class='ocrx_word' id='word_1_17' title='bbox 2152 1490 2237 1555; x_wconf 81' lang='lat'><strong>28</strong></span> <span class='ocrx_word' id='word_1_18' title='bbox 2286 1502 2347 1555; x_wconf 88' lang='lat' dir='ltr'><strong>et</strong></span> <span class='ocrx_word' id='word_1_19' title='bbox 2393 1489 2476 1554; x_wconf 80' lang='lat'><strong>29</strong></span> <span class='ocrx_word' id='word_1_20' title='bbox 2536 1494 2796 1574; x_wconf 87' lang='lat' dir='ltr'><strong>scriptus</strong></span> <span class='ocrx_word' id='word_1_21' title='bbox 2853 1501 2969 1553; x_wconf 86' lang='lat' dir='ltr'><strong>est:</strong></span> 
     </span>
    </p>
   </div>
   <div class='ocr_carea' id='block_1_2' title="bbox 368 1593 3085 1681">
    <p class='ocr_par' dir='ltr' id='par_1_2' title="bbox 368 1593 3085 1681">
     <span class='ocr_line' id='line_1_3' title="bbox 368 1593 3085 1681; baseline 0 -21"><span class='ocrx_word' id='word_1_22' title='bbox 368 1601 441 1660; x_wconf 65' lang='grc' dir='ltr'><strong>οἳ.</strong></span> <span class='ocrx_word' id='word_1_23' title='bbox 487 1617 729 1678; x_wconf 81' lang='lat' dir='ltr'><strong>gramm.</strong></span> <span class='ocrx_word' id='word_1_24' title='bbox 775 1600 871 1662; x_wconf 89' lang='lat' dir='ltr'><strong>lat.</strong></span> <span class='ocrx_word' id='word_1_25' title='bbox 917 1620 968 1661; x_wconf 76' lang='lat' dir='ltr'><strong>v,</strong></span> <span class='ocrx_word' id='word_1_26' title='bbox 1016 1599 1090 1660; x_wconf 90' lang='lat' dir='ltr'><strong>1v</strong></span> <span class='ocrx_word' id='word_1_27' title='bbox 1134 1619 1190 1681; x_wconf 91' lang='lat' dir='ltr'><strong>p.</strong></span> <span class='ocrx_word' id='word_1_28' title='bbox 1237 1599 1382 1662; x_wconf 81' lang='lat' dir='ltr'><strong>XLI.</strong></span> <span class='ocrx_word' id='word_1_29' title='bbox 1458 1599 1615 1661; x_wconf 88' lang='lat' dir='ltr'><strong>hunc</strong></span> <span class='ocrx_word' id='word_1_30' title='bbox 1654 1618 1772 1661; x_wconf 88' lang='lat' dir='ltr'><strong>una</strong></span> <span class='ocrx_word' id='word_1_31' title='bbox 1810 1618 1946 1661; x_wconf 89' lang='lat' dir='ltr'><strong>cum</strong></span> <span class='ocrx_word' id='word_1_32' title='bbox 1985 1598 2198 1660; x_wconf 80' lang='lat' dir='ltr'><strong>isidori</strong></span> <span class='ocrx_word' id='word_1_33' title='bbox 2236 1601 2660 1662; x_wconf 87' lang='lat' dir='ltr'><strong>commentario</strong></span> <span class='ocrx_word' id='word_1_34' title='bbox 2700 1600 2772 1661; x_wconf 92' lang='lat' dir='ltr'><strong>de</strong></span> <span class='ocrx_word' id='word_1_35' title='bbox 2813 1602 2968 1661; x_wconf 88' lang='lat' dir='ltr'><strong>notis</strong></span> <span class='ocrx_word' id='word_1_36' title='bbox 3080 1593 3085 1600; x_wconf 82' lang='grc'><strong><em>’</em></strong></span> 
     </span>
    </p>
   </div>
   <div class='ocr_carea' id='block_1_3' title="bbox 368 1700 2970 1790">
    <p class='ocr_par' dir='ltr' id='par_1_3' title="bbox 368 1700 2970 1790">
     <span class='ocr_line' id='line_1_4' title="bbox 368 1700 2970 1790; baseline 0.001 -24"><span class='ocrx_word' id='word_1_37' title='bbox 368 1724 438 1766; x_wconf 86' lang='lat' dir='ltr'><strong>ex</strong></span> <span class='ocrx_word' id='word_1_38' title='bbox 494 1708 639 1786; x_wconf 90' lang='lat' dir='ltr'><strong>orig.</strong></span> <span class='ocrx_word' id='word_1_39' title='bbox 697 1707 722 1768; x_wconf 90' lang='lat'>1</span> <span class='ocrx_word' id='word_1_40' title='bbox 776 1704 865 1770; x_wconf 81' lang='lat'><strong>20</strong></span> <span class='ocrx_word' id='word_1_41' title='bbox 919 1700 1228 1789; x_wconf 86' lang='lat' dir='ltr'><strong>excerpto&#39;,</strong></span> <span class='ocrx_word' id='word_1_42' title='bbox 1292 1709 1394 1787; x_wconf 90' lang='lat' dir='ltr'><strong>qui</strong></span> <span class='ocrx_word' id='word_1_43' title='bbox 1459 1709 1520 1768; x_wconf 89' lang='lat' dir='ltr'><strong>in</strong></span> <span class='ocrx_word' id='word_1_44' title='bbox 1586 1707 1794 1768; x_wconf 89' lang='lat' dir='ltr'><strong>eodem</strong></span> <span class='ocrx_word' id='word_1_45' title='bbox 1861 1706 2065 1768; x_wconf 85' lang='lat' dir='ltr'><strong>codice</strong></span> <span class='ocrx_word' id='word_1_46' title='bbox 2130 1708 2167 1769; x_wconf 88' lang='lat' dir='ltr'><strong>l&#39;.</strong></span> <span class='ocrx_word' id='word_1_47' title='bbox 2231 1702 2355 1768; x_wconf 87' lang='lat'><strong>154</strong></span> <span class='ocrx_word' id='word_1_48' title='bbox 2419 1716 2479 1768; x_wconf 90' lang='lat' dir='ltr'><strong>et</strong></span> <span class='ocrx_word' id='word_1_49' title='bbox 2547 1703 2673 1769; x_wconf 84' lang='lat'><strong>155</strong></span> <span class='ocrx_word' id='word_1_50' title='bbox 2735 1706 2970 1790; x_wconf 85' lang='lat' dir='ltr'><strong>legitur,</strong></span> 
     </span>
    </p>
   </div>
   <div class='ocr_carea' id='block_1_4' title="bbox 366 1812 3067 1895">
    <p class='ocr_par' dir='ltr' id='par_1_4' title="bbox 366 1812 3067 1895">
     <span class='ocr_line' id='line_1_5' title="bbox 366 1812 3067 1895; baseline -0 -22"><span class='ocrx_word' id='word_1_51' title='bbox 366 1812 788 1875; x_wconf 85' lang='lat' dir='ltr'><strong>Mommsenius</strong></span> <span class='ocrx_word' id='word_1_52' title='bbox 851 1812 1169 1895; x_wconf 83' lang='lat' dir='ltr'><strong>descripsit</strong></span> <span class='ocrx_word' id='word_1_53' title='bbox 1231 1823 1290 1875; x_wconf 88' lang='lat' dir='ltr'><strong>et</strong></span> <span class='ocrx_word' id='word_1_54' title='bbox 1354 1833 1425 1874; x_wconf 84' lang='lat' dir='ltr'><strong>ex</strong></span> <span class='ocrx_word' id='word_1_55' title='bbox 1491 1817 1621 1876; x_wconf 88' lang='lat' dir='ltr'><strong>eius</strong></span> <span class='ocrx_word' id='word_1_56' title='bbox 1694 1813 2029 1895; x_wconf 86' lang='lat' dir='ltr'><strong>apographo</strong></span> <span class='ocrx_word' id='word_1_57' title='bbox 2095 1812 2385 1893; x_wconf 85' lang='lat' dir='ltr'><strong>Bergkius</strong></span> <span class='ocrx_word' id='word_1_58' title='bbox 2464 1816 2722 1895; x_wconf 91' lang='lat' dir='ltr'><strong>primum</strong></span> <span class='ocrx_word' id='word_1_59' title='bbox 2788 1814 2970 1876; x_wconf 77' lang='lat' dir='ltr'><strong>edidit</strong></span> <span class='ocrx_word' id='word_1_60' title='bbox 3058 1859 3067 1872; x_wconf 81' lang='lat'><strong>.</strong></span> 
     </span>
    </p>
   </div>
   <div class='ocr_carea' id='block_1_5' title="bbox 331 1918 2970 3603">
    <p class='ocr_par' dir='ltr' id='par_1_5' title="bbox 331 1918 2970 3603">
     <span class='ocr_line' id='line_1_6' title="bbox 367 1918 2967 2002; baseline 0.001 -22"><span class='ocrx_word' id='word_1_61' title='bbox 367 1918 651 1981; x_wconf 85' lang='lat' dir='ltr'><strong>Zeitschr.</strong></span> <span class='ocrx_word' id='word_1_62' title='bbox 700 1921 741 1982; x_wconf 82' lang='lat' dir='ltr'><strong>f.</strong></span> <span class='ocrx_word' id='word_1_63' title='bbox 785 1920 1224 1983; x_wconf 76' lang='lat' dir='ltr'><strong>Alterthumsvr.</strong></span> <span class='ocrx_word' id='word_1_64' title='bbox 1273 1939 1321 1982; x_wconf 91' lang='lat' dir='ltr'><strong>a.</strong></span> <span class='ocrx_word' id='word_1_65' title='bbox 1376 1918 1545 1983; x_wconf 86' lang='lat'>1845</span> <span class='ocrx_word' id='word_1_66' title='bbox 1592 1941 1647 2002; x_wconf 90' lang='lat' dir='ltr'><strong>p.</strong></span> <span class='ocrx_word' id='word_1_67' title='bbox 1697 1918 1776 1982; x_wconf 89' lang='lat'><strong>81</strong></span> <span class='ocrx_word' id='word_1_68' title='bbox 1829 1939 1959 2001; x_wconf 89' lang='lat' dir='ltr'><strong>sqq.</strong></span> <span class='ocrx_word' id='word_1_69' title='bbox 2016 1920 2228 1982; x_wconf 90' lang='lat' dir='ltr'><strong>deinde</strong></span> <span class='ocrx_word' id='word_1_70' title='bbox 2276 1918 2551 1984; x_wconf 89' lang='lat' dir='ltr'><strong>Osannus</strong></span> <span class='ocrx_word' id='word_1_71' title='bbox 2606 1932 2741 2002; x_wconf 90' lang='lat' dir='ltr'><strong>post</strong></span> <span class='ocrx_word' id='word_1_72' title='bbox 2798 1941 2967 1983; x_wconf 89' lang='lat' dir='ltr'><strong>anec-</strong></span> 
     </span>
     <span class='ocr_line' id='line_1_7' title="bbox 331 2025 2967 2109; baseline 0.001 -23"><span class='ocrx_word' id='word_1_73' title='bbox 331 2025 548 2087; x_wconf 86' lang='lat' dir='ltr'><strong>-doton</strong></span> <span class='ocrx_word' id='word_1_74' title='bbox 605 2027 936 2090; x_wconf 85' lang='lat' dir='ltr'><strong>Romanum</strong></span> <span class='ocrx_word' id='word_1_75' title='bbox 983 2028 1186 2090; x_wconf 88' lang='lat' dir='ltr'><strong>Gissae</strong></span> <span class='ocrx_word' id='word_1_76' title='bbox 1233 2048 1282 2090; x_wconf 90' lang='lat' dir='ltr'><strong>a.</strong></span> <span class='ocrx_word' id='word_1_77' title='bbox 1335 2025 1500 2092; x_wconf 87' lang='lat'>1851</span> <span class='ocrx_word' id='word_1_78' title='bbox 1562 2029 1783 2090; x_wconf 91' lang='lat' dir='ltr'><strong>editum</strong></span> <span class='ocrx_word' id='word_1_79' title='bbox 1841 2048 1896 2109; x_wconf 90' lang='lat' dir='ltr'><strong>p.</strong></span> <span class='ocrx_word' id='word_1_80' title='bbox 1955 2025 2081 2090; x_wconf 80' lang='lat'><strong>321</strong></span> <span class='ocrx_word' id='word_1_81' title='bbox 2142 2046 2270 2108; x_wconf 90' lang='lat' dir='ltr'><strong>sqq.</strong></span> <span class='ocrx_word' id='word_1_82' title='bbox 2328 2035 2647 2109; x_wconf 88' lang='lat' dir='ltr'><strong>utrumque</strong></span> <span class='ocrx_word' id='word_1_83' title='bbox 2705 2028 2967 2090; x_wconf 89' lang='lat' dir='ltr'><strong>libellum</strong></span> 
     </span>
     <span class='ocr_line' id='line_1_8' title="bbox 367 2134 2970 2216; baseline 0 -22"><span class='ocrx_word' id='word_1_84' title='bbox 367 2135 482 2216; x_wconf 86' lang='lat' dir='ltr'><strong>sic,</strong></span> <span class='ocrx_word' id='word_1_85' title='bbox 527 2143 595 2195; x_wconf 88' lang='lat' dir='ltr'><strong>ut</strong></span> <span class='ocrx_word' id='word_1_86' title='bbox 639 2153 672 2195; x_wconf 89' lang='lat' dir='ltr'><strong>a</strong></span> <span class='ocrx_word' id='word_1_87' title='bbox 717 2134 970 2215; x_wconf 85' lang='lat' dir='ltr'><strong>Bergkio</strong></span> <span class='ocrx_word' id='word_1_88' title='bbox 1017 2135 1089 2196; x_wconf 90' lang='lat' dir='ltr'><strong>ad</strong></span> <span class='ocrx_word' id='word_1_89' title='bbox 1138 2136 1311 2198; x_wconf 83' lang='lat' dir='ltr'><strong>fidem</strong></span> <span class='ocrx_word' id='word_1_90' title='bbox 1359 2136 1580 2198; x_wconf 87' lang='lat' dir='ltr'><strong>codicis</strong></span> <span class='ocrx_word' id='word_1_91' title='bbox 1626 2135 1822 2197; x_wconf 89' lang='lat' dir='ltr'><strong>editus</strong></span> <span class='ocrx_word' id='word_1_92' title='bbox 1870 2146 2023 2216; x_wconf 89' lang='lat' dir='ltr'><strong>erat,</strong></span> <span class='ocrx_word' id='word_1_93' title='bbox 2070 2136 2347 2215; x_wconf 85' lang='lat' dir='ltr'><strong>repetivit</strong></span> <span class='ocrx_word' id='word_1_94' title='bbox 2391 2143 2454 2195; x_wconf 89' lang='lat' dir='ltr'><strong>et</strong></span> <span class='ocrx_word' id='word_1_95' title='bbox 2490 2138 2648 2197; x_wconf 85' lang='lat' dir='ltr'><strong>notis</strong></span> <span class='ocrx_word' id='word_1_96' title='bbox 2685 2135 2970 2197; x_wconf 87' lang='lat' dir='ltr'><strong>subiectis</strong></span> 
     </span>
     <span class='ocr_line' id='line_1_9' title="bbox 368 2240 2969 2324; baseline 0.001 -23"><span class='ocrx_word' id='word_1_97' title='bbox 368 2240 654 2320; x_wconf 81' lang='lat' dir='ltr'><strong>quaedam</strong></span> <span class='ocrx_word' id='word_1_98' title='bbox 701 2260 851 2322; x_wconf 88' lang='lat' dir='ltr'><strong>quae</strong></span> <span class='ocrx_word' id='word_1_99' title='bbox 899 2244 958 2303; x_wconf 94' lang='lat' dir='ltr'><strong>in</strong></span> <span class='ocrx_word' id='word_1_100' title='bbox 1007 2241 1210 2304; x_wconf 89' lang='lat' dir='ltr'><strong>codice</strong></span> <span class='ocrx_word' id='word_1_101' title='bbox 1267 2251 1550 2324; x_wconf 87' lang='lat' dir='ltr'><strong>corrupta</strong></span> <span class='ocrx_word' id='word_1_102' title='bbox 1605 2249 1775 2303; x_wconf 88' lang='lat' dir='ltr'><strong>erant</strong></span> <span class='ocrx_word' id='word_1_103' title='bbox 1830 2244 2106 2303; x_wconf 84' lang='lat' dir='ltr'><strong>correxit.</strong></span> <span class='ocrx_word' id='word_1_104' title='bbox 2198 2251 2401 2322; x_wconf 90' lang='lat' dir='ltr'><strong>postea</strong></span> <span class='ocrx_word' id='word_1_105' title='bbox 2447 2242 2969 2303; x_wconf 78' lang='lat' dir='ltr'><strong>Reiil&#39;erscheidius</strong></span> 
     </span>
     <span class='ocr_line' id='line_1_10' title="bbox 366 2348 2968 2430; baseline 0 -21"><span class='ocrx_word' id='word_1_106' title='bbox 366 2348 701 2410; x_wconf 87' lang='lat' dir='ltr'><strong>Parisinum</strong></span> <span class='ocrx_word' id='word_1_107' title='bbox 747 2352 1235 2411; x_wconf 88' lang='lat' dir='ltr'><strong>commentarium</strong></span> <span class='ocrx_word' id='word_1_108' title='bbox 1283 2349 1554 2430; x_wconf 89' lang='lat' dir='ltr'><strong>pluribus</strong></span> <span class='ocrx_word' id='word_1_109' title='bbox 1599 2349 1748 2411; x_wconf 90' lang='lat' dir='ltr'><strong>locis</strong></span> <span class='ocrx_word' id='word_1_110' title='bbox 1794 2350 2137 2410; x_wconf 86' lang='lat' dir='ltr'><strong>coniectura</strong></span> <span class='ocrx_word' id='word_1_111' title='bbox 2183 2349 2561 2410; x_wconf 88' lang='lat' dir='ltr'><strong>emendatum</strong></span> <span class='ocrx_word' id='word_1_112' title='bbox 2597 2351 2659 2410; x_wconf 93' lang='lat' dir='ltr'><strong>in</strong></span> <span class='ocrx_word' id='word_1_113' title='bbox 2698 2349 2968 2410; x_wconf 90' lang='lat' dir='ltr'><strong>Suetonii</strong></span> 
     </span>
     <span class='ocr_line' id='line_1_11' title="bbox 365 2453 2965 2538; baseline 0 -23"><span class='ocrx_word' id='word_1_114' title='bbox 365 2454 646 2535; x_wconf 87' lang='lat' dir='ltr'><strong>reliquias</strong></span> <span class='ocrx_word' id='word_1_115' title='bbox 690 2475 747 2536; x_wconf 91' lang='lat' dir='ltr'><strong>p.</strong></span> <span class='ocrx_word' id='word_1_116' title='bbox 793 2453 914 2518; x_wconf 85' lang='lat'><strong>137</strong></span> <span class='ocrx_word' id='word_1_117' title='bbox 964 2474 1091 2536; x_wconf 89' lang='lat' dir='ltr'><strong>sqq.</strong></span> <span class='ocrx_word' id='word_1_118' title='bbox 1131 2460 1372 2538; x_wconf 85' lang='lat' dir='ltr'><strong>recepit.</strong></span> <span class='ocrx_word' id='word_1_119' title='bbox 1464 2475 1599 2517; x_wconf 89' lang='lat' dir='ltr'><strong>nam</strong></span> <span class='ocrx_word' id='word_1_120' title='bbox 1646 2456 1806 2517; x_wconf 86' lang='lat' dir='ltr'><strong>hunc</strong></span> <span class='ocrx_word' id='word_1_121' title='bbox 1852 2466 2155 2517; x_wconf 81' lang='lat' dir='ltr'><strong>auctorem</strong></span> <span class='ocrx_word' id='word_1_122' title='bbox 2202 2463 2472 2517; x_wconf 87' lang='lat' dir='ltr'><strong>secutum</strong></span> <span class='ocrx_word' id='word_1_123' title='bbox 2512 2475 2643 2517; x_wconf 87' lang='lat' dir='ltr'><strong>esse</strong></span> <span class='ocrx_word' id='word_1_124' title='bbox 2680 2474 2965 2535; x_wconf 86' lang='lat' dir='ltr'><strong>gramma-</strong></span> 
     </span>
     <span class='ocr_line' id='line_1_12' title="bbox 367 2560 2968 2645; baseline 0 -23"><span class='ocrx_word' id='word_1_125' title='bbox 367 2564 578 2643; x_wconf 88' lang='lat' dir='ltr'><strong>ticum,</strong></span> <span class='ocrx_word' id='word_1_126' title='bbox 623 2565 725 2642; x_wconf 93' lang='lat' dir='ltr'><strong>qui</strong></span> <span class='ocrx_word' id='word_1_127' title='bbox 771 2562 917 2623; x_wconf 88' lang='lat' dir='ltr'><strong>baec</strong></span> <span class='ocrx_word' id='word_1_128' title='bbox 964 2567 1327 2645; x_wconf 88' lang='lat' dir='ltr'><strong>composuit,</strong></span> <span class='ocrx_word' id='word_1_129' title='bbox 1372 2562 1675 2644; x_wconf 83' lang='lat' dir='ltr'><strong>probabile</strong></span> <span class='ocrx_word' id='word_1_130' title='bbox 1723 2570 1832 2624; x_wconf 89' lang='lat' dir='ltr'><strong>est.</strong></span> <span class='ocrx_word' id='word_1_131' title='bbox 1923 2562 2181 2641; x_wconf 87' lang='lat' dir='ltr'><strong>denique</strong></span> <span class='ocrx_word' id='word_1_132' title='bbox 2218 2560 2518 2624; x_wconf 87' lang='lat' dir='ltr'><strong>Nauckius</strong></span> <span class='ocrx_word' id='word_1_133' title='bbox 2563 2569 2700 2642; x_wconf 92' lang='lat' dir='ltr'><strong>post</strong></span> <span class='ocrx_word' id='word_1_134' title='bbox 2737 2562 2968 2623; x_wconf 84' lang='lat' dir='ltr'><strong>lexicon</strong></span> 
     </span>
     <span class='ocr_line' id='line_1_13' title="bbox 365 2667 2966 2751; baseline 0.001 -24"><span class='ocrx_word' id='word_1_135' title='bbox 365 2667 816 2731; x_wconf 80' lang='lat' dir='ltr'><strong>vindobonense</strong></span> <span class='ocrx_word' id='word_1_136' title='bbox 846 2688 894 2730; x_wconf 90' lang='lat' dir='ltr'><strong>a.</strong></span> <span class='ocrx_word' id='word_1_137' title='bbox 929 2668 1095 2733; x_wconf 80' lang='lat'>1867</span> <span class='ocrx_word' id='word_1_138' title='bbox 1136 2690 1192 2751; x_wconf 92' lang='lat' dir='ltr'><strong>p.</strong></span> <span class='ocrx_word' id='word_1_139' title='bbox 1230 2668 1357 2738; x_wconf 82' lang='lat'><strong>278</strong></span> <span class='ocrx_word' id='word_1_140' title='bbox 1398 2690 1523 2751; x_wconf 88' lang='lat' dir='ltr'><strong>sqq.</strong></span> <span class='ocrx_word' id='word_1_141' title='bbox 1564 2670 1819 2732; x_wconf 89' lang='lat' dir='ltr'><strong>eundem</strong></span> <span class='ocrx_word' id='word_1_142' title='bbox 1856 2671 2344 2731; x_wconf 87' lang='lat' dir='ltr'><strong>commentarium</strong></span> <span class='ocrx_word' id='word_1_143' title='bbox 2386 2669 2584 2731; x_wconf 83' lang='lat' dir='ltr'><strong>edidit.</strong></span> <span class='ocrx_word' id='word_1_144' title='bbox 2659 2678 2966 2751; x_wconf 87' lang='lat' dir='ltr'><strong>praeterea</strong></span> 
     </span>
     <span class='ocr_line' id='line_1_14' title="bbox 368 2775 2966 2858; baseline -0 -22"><span class='ocrx_word' id='word_1_145' title='bbox 368 2775 535 2837; x_wconf 89' lang='lat' dir='ltr'><strong>multi</strong></span> <span class='ocrx_word' id='word_1_146' title='bbox 572 2778 633 2837; x_wconf 90' lang='lat' dir='ltr'><strong>in</strong></span> <span class='ocrx_word' id='word_1_147' title='bbox 671 2778 827 2837; x_wconf 86' lang='lat' dir='ltr'><strong>vitiis</strong></span> <span class='ocrx_word' id='word_1_148' title='bbox 864 2780 1230 2858; x_wconf 88' lang='lat' dir='ltr'><strong>grammatici</strong></span> <span class='ocrx_word' id='word_1_149' title='bbox 1270 2779 1359 2840; x_wconf 81' lang='lat' dir='ltr'><strong>vel</strong></span> <span class='ocrx_word' id='word_1_150' title='bbox 1396 2778 1621 2840; x_wconf 90' lang='lat' dir='ltr'><strong>librarii</strong></span> <span class='ocrx_word' id='word_1_151' title='bbox 1659 2778 2028 2857; x_wconf 82' lang='lat' dir='ltr'><strong>corrigendis</strong></span> <span class='ocrx_word' id='word_1_152' title='bbox 2066 2795 2305 2858; x_wconf 86' lang='lat' dir='ltr'><strong>operam</strong></span> <span class='ocrx_word' id='word_1_153' title='bbox 2345 2777 2800 2839; x_wconf 84' lang='lat' dir='ltr'><strong>collocaverunt.</strong></span> <span class='ocrx_word' id='word_1_154' title='bbox 2874 2777 2966 2837; x_wconf 89' lang='lat' dir='ltr'><strong>his</strong></span> 
     </span>
     <span class='ocr_line' id='line_1_15' title="bbox 367 2881 2967 2966; baseline 0 -24"><span class='ocrx_word' id='word_1_155' title='bbox 367 2884 552 2963; x_wconf 87' lang='lat' dir='ltr'><strong>copiis</strong></span> <span class='ocrx_word' id='word_1_156' title='bbox 590 2902 735 2944; x_wconf 90' lang='lat' dir='ltr'><strong>usus</strong></span> <span class='ocrx_word' id='word_1_157' title='bbox 771 2881 1061 2966; x_wconf 89' lang='lat' dir='ltr'><strong>libellum,</strong></span> <span class='ocrx_word' id='word_1_158' title='bbox 1101 2887 1201 2964; x_wconf 89' lang='lat' dir='ltr'><strong>qui</strong></span> <span class='ocrx_word' id='word_1_159' title='bbox 1238 2887 1299 2946; x_wconf 92' lang='lat' dir='ltr'><strong>in</strong></span> <span class='ocrx_word' id='word_1_160' title='bbox 1339 2884 1598 2946; x_wconf 86' lang='lat' dir='ltr'><strong>editione</strong></span> <span class='ocrx_word' id='word_1_161' title='bbox 1636 2893 1906 2944; x_wconf 84' lang='lat' dir='ltr'><strong>veterum</strong></span> <span class='ocrx_word' id='word_1_162' title='bbox 1943 2885 2463 2963; x_wconf 86' lang='lat' dir='ltr'><strong>grammaticorum</strong></span> <span class='ocrx_word' id='word_1_163' title='bbox 2502 2903 2620 2944; x_wconf 90' lang='lat' dir='ltr'><strong>non</strong></span> <span class='ocrx_word' id='word_1_164' title='bbox 2663 2881 2967 2944; x_wconf 85' lang='lat' dir='ltr'><strong>videbatur</strong></span> 
     </span>
     <span class='ocr_line' id='line_1_16' title="bbox 366 2988 2967 3071; baseline 0.001 -23"><span class='ocrx_word' id='word_1_165' title='bbox 366 2988 726 3050; x_wconf 89' lang='lat' dir='ltr'><strong>omittendus</strong></span> <span class='ocrx_word' id='word_1_166' title='bbox 758 3008 916 3071; x_wconf 88' lang='lat' dir='ltr'><strong>esse,</strong></span> <span class='ocrx_word' id='word_1_167' title='bbox 944 2990 1139 3053; x_wconf 92' lang='lat' dir='ltr'><strong>denuo</strong></span> <span class='ocrx_word' id='word_1_168' title='bbox 1169 2992 1281 3053; x_wconf 88' lang='lat' dir='ltr'><strong>hoc</strong></span> <span class='ocrx_word' id='word_1_169' title='bbox 1311 2992 1440 3053; x_wconf 90' lang='lat' dir='ltr'><strong>loco</strong></span> <span class='ocrx_word' id='word_1_170' title='bbox 1470 2991 1643 3053; x_wconf 85' lang='lat' dir='ltr'><strong>edidi.</strong></span> <span class='ocrx_word' id='word_1_171' title='bbox 1718 2990 1984 3052; x_wconf 88' lang='lat' dir='ltr'><strong>codicem</strong></span> <span class='ocrx_word' id='word_1_172' title='bbox 2015 3009 2189 3052; x_wconf 90' lang='lat' dir='ltr'><strong>manu</strong></span> <span class='ocrx_word' id='word_1_173' title='bbox 2221 2993 2507 3071; x_wconf 86' lang='lat' dir='ltr'><strong>scriptum</strong></span> <span class='ocrx_word' id='word_1_174' title='bbox 2537 2989 2967 3051; x_wconf 84' lang='lat' dir='ltr'><strong>Maximilianus</strong></span> 
     </span>
     <span class='ocr_line' id='line_1_17' title="bbox 367 3093 2964 3178; baseline 0.001 -23"><span class='ocrx_word' id='word_1_175' title='bbox 367 3093 596 3156; x_wconf 90' lang='lat' dir='ltr'><strong>Bonnet</strong></span> <span class='ocrx_word' id='word_1_176' title='bbox 649 3114 742 3157; x_wconf 91' lang='lat' dir='ltr'><strong>me</strong></span> <span class='ocrx_word' id='word_1_177' title='bbox 803 3107 1045 3177; x_wconf 85' lang='lat' dir='ltr'><strong>rogante</strong></span> <span class='ocrx_word' id='word_1_178' title='bbox 1108 3100 1327 3160; x_wconf 85' lang='lat' dir='ltr'><strong>iterum</strong></span> <span class='ocrx_word' id='word_1_179' title='bbox 1383 3116 1518 3159; x_wconf 91' lang='lat' dir='ltr'><strong>cum</strong></span> <span class='ocrx_word' id='word_1_180' title='bbox 1582 3099 1781 3178; x_wconf 89' lang='lat' dir='ltr'><strong>priore</strong></span> <span class='ocrx_word' id='word_1_181' title='bbox 1849 3097 2183 3178; x_wconf 85' lang='lat' dir='ltr'><strong>apographo</strong></span> <span class='ocrx_word' id='word_1_182' title='bbox 2248 3096 2502 3159; x_wconf 90' lang='lat' dir='ltr'><strong>contulit</strong></span> <span class='ocrx_word' id='word_1_183' title='bbox 2563 3116 2750 3177; x_wconf 89' lang='lat' dir='ltr'><strong>eaque</strong></span> <span class='ocrx_word' id='word_1_184' title='bbox 2815 3115 2964 3177; x_wconf 89' lang='lat' dir='ltr'><strong>quae</strong></span> 
     </span>
     <span class='ocr_line' id='line_1_18' title="bbox 365 3202 2966 3285; baseline 0.001 -23"><span class='ocrx_word' id='word_1_185' title='bbox 365 3202 744 3265; x_wconf 84' lang='lat' dir='ltr'><strong>adnotaverat</strong></span> <span class='ocrx_word' id='word_1_186' title='bbox 789 3204 1112 3267; x_wconf 88' lang='lat' dir='ltr'><strong>liberaliter</strong></span> <span class='ocrx_word' id='word_1_187' title='bbox 1159 3223 1394 3266; x_wconf 89' lang='lat' dir='ltr'><strong>mecum</strong></span> <span class='ocrx_word' id='word_1_188' title='bbox 1440 3206 1916 3266; x_wconf 87' lang='lat' dir='ltr'><strong>communicavit.</strong></span> <span class='ocrx_word' id='word_1_189' title='bbox 1999 3204 2178 3266; x_wconf 88' lang='lat' dir='ltr'><strong>huius</strong></span> <span class='ocrx_word' id='word_1_190' title='bbox 2222 3207 2404 3285; x_wconf 88' lang='lat' dir='ltr'><strong>igitur</strong></span> <span class='ocrx_word' id='word_1_191' title='bbox 2450 3205 2648 3267; x_wconf 90' lang='lat' dir='ltr'><strong>studio</strong></span> <span class='ocrx_word' id='word_1_192' title='bbox 2695 3203 2966 3284; x_wconf 83' lang='lat' dir='ltr'><strong>debetur,</strong></span> 
     </span>
     <span class='ocr_line' id='line_1_19' title="bbox 365 3308 2965 3392; baseline 0 -23"><span class='ocrx_word' id='word_1_193' title='bbox 365 3308 522 3389; x_wconf 94' lang='lat' dir='ltr'><strong>quod</strong></span> <span class='ocrx_word' id='word_1_194' title='bbox 580 3312 784 3390; x_wconf 88' lang='lat' dir='ltr'><strong>paucis</strong></span> <span class='ocrx_word' id='word_1_195' title='bbox 849 3310 994 3372; x_wconf 93' lang='lat' dir='ltr'><strong>locis</strong></span> <span class='ocrx_word' id='word_1_196' title='bbox 1054 3311 1228 3392; x_wconf 90' lang='lat' dir='ltr'><strong>paulo</strong></span> <span class='ocrx_word' id='word_1_197' title='bbox 1285 3313 1653 3392; x_wconf 86' lang='lat' dir='ltr'><strong>accuratius,</strong></span> <span class='ocrx_word' id='word_1_198' title='bbox 1718 3329 1893 3390; x_wconf 90' lang='lat' dir='ltr'><strong>quam</strong></span> <span class='ocrx_word' id='word_1_199' title='bbox 1951 3320 2120 3372; x_wconf 89' lang='lat' dir='ltr'><strong>antea</strong></span> <span class='ocrx_word' id='word_1_200' title='bbox 2175 3312 2396 3373; x_wconf 82' lang='lat' dir='ltr'><strong>factum</strong></span> <span class='ocrx_word' id='word_1_201' title='bbox 2452 3321 2605 3392; x_wconf 90' lang='lat' dir='ltr'><strong>erat,</strong></span> <span class='ocrx_word' id='word_1_202' title='bbox 2670 3313 2965 3392; x_wconf 85' lang='lat' dir='ltr'><strong>scriptura</strong></span> 
     </span>
     <span class='ocr_line' id='line_1_20' title="bbox 366 3416 2965 3501; baseline 0 -24"><span class='ocrx_word' id='word_1_203' title='bbox 366 3416 587 3478; x_wconf 88' lang='lat' dir='ltr'><strong>codicis</strong></span> <span class='ocrx_word' id='word_1_204' title='bbox 642 3418 890 3480; x_wconf 86' lang='lat' dir='ltr'><strong>indicari</strong></span> <span class='ocrx_word' id='word_1_205' title='bbox 943 3421 1163 3501; x_wconf 85' lang='lat' dir='ltr'><strong>potuit,</strong></span> <span class='ocrx_word' id='word_1_206' title='bbox 1220 3421 1485 3499; x_wconf 85' lang='lat' dir='ltr'><strong>quamvis</strong></span> <span class='ocrx_word' id='word_1_207' title='bbox 1541 3428 1600 3480; x_wconf 87' lang='lat' dir='ltr'><strong>et</strong></span> <span class='ocrx_word' id='word_1_208' title='bbox 1655 3417 1972 3479; x_wconf 91' lang='lat' dir='ltr'><strong>admodum</strong></span> <span class='ocrx_word' id='word_1_209' title='bbox 2018 3436 2206 3498; x_wconf 88' lang='lat' dir='ltr'><strong>pauca</strong></span> <span class='ocrx_word' id='word_1_210' title='bbox 2252 3420 2372 3479; x_wconf 87' lang='lat' dir='ltr'><strong>sint</strong></span> <span class='ocrx_word' id='word_1_211' title='bbox 2416 3426 2479 3480; x_wconf 90' lang='lat' dir='ltr'><strong>et</strong></span> <span class='ocrx_word' id='word_1_212' title='bbox 2522 3418 2687 3480; x_wconf 83' lang='lat' dir='ltr'><strong>valde</strong></span> <span class='ocrx_word' id='word_1_213' title='bbox 2736 3420 2965 3498; x_wconf 84' lang='lat' dir='ltr'><strong>exigua,</strong></span> 
     </span>
     <span class='ocr_line' id='line_1_21' title="bbox 366 3523 1147 3603; baseline 0.003 -18"><span class='ocrx_word' id='word_1_214' title='bbox 366 3542 518 3603; x_wconf 89' lang='lat' dir='ltr'><strong>quae</strong></span> <span class='ocrx_word' id='word_1_215' title='bbox 564 3523 702 3585; x_wconf 92' lang='lat' dir='ltr'><strong>inde</strong></span> <span class='ocrx_word' id='word_1_216' title='bbox 748 3533 1147 3587; x_wconf 87' lang='lat' dir='ltr'><strong>accesserunt.</strong></span> 
     </span>
    </p>
   </div>
   <div class='ocr_carea' id='block_1_6' title="bbox 542 4156 2731 4494">
    <p class='ocr_par' dir='ltr' id='par_1_6' title="bbox 542 4156 2731 4494">
     <span class='ocr_line' id='line_1_22' title="bbox 586 4156 2731 4257; baseline 0 -1"><span class='ocrx_word' id='word_1_217' title='bbox 586 4158 968 4257; x_wconf 87' lang='lat' dir='ltr'><strong>NOTAE</strong></span> <span class='ocrx_word' id='word_1_218' title='bbox 1031 4157 1239 4255; x_wconf 86' lang='lat' dir='ltr'><strong>XXI</strong></span> <span class='ocrx_word' id='word_1_219' title='bbox 1302 4157 1600 4257; x_wconf 80' lang='lat' dir='ltr'><strong>QVAE</strong></span> <span class='ocrx_word' id='word_1_220' title='bbox 1665 4156 2246 4257; x_wconf 84' lang='lat' dir='ltr'><strong>VERSIBVS</strong></span> <span class='ocrx_word' id='word_1_221' title='bbox 2308 4158 2731 4257; x_wconf 88' lang='lat' dir='ltr'><strong>APPONI</strong></span> 
     </span>
     <span class='ocr_line' id='line_1_23' title="bbox 542 4298 2047 4494; baseline 0 -95"><span class='ocrx_word' id='word_1_222' title='bbox 542 4453 596 4494; x_wconf 54' lang='lat' dir='ltr'>R</span> <span class='ocrx_word' id='word_1_223' title='bbox 1274 4298 2047 4400; x_wconf 74' lang='lat' dir='ltr'>CONSVERVNT</span> 
     </span>
    </p>
   </div>
   <div class='ocr_carea' id='block_1_7' title="bbox 308 4535 2957 4835">
    <p class='ocr_par' dir='ltr' id='par_1_7' title="bbox 308 4535 2957 4835">
     <span class='ocr_line' id='line_1_24' title="bbox 547 4535 2957 4635; baseline 0 -35"><span class='ocrx_word' id='word_1_224' title='bbox 547 4571 620 4581; x_wconf 90' lang='lat'><strong>——</strong></span> <span class='ocrx_word' id='word_1_225' title='bbox 655 4538 879 4601; x_wconf 90' lang='lat' dir='ltr'><strong>obelus.</strong></span> <span class='ocrx_word' id='word_1_226' title='bbox 922 4535 999 4612; x_wconf 82' lang='grc'>·,&gt;’&lt;·</span> <span class='ocrx_word' id='word_1_227' title='bbox 1030 4541 1367 4600; x_wconf 88' lang='lat' dir='ltr'><strong>asteriscus.</strong></span> <span class='ocrx_word' id='word_1_228' title='bbox 1413 4540 1586 4615; x_wconf 81' lang='grc'>·,&gt;“&lt;--</span> <span class='ocrx_word' id='word_1_229' title='bbox 1608 4540 1930 4600; x_wconf 87' lang='lat' dir='ltr'><strong>asteriscus</strong></span> <span class='ocrx_word' id='word_1_230' title='bbox 1959 4556 2095 4635; x_wconf 84' lang='lat' dir='ltr'><strong>cum</strong></span> <span class='ocrx_word' id='word_1_231' title='bbox 2124 4536 2314 4599; x_wconf 89' lang='lat' dir='ltr'><strong>obelo.</strong></span> <span class='ocrx_word' id='word_1_232' title='bbox 2349 4545 2418 4596; x_wconf 49' lang='grc' dir='ltr'>ὃ</span> <span class='ocrx_word' id='word_1_233' title='bbox 2448 4538 2697 4619; x_wconf 84' lang='lat' dir='ltr'><strong>simplex</strong></span> <span class='ocrx_word' id='word_1_234' title='bbox 2724 4539 2957 4601; x_wconf 80' lang='lat' dir='ltr'><strong>ductus,</strong></span> 
     </span>
     <span class='ocr_line' id='line_1_25' title="bbox 359 4644 2957 4744; baseline 0 -39"><span class='ocrx_word' id='word_1_235' title='bbox 359 4650 430 4744; x_wconf 57' lang='grc' dir='ltr'>ἒ</span> <span class='ocrx_word' id='word_1_236' title='bbox 469 4644 642 4726; x_wconf 91' lang='lat' dir='ltr'><strong>diple.</strong></span> <span class='ocrx_word' id='word_1_237' title='bbox 712 4653 780 4718; x_wconf 64' lang='lat'><strong>3&gt;</strong></span> <span class='ocrx_word' id='word_1_238' title='bbox 826 4645 982 4727; x_wconf 91' lang='lat' dir='ltr'><strong>diple</strong></span> <span class='ocrx_word' id='word_1_239' title='bbox 1037 4648 1512 4727; x_wconf 86' lang='lat' dir='ltr'><strong>periestigmene.</strong></span> <span class='ocrx_word' id='word_1_240' title='bbox 1581 4651 1634 4714; x_wconf 77' lang='lat' dir='ltr'>D</span> <span class='ocrx_word' id='word_1_241' title='bbox 1674 4646 1998 4724; x_wconf 88' lang='lat' dir='ltr'><strong>antisigma.</strong></span> <span class='ocrx_word' id='word_1_242' title='bbox 2067 4648 2121 4712; x_wconf 79' lang='lat' dir='ltr'>D</span> <span class='ocrx_word' id='word_1_243' title='bbox 2160 4647 2468 4725; x_wconf 89' lang='lat' dir='ltr'><strong>antisigma</strong></span> <span class='ocrx_word' id='word_1_244' title='bbox 2524 4664 2661 4707; x_wconf 91' lang='lat' dir='ltr'><strong>cum</strong></span> <span class='ocrx_word' id='word_1_245' title='bbox 2714 4655 2957 4727; x_wconf 89' lang='lat' dir='ltr'><strong>puncto.</strong></span> 
     </span>
     <span class='ocr_line' id='line_1_26' title="bbox 308 4743 2957 4835; baseline 0.001 -22"><span class='ocrx_word' id='word_1_246' title='bbox 308 4784 334 4825; x_wconf 83' lang='lat'>⁵</span> <span class='ocrx_word' id='word_1_247' title='bbox 372 4748 416 4814; x_wconf 72' lang='lat' dir='ltr'><strong>t,</strong></span> <span class='ocrx_word' id='word_1_248' title='bbox 446 4754 700 4813; x_wconf 88' lang='lat' dir='ltr'><strong>coronis.</strong></span> <span class='ocrx_word' id='word_1_249' title='bbox 772 4760 939 4824; x_wconf 92' lang='lat'><strong>&gt;—</strong></span> <span class='ocrx_word' id='word_1_250' title='bbox 985 4751 1140 4832; x_wconf 91' lang='lat' dir='ltr'><strong>diple</strong></span> <span class='ocrx_word' id='word_1_251' title='bbox 1196 4751 1575 4812; x_wconf 89' lang='lat' dir='ltr'><strong>obelismene.</strong></span> <span class='ocrx_word' id='word_1_252' title='bbox 1609 4743 1617 4833; x_wconf 88' lang='grc' dir='ltr'>Ι</span> <span class='ocrx_word' id='word_1_253' title='bbox 1657 4754 1732 4817; x_wconf 67' lang='grc' dir='ltr'>ε</span> <span class='ocrx_word' id='word_1_254' title='bbox 1777 4768 1981 4811; x_wconf 85' lang='lat' dir='ltr'><strong>aversa</strong></span> <span class='ocrx_word' id='word_1_255' title='bbox 2027 4749 2409 4814; x_wconf 88' lang='lat' dir='ltr'><strong>obelismene.</strong></span> <span class='ocrx_word' id='word_1_256' title='bbox 2496 4754 2560 4835; x_wconf 82' lang='grc' dir='ltr'><strong>&gt;Κ</strong></span> <span class='ocrx_word' id='word_1_257' title='bbox 2618 4757 2957 4816; x_wconf 85' lang='lat' dir='ltr'><strong>ceraunion.</strong></span> 
     </span>
    </p>
   </div>
   <div class='ocr_carea' id='block_1_8' title="bbox 361 4876 786 4885">
    <p class='ocr_par' dir='ltr' id='par_1_8' title="bbox 361 4876 786 4885">
     <span class='ocr_line' id='line_1_27' title="bbox 361 4876 786 4885; baseline 0 643"><span class='ocrx_word' id='word_1_258' title='bbox 361 4876 786 4885; x_wconf 95' lang='lat' dir='ltr'><strong> </strong></span> 
     </span>
    </p>
   </div>
   <div class='ocr_carea' id='block_1_9' title="bbox 541 4921 2242 4991">
    <p class='ocr_par' dir='ltr' id='par_1_9' title="bbox 541 4921 2242 4991">
     <span class='ocr_line' id='line_1_28' title="bbox 541 4921 2242 4991; baseline -0.002 -11"><span class='ocrx_word' id='word_1_259' title='bbox 541 4925 723 4981; x_wconf 70' lang='lat' dir='ltr'><strong>Codex</strong></span> <span class='ocrx_word' id='word_1_260' title='bbox 763 4925 1062 4980; x_wconf 69' lang='lat' dir='ltr'><strong>Parisinus</strong></span> <span class='ocrx_word' id='word_1_261' title='bbox 1132 4929 1167 4977; x_wconf 79' lang='grc'>3</span> <span class='ocrx_word' id='word_1_262' title='bbox 1204 4922 1457 4991; x_wconf 74' lang='lat' dir='ltr'><strong>oboleno,</strong></span> <span class='ocrx_word' id='word_1_263' title='bbox 1492 4925 1556 4975; x_wconf 75' lang='lat' dir='ltr'><strong>ut</strong></span> <span class='ocrx_word' id='word_1_264' title='bbox 1590 4921 1835 4987; x_wconf 72' lang='lat' dir='ltr'><strong>videtur,</strong></span> <span class='ocrx_word' id='word_1_265' title='bbox 1869 4937 2010 4977; x_wconf 73' lang='lat' dir='ltr'><strong>corr.</strong></span> <span class='ocrx_word' id='word_1_266' title='bbox 2047 4921 2242 4978; x_wconf 79' lang='lat' dir='ltr'><strong>obelus</strong></span> 
     </span>
    </p>
   </div>
  </div>
 </body>
</html>
