3613 5528
572 447 697 512 136
1642 442 2101 500 CASSIODORII

568 625 708 715 suit)
757 630 827 691 ad
876 648 1059 691 unum
1107 627 1323 691 librum
1372 628 1682 691 reserenda
1732 647 1864 689 esse
1912 646 2052 689 sane
2101 626 2405 709 probabile
2453 637 2562 691 est.
2637 628 2739 690 sed
2788 628 2933 690 nihil
2979 630 3038 689 in
3085 629 3177 690 his

568 742 723 800 inest
770 737 925 817 quod
955 736 1251 817 Papiriani
1298 735 1451 798 libro
1499 735 1571 798 de
1619 735 2066 819 orthographia,
2113 753 2184 796 ex
2232 753 2351 815 quo
2398 744 2677 816 excerpta
2723 738 2924 816 posuit
2951 736 3177 797 Cassio-

574 843 804 925 doriuS,
850 845 980 903 iure
1028 843 1313 904 vindicari
1358 844 1576 924 possit,
1622 860 1817 922 neque
1866 860 2004 902 eum
2050 841 2266 903 librum
2315 842 2410 903 illa
2458 850 2645 904 aetate
2696 845 2959 904 extitisse
3015 851 3177 923 puto.

746 949 1095 1029 Sequuntur
1150 948 1305 1030 apud
1362 948 1799 1011 Cassiodorium
1868 958 2144 1030 excerpta
2199 969 2270 1010 ex
2338 949 2489 1010 libro
2546 949 2950 1011 Adamantii
3005 949 3177 1011 Mar-

570 1059 772 1139 tyrii,
820 1074 996 1136 quem
1043 1055 1216 1136 dicit,
1262 1055 1335 1116 de
1381 1054 1419 1115 b
1467 1064 1528 1116 et
1576 1075 1606 1115 v
1653 1055 1872 1117 litteris
1919 1064 2200 1135 quattuor
2246 1056 2539 1135 capitibus
2585 1057 2886 1138 disposita.
2970 1056 3071 1117 sed
3130 1058 3180 1116 is

569 1164 719 1226 liber
773 1180 889 1224 una
945 1180 1082 1222 cum
1142 1162 1392 1223 aliorum
1447 1164 1965 1242 grammaticorum
2022 1161 2190 1224 libris
2246 1183 2293 1225 a.
2346 1160 2516 1225 1493
2577 1181 2611 1223 a
2657 1164 2912 1242 Georgio
2958 1161 3179 1223 Merula

570 1271 740 1332 Bobii
786 1272 1063 1330 inventus
1102 1277 1162 1329 et
1208 1269 1492 1347 proximis
1530 1270 1700 1329 annis
1746 1278 1882 1349 post
1927 1287 2062 1329 cum
2101 1269 2349 1349 reliquis
2397 1268 2563 1330 libris
2601 1273 2703 1349 qui
2752 1279 2877 1331 tum
2924 1271 3180 1350 primum

570 1378 797 1439 inventi
845 1382 1016 1437 erant
1062 1377 1297 1456 saepius
1344 1375 1679 1456 descriptus
1727 1393 1887 1437 nunc
1934 1377 2126 1459 etiam·
2157 1378 2218 1436 in
2267 1375 2619 1457 apographis
2665 1376 2887 1437 codicis
2932 1374 3179 1437 Bobien-

570 1486 674 1567 sis,
719 1500 868 1568 quae
908 1479 1159 1542 indicavi
1196 1497 1437 1560 gramm.
1478 1479 1571 1542 lat.
1612 1499 1661 1541 v.
1691 1480 1763 1541 vi
1800 1501 1856 1563 p.
1888 1479 2037 1565 247,
2064 1491 2240 1544 extat.
2308 1491 2613 1563 praeterea
2654 1481 3182 1564 AngelusPolitia—

573 1609 685 1652 nus
742 1597 1004 1650 veterem
1053 1586 1316 1648 eiusdem
1375 1584 1557 1648 libelli
1612 1588 1878 1648 codicem
1933 1607 1981 1649 a.
2037 1584 2198 1649 1491
2251 1587 2511 1650 Venetiis
2559 1589 2702 1651 vidit
2748 1597 2809 1650 et
2853 1607 2960 1649 sua
3007 1606 3182 1650 manu

577 1696 923 1776 descripsit,
983 1694 1140 1773 quod
1197 1691 1599 1772 apographum
1656 1712 1817 1755 nunc
1872 1697 1931 1755 in
1979 1693 2333 1756 bibliotheca
2380 1694 2718 1758 Monacensi
2781 1699 2938 1758 inter
3002 1684 3185 1756 libros

574 1804 737 1864 Petri
782 1800 1027 1863 Victorii
1073 1808 1166 1860 est
1211 1799 1396 1860 codex
1444 1796 1529 1861 63
1577 1800 1665 1860 vel
1704 1799 2074 1862 Monacensis
2115 1799 2258 1863 766.
2313 1802 2406 1862 -de
2452 1802 2655 1864 codice
2702 1821 2821 1883 quo
2861 1802 3186 1863 politianus

579 1929 725 1972 usus
772 1916 864 1969 est
907 1916 969 1968 et
1014 1906 1089 1968 de
1136 1924 1241 1968 sua
1289 1923 1468 2002 opera
1506 1909 1567 1967 in
1605 1925 1676 1966 eo
1723 1906 2117 1968 describendo
2156 1906 2436 1968 collocata
2475 1910 2683 1971 scribit
2728 1909 2872 1970 haec
2918 1912 2978 1970 in
3016 1910 3185 1969 initio

573 2015 732 2079 illius
758 2013 1121 2095 apographi,
1169 2008 1305 2073 ‘Die
1344 2012 1452 2073 -vt·
1490 2013 1643 2077 lunii
1680 2013 2256 2075 MCCCCLXXXXI·
2294 2014 2438 2076 hora
2477 2018 2718 2078 circiter
2747 2015 2888 2076 ·XH·
2927 2015 3187 2078 Venetiis

573 2126 633 2185 in
672 2121 921 2184 aedibus
947 2118 1222 2180 Herculis
1250 2118 1649 2181 Ferrariensis
1689 2120 1859 2182 ducis
1889 2122 2058 2202 coepi
2097 2109 2253 2183 hunc
2283 2121 2619 2184 exscribere
2659 2141 2731 2183 ex
2775 2124 3186 2203 antiquissimo

579 2230 782 2292 codice
841 2226 1130 2305 libellum:
1187 2227 1360 2288 cuius
1417 2236 1546 2290 erat
1590 2225 1875 2289 ‘dominus
1923 2228 2213 2290 lohannes
2260 2228 2495 2291 Gabriel
2542 2229 2803 2290 Venetus
2860 2225 3188 2310 patricius’,

575 2344 638 2398 et
681 2339 742 2397 in
790 2336 934 2416 line,
972 2329 1231 2394 ‘Absolvi
1277 2352 1395 2413 quo
1434 2353 1744 2414 coeperam
1784 2328 1880 2396 die
1916 2334 2062 2396 hora
2101 2338 2342 2397 circiter
2378 2335 2519 2396 ·XX·
2558 2337 2982 2418 exemplarium
3028 2336 3188 2396 hunc

579 2460 757 2523 opera
797 2440 1158 2502 Albertuccii
1197 2439 1435 2520 Georgii
1481 2421 1714 2522 patricii
1752 2440 1977 2503 Veneti.
2025 2443 2167 2522 Ang.
2207 2438 2574 2505 Politianus’.
2649 2443 2947 2504 diversum
2992 2451 3187 2503 autem

580 2568 614 2610 a
660 2546 939 2610 Bobiensi
984 2546 1136 2608 libro
1183 2565 1319 2609 eum
1368 2547 1630 2610 codicem
1678 2550 1865 2610 fuisse
1912 2567 2030 2610 non
2079 2550 2268 2610 solum
2308 2568 2378 2610 ex
2424 2568 2494 2609 eo
2542 2558 2812 2632 apparet,
2857 2548 3015 2629 quod
3063 2528 3238 2609 tum‘

582 2675 716 2718 cum
765 2655 909 2718 haec
958 2656 1199 2733 scripsit
1236 2654 1561 2717 politianus
1607 2655 1933 2717 Bobienses
1981 2656 2216 2718 codices
2263 2658 2486 2717 inventi
2535 2657 2796 2718 nondum
2843 2663 3037 2729 erant,
3085 2654 3189 2714 sed

581 2766 758 2826 etiam
805 2764 930 2843 ipsa
978 2762 1307 2842 scripturae
1354 2762 1694 2827 diversitate
1742 2762 2178 2845 comprobatur.
2253 2764 2678 2843 praefationem
2724 2761 2859 2823 libri
2907 2763 2969 2823 A.
3003 2760 3190 2822 Maius

582 2873 641 2931 iu
692 2871 950 2932 editione
998 2869 1317 2932 Frontonis
1362 2869 1782 2932 Mediolanensi
1829 2890 1877 2931 a.
1921 2869 2090 2935 1815
2135 2892 2192 2952 p.
2239 2868 2369 2933 548
2419 2891 2488 2932 ex
2537 2871 2740 2933 codice
2788 2870 3192 2950 Ambrosiam,

586 2980 688 3057 qui
734 2996 806 3037 ex
845 2986 1046 3037 vetere
1084 2975 1364 3038 Bobiensi
1411 2975 1628 3039 ductus
1675 2987 1794 3061 est,
1842 2978 2041 3040 edidit.
2116 2980 2310 3058 ipsum
2354 2977 2569 3040 librum
2617 2996 2810 3060 nuper
2854 2980 2916 3039 in
2962 2975 3192 3038 duabus

585 3084 1011 3165 scriptionibus
1066 3081 1415 3145 academicis
1471 3085 1728 3164 primum
1788 3083 1946 3145 edidi
2001 3082 2163 3144 Halis
2218 3102 2266 3145 a.
2329 3081 2498 3148 1878
2556 3094 2615 3146 et
2672 3103 2830 3148 nunc
2884 3102 3000 3146 uua
3056 3101 3193 3144 cum

588 3193 885 3272 excerptis
930 3190 1288 3252 cassiodorii
1344 3193 1608 3271 repetivi.
1696 3208 2050 3270 quamquam
2100 3192 2255 3252 enim
2305 3169 2716 3254 Cassiodorius
2762 3211 2832 3253 ex
2884 3191 2996 3252 hoc
3043 3189 3193 3250 libro

586 3299 754 3380 plura
803 3316 979 3378 quam
1028 3315 1098 3357 ex
1156 3296 1401 3376 reliquis
1456 3296 1992 3379 orthographorum
2053 3295 2218 3358 libris
2274 3296 2494 3377 quibus
2549 3316 2696 3359 usus
2731 3308 2844 3359 ‘est
2899 3299 3196 3375 excerpsit

584 3417 645 3467 et
701 3408 826 3486 ipsa
882 3407 1144 3465 auctoris
1202 3402 1377 3464 verba
1434 3406 1770 3466 accuratius
1825 3422 2002 3484 quam
2060 3405 2119 3464 in
2179 3404 2307 3465 aliis
2364 3406 2665 3486 repetivit,
2724 3413 2918 3466 tamen
2979 3406 3038 3464 in
3099 3402 3197 3464 bis

587 3530 825 3592 quoque
864 3513 1161 3591 excerptis
1208 3511 1494 3590 quaedam
1533 3513 1756 3593 omisit,
1802 3511 1912 3572 alia
1952 3513 2221 3593 mutavit,
2267 3529 2386 3571 non
2425 3512 2583 3575 nulla
2626 3530 2766 3573 vero
2804 3514 2999 3592 etiam,
3045 3530 3195 3590 quae

591 3637 708 3679 non
749 3616 1121 3680 intellexerat
1158 3618 1247 3678 vel
1287 3619 1695 3700 neglegentius
1731 3618 2157 3700 descripserat,
2202 3613 2636 3701 depravavit*).
2708 3620 2908 3698 itaque
2949 3637 3020 3679 ue
3059 3635 3196 3680 cum

585 3724 943 3787 lectionibus
989 3734 1408 3805 excerptorum
1455 3724 1631 3785 verba
1679 3726 2076 3806 grammatici,
2122 3742 2192 3784 ex
2240 3722 2459 3803 quibus
2504 3742 2572 3785 ea
2618 3725 2803 3803 petita
2849 3732 3013 3804 sunt,
3062 3742 3195 3802 per·

588 3834 1010 3913 miscerentur,
1064 3839 1255 3893 totum
1311 3831 1528 3893 librum
1574 3829 1646 3892 ab
1702 3832 2000 3911 excerptis
2058 3838 2394 3910 separatum
2440 3830 2720 3892 exhibere
2769 3839 2829 3891 et
2873 3833 2931 3891 in
2989 3829 3199 3891 iisdem

587 3941 816 4020 paginis
866 3957 1002 4001 cum
1046 3937 1163 3999 illis
1209 3956 1566 4019 componere
1612 3936 1989 4000 commodum
2038 3956 2170 3998 esse
2220 3939 2407 3998 visum
2447 3946 2565 4019 est,
2616 3939 2847 3998 etiamsi
2886 3936 3198 3998 molestum

589 4054 741 4121 erat,
797 4046 1149 4125 praesertim
1205 4046 1266 4106 in
1323 4046 1488 4107 tenui
1542 4045 1722 4107 huius
1776 4043 1959 4105 libelli
2015 4045 2283 4126 materia,
2341 4043 2566 4126 eadem,
2601 4043 2779 4104 verba
2835 4043 2926 4105 bis
2980 4045 3199 4122 scripta

586 4168 939 4234 proponere.

763 4257 850 4318 Ad
906 4256 1225 4319 editionem
1272 4257 1535 4338 Martyrii
1593 4257 1746 4319 duos
1791 4256 1978 4319 libros
2025 4274 2200 4318 manu
2251 4259 2505 4337 scriptos
2550 4255 2819 4339 adhibui,
2872 4256 3197 4337 Neapolita·

588 4384 730 4427 num
778 4363 1170 4426 bibliothecae
1218 4366 1413 4445 regiae
1463 4363 1535 4423 tv
1564 4366 1609 4424 A
1647 4362 1722 4426 11
1772 4383 1845 4425 ex
1883 4362 2159 4425 Bobiensi
2187 4366 2411 4443 ‚codice
2458 4364 2853 4447 descriptum,
2901 4383 3036 4425 eum
3083 4383 3201 4444 quo

761 4509 816 4579 ⁸⁸²)
861 4510 1223 4566 Memorabile
1271 4509 1665 4580 neglegentiae
1713 4508 2032 4579 exemplum
2079 4510 2166 4562 est
2210 4506 2380 4579 illud,
2432 4511 2582 4580 quod
2629 4512 2865 4583 quartae
2911 4509 3062 4581 parti
3110 4526 3200 4563 ex·

587 4594 907 4662 cerptorum
922 4634 935 4661 ,
974 4607 1117 4660 quae
1154 4591 1242 4645 est
1275 4589 1347 4644 de
1383 4589 1580 4657 verbo,
1625 4586 2007 4658 inscriptionis
2043 4588 2167 4644 loco
2212 4590 2539 4659 praeposuit
2573 4591 2747 4646 verba
2784 4606 2930 4660 quae
2969 4590 3042 4644 ad
3087 4591 3202 4643 tres

588 4676 776 4743 partes
821 4688 964 4743 quae
1011 4669 1355 4743 praecedunt
1398 4668 1784 4739 pertinebant,
1830 4668 2097 4724 Eiusdem
2141 4671 2476 4726 Adamantii
2514 4671 2794 4742 Martgm‘i
2836 4671 2903 4725 de
2949 4671 2981 4725 b
3019 4670 3205 4725 littera

588 4754 872 4820 trifariam
915 4753 979 4806 in
1023 4752 1240 4806 nomine
1281 4752 1487 4820 posita.
1564 4752 1635 4807 in
1679 4751 1876 4807 eadem
1921 4753 2081 4822 parte
2124 4769 2179 4822 p.
2219 4759 2385 4818 2308,
2434 4770 2560 4807 cum
2608 4751 2678 4807 de
2723 4750 3001 4821 scriptura
3046 4747 3203 4804 v'erbi

589 4832 918 4902 deponentis
973 4833 1215 4888 arbitror
1271 4832 1669 4901 grammaticus
1722 4832 2122 4903 praecepisset,
2191 4832 2569 4888 Cassiodorius
2630 4848 2689 4886 re
2745 4847 2857 4886 non
2912 4828 3205 4885 intellecta

590 4928 811 4967 omnem
843 4911 1178 4969 sententiam
1214 4927 1440 4983 prorsus
1474 4911 1764 4982 pervertit.
