3613 5528
407 1587 555 1639 190‚1o

407 2442 553 2493 ηομ

591 413 721 478 342
1739 401 2057 458 AvnAms

592 527 636 564 p.
665 515 731 555 22.
760 514 813 554 23
840 513 898 552 H.

590 598 755 661 illum
801 599 978 658 etiam
1028 595 1131 673 qui
1176 594 1237 654 in
1276 608 1508 653 summo
1547 600 1639 651 est
1674 587 1923 668 gradum
1962 586 2243 667 dicimus,
2289 602 2427 647 cum
2465 583 2683 663 alioqui
2720 583 2791 644 ad
2831 583 3205 662 superiorem

589 709 891 790 planitiem
922 700 1183 781 aequalis
1214 701 1292 760 sit
1319 690 1558 758 necTiat
1585 694 1804 775 gradus
1836 694 1949 753 nisi
1977 692 2362 771 depressione
2399 692 2705 770 sequentis
2736 737 2749 751 .
2778 688 3205 769 quo‚exemplo

590 835 699 898 per
727 814 1085 896 genetivum,
1121 811 1182 869 in
1214 822 1391 885 quem
1420 803 1595 883 cadit,
1633 801 2028 863 nominativus
2057 816 2297 877 quoque
2327 799 2444 858 iam
2472 815 2646 858 casus
2673 802 2767 856 est
2796 843 2809 857 .
2839 796 2942 856 sed
2980 795 3209 856 addunt

591 926 768 987 etiam
816 939 934 983 non
983 915 1129 979 nulli
1176 913 1443 993 quamvis
1491 910 1620 970 sine
1659 908 1899 969 nomine
1939 903 2258 985 septimum
2295 921 2516 964 casum.
2592 902 2748 974 Quid
2787 910 2880 963 est
2917 904 3207 982 septimus

592 1026 811 1104 casus?
884 1027 1000 1099 Qui
1046 1023 1216 1104 quasi
1263 1019 1521 1098 speciem
1570 1014 1802 1076 ablativi
1851 1012 2031 1074 habet
2080 1029 2191 1072 nec
2237 1018 2434 1071 tamen
2482 1009 2769 1071 ablativus
2818 1016 2937 1089 est,
2984 1009 3204 1088 quippe
3262 1021 3289 1060 5

591 1157 698 1220 per
753 1134 1154 1197 accusativum
1209 1125 1492 1206 liquidius
1553 1121 1911 1202 explicatur,
1972 1117 2153 1179 veluti
2185 1134 2351 1176 .cum
2413 1116 2665 1178 dicimus
2730 1133 2839 1176 nos
2899 1122 3058 1175 terra
3115 1112 3205 1174 vel

592 1248 742 1308 mari
801 1251 1031 1321 vectos,
1100 1254 1217 1297 non
1282 1235 1486 1310 utique
1548 1248 1581 1290 a
1642 1237 1801 1290 terra
1864 1225 1955 1287 vel
2016 1225 2193 1305 mari,
2261 1221 2364 1283 sed
2435 1241 2543 1303 per
2612 1229 2834 1284 te‘rram
2893 1220 2985 1281 vel
3043 1239 3205 1281 mare

591 1355 1007 1431 siqnificamus
1055 1393 1067 1406 .
1116 1362 1187 1404 ex
1235 1358 1352 1419 quo
1402 1355 1581 1398 sensu
1639 1343 1731 1396 est
1787 1329 2117 1394 ‘multum
2173 1330 2298 1391 ille
2358 1339 2427 1391 et
2483 1331 2708 1390 terris
2763 1330 3079 1390 iactatus
3136 1335 3207 1388 et

593 1454 787 1524 alto’.
1292 1529 1297 1536 .

772 1562 1041 1626 Genetivi
1086 1573 1259 1618 casus
1307 1571 1457 1633 quae
1505 1549 1705 1629 regula
1744 1543 1881 1609 est?
1955 1545 2275 1606 Genetivus
2303 1562 2488 1605 casus
2529 1542 2845 1623 singularis
2883 1559 3205 1620 numquam
3237 1557 3292 1597 ιο

594 1695 626 1736 a
672 1671 1041 1736 nominativo·
1080 1682 1189 1726 suo
1236 1662 1431 1722 minor
1479 1666 1569 1719 est
1616 1705 1628 1717 .
1677 1658 1876 1735 itaque
1936 1662 2039 1715 aut
2093 1652 2337 1715 totidem
2400 1650 2636 1732 syllabis
2683 1659 2958 1711 constare
3006 1648 3206 1730 debet,

595 1790 740 1863 quot
796 1776 1220 1852 nominativuS,
1278 1776 1378 1829 aut
1440 1768 1618 1828 etiam
1676 1781 1792 1824 una
1855 1758 2074 1842 syllaba
2134 1760 2440 1820 excedere.
2528 1758 2661 1830 Quo
2724 1757 2897 1818 modo
2959 1756 3204 1817 totidem

595 1881 875 1970 syllabis?
957 1881 1030 1944 Vt
1085 1875 1364 1957 Virgilius
1420 1869 1674 1951 Virgilii,
1729 1868 2047 1929 Terentius
2104 1864 2398 1945 Terentii,
2459 1872 2520 1925 et
2578 1862 2654 1923 ob
2712 1862 2770 1923 id
2829 1864 3121 1942 geminata
3168 1864 3205 1922 i.

595 1998 725 2070 Quo
781 1992 956 2055 modo
1012 2005 1128 2050 una
1186 1979 1405 2064 syllaba
1458 1971 1794 2039 excedere?
1867 1972 1940 2034 Vt
1985 1970 2207 2033 Hector
2254 1970 2554 2052 HectoriS‚
2610 1969 2827 2031 Nestor
2872 1968 3143 2030 Nestoris
3189 2015 3204 2028 .

594 2102 871 2166 accidunt
931 2104 1126 2159 autem
1189 2091 1425 2153 nomina
1489 2083 1775 2165 quaedam
1848 2088 2052 2142 contra
2126 2096 2305 2158 supra
2374 2076 2592 2138 dictam
2661 2078 2979 2156 rationem,
3054 2093 3206 2154 quae
3237 2089 3290 2130 ιε

595 2210 826 2273 duabus
872 2203 1109 2287 syllabis
1155 2201 1438 2261 crescunt
1483 2195 1543 2254 in
1598 2191 1900 2270 genetivo,
1961 2194 2028 2248 ut
2082 2192 2226 2266 puta
2282 2203 2505 2264 anceps
2560 2185 2863 2264 ancipitis,
2920 2199 3208 2262 praeceps

592 2317 962 2399 praecipitiS,
1009 2310 1212 2388 biceps
1258 2302 1546 2382 bicipitis,
1593 2295 1859 2376 supellex
1907 2292 2309 2374 supellectilis.

772 2420 1021 2483 Ablativi
1058 2432 1231 2477 casus
1270 2428 1419 2491 quae
1451 2405 1653 2487 regula
1685 2399 1823 2465 est?
1881 2401 2182 2462 Ablativus
2212 2399 2530 2479 singularis
2560 2399 2823 2477 exceptis
2853 2396 3206 2476 quibusdam

595 2529 933 2594 nominibus
980 2525 1223 2605 aptotiS,
1268 2526 1336 2580 ut
1382 2531 1634 2594 nequam
1684 2519 1743 2573 et
1789 2528 2006 2590 nugaS,
2052 2525 2171 2568 una
2217 2527 2290 2567 ex
2338 2509 2601 2586 quinque
2653 2503 2955 2565 vocalibus
3000 2506 3200 2565 termi-

596 2649 771 2702 natur
801 2685 814 2698 .
845 2647 1253 2716 quaecumque
1309 2626 1491 2704 igitur
1532 2614 1542 2702 Ι
1584 2619 1819 2680 nomina
1876 2614 2127 2676 ablativo
2182 2630 2323 2674 casu
2382 2630 2632 2673 numero
2687 2610 2975 2691 singulari
3030 2628 3062 2671 a
3109 2608 3201 2671 vel
3228 2625 3283 2665 20

595 2767 630 2809 o
676 2746 893 2809 litteris
939 2742 1163 2804 fuerint
1208 2734 1520 2797 terminata
1577 2727 1917 2808 genetivum
1974 2718 2263 2803 pluralem
2320 2721 2380 2781 in
2436 2738 2569 2781 rum
2628 2717 2906 2799 syllabam
2965 2718 3208 2800 eiciunt,

595 2855 856 2917 dativum
902 2860 963 2912 et
1008 2845 1323 2908 ablativum
1382 2841 1442 2899 in
1499 2839 1578 2910 is,
1634 2842 1704 2895 ut
1755 2840 1898 2913 puta
1956 2838 2022 2891 ut
2077 2827 2150 2890 ab
2205 2827 2315 2888 hac
2371 2825 2568 2888 tabula
2613 2825 2825 2887 harum
2873 2823 3207 2886 tabularum
3291 2896 3299 2902 ⁵

594 2971 654 3023 et
708 2959 782 3021 ab
839 2959 953 3019 hoc
1008 2956 1183 3016 docto
1238 2948 1453 3008 horum
1509 2942 1850 3019 doctorum,
1903 2936 1998 2997 his
2055 2942 2116 2995 et
2170 2933 2243 2994 ab
2298 2933 2392 2994 his
2448 2931 2666 2994 tabulis
2721 2932 2816 2993 his
2871 2940 2933 2993 et
2986 2931 3058 2992 ab
3115 2931 3208 2992 his

592 3069 785 3129 doctis
832 3114 846 3127 .
894 3081 1045 3144 quae
1101 3076 1242 3120 vero
1296 3057 1359 3116 in
1415 3069 1448 3111 e
1514 3056 1616 3110 aut
1670 3049 1731 3108 in
1788 3064 1825 3105 u
1885 3044 2107 3104 fuerint
2164 3042 2502 3122 terminata,
2566 3058 2599 3100 e
2672 3038 2866 3101 littera
2932 3046 3210 3118 correpta

592 3178 655 3236 iu
719 3172 969 3235 ablativo
1033 3167 1370 3249 genetivum
1433 3154 1723 3239 pluralem
1789 3155 1853 3213 in
1919 3169 2022 3213 um
2085 3148 2175 3210 vel
2230 3151 2292 3210 in
2347 3151 2471 3210 ium
2528 3146 2776 3228 syllabas
2831 3149 3075 3229 eicient,
3138 3153 3207 3207 ut
3234 3157 3288 3198 25

484 3288 495 3297 '
593 3283 665 3344 ab
713 3282 826 3342 hoc
874 3277 1075 3341 codice
1122 3272 1423 3348 codicum,
1477 3266 1702 3345 pariete
1758 3260 2080 3340 parietum,
2144 3274 2293 3333 rupe
2351 3257 2616 3336 rupium,
2680 3257 2866 3333 stirpe
2913 3256 3209 3333 stirpium,

594 3395 769 3450 nocte
816 3387 1107 3448 noctium:
1155 3376 1331 3440 simili
1380 3372 1554 3436 modo
1600 3372 1620 3430 i
1667 3384 1906 3448 quoque
1955 3361 2269 3443 aliquando
2318 3364 2378 3423 in
2418 3379 2547 3443 um,
2594 3363 2925 3436 aliquando
2974 3363 3038 3422 in
3085 3364 3207 3421 ium

594 3494 844 3576 syllabas
882 3493 1048 3571 eicit,
1096 3496 1163 3549 ut
1208 3484 1280 3546 ab
1326 3482 1440 3542 hoc
1488 3476 1647 3558 vigili
1686 3471 1960 3552 vigilum,
2004 3468 2190 3550 pugili
2227 3469 2523 3553 pugilum,
2570 3468 2704 3548 agili
2743 3466 3003 3549 agilium,
3051 3465 3206 3527 facili

774 3697 802 3745 1
841 3689 1005 3745 illum
1053 3685 1223 3748 etiam
1284 3680 1360 3734 M
1378 3710 1391 3721 ·
1411 3677 1585 3731 etiam
1639 3671 1801 3726 illum
1856 3670 1911 3724 Β
2057 3686 2181 3724 eum
2237 3667 2493 3738 alioquin
2544 3668 2600 3722 Β
2656 3666 2807 3722 enim
2863 3665 3078 3737 alioqui
3137 3666 3211 3720 M

665 3780 697 3828 2
737 3768 1094 3842 depressione
1143 3763 1196 3816 V
1228 3756 1514 3831 depressio
1550 3754 1606 3808 Β
1645 3750 1921 3822 depositio
1961 3749 2036 3803 M
2177 3764 2290 3817 quo
2327 3749 2582 3819 exemplo
2625 3765 2726 3819 per
2771 3745 3098 3818 genetivum
3147 3746 3208 3799 in

594 3869 764 3925 quem
810 3850 966 3906 eadit
1023 3847 1075 3901 V
1116 3842 1266 3915 quod
1313 3836 1570 3906 exemplo
1626 3834 1686 3888 in
1732 3830 2056 3901 genetiuum
2103 3845 2203 3899 per
2250 3847 2417 3899 quem
2465 3828 2621 3885 cadit
2669 3828 2727 3883 Β
2782 3843 2894 3898 quo
2950 3826 3208 3898 exemplo

592 3932 920 4005 genetiuum
956 3945 1057 3998 per
1092 3941 1258 3996 quem
1296 3918 1448 3976 cadit
1487 3918 1562 3972 M
1700 3918 1736 3965 4
1773 3911 1894 3966 sine
1931 3926 2035 3965 om.
2068 3910 2144 3976 B,
2180 3910 2310 3965 add.
2352 3911 2429 3964 M
2568 3907 2703 3978 quid
2741 3910 2828 3963 est
2862 3908 2919 3961 Β
2957 3906 3084 3976 quis
3121 3910 3211 3963 est

598 4015 673 4069 M
814 4017 846 4066 5
881 4013 1076 4064 tamen
1111 4021 1212 4059 om.
1254 4002 1342 4069 M,
1389 3997 1517 4053 add.
1556 3996 1611 4050 Β
1756 3992 1993 4063 quippe]
2047 3991 2144 4060 qui
2187 3994 2253 4046 e'e
2299 3989 2444 4044 ΒΜ
2478 3989 2686 4059 quippe
2733 3987 2783 4042 ie
2823 3966 2897 4053 ⁰1⁷,
2943 3983 3043 4055 qui
3086 3984 3207 4056 ipse

596 4096 726 4151 olim
778 4091 928 4148 edidi
1070 4091 1102 4139 6
1148 4076 1395 4151 liquidus
1444 4076 1519 4130 M
1661 4079 1692 4129 ‘1
1732 4076 1827 4129 vel
1878 4072 2045 4143 mari]
2100 4072 2199 4127 uel
2251 4087 2406 4125 mare
2459 4074 2688 4137 utroque
2733 4068 2847 4122 loco
2890 4066 2947 4120 Β
2961 4067 3038 4120 M
3176 4072 3209 4121 8

597 4173 974 4244 significamus
1027 4183 1127 4222 om.
1184 4161 1239 4217 B
1256 4160 1325 4215 M
1476 4170 1639 4210 sensu
1704 4153 1757 4206 V
1813 4168 2005 4208 sensus
2054 4149 2110 4204 Β
2124 4151 2199 4205 M
2346 4147 2610 4218 multum]
2675 4145 2829 4216 Very.
2881 4147 3021 4201 Aen.
3071 4147 3129 4213 I,
3173 4151 3208 4201 3

672 4262 735 4310 11
766 4252 1008 4308 minores
1044 4248 1238 4315 itaque
1273 4239 1329 4294 Β
1439 4238 1538 4291 aut
1572 4232 1836 4303 totidem]
1883 4234 1949 4286 ut
1981 4230 2222 4286 totidem
2261 4231 2337 4285 M
2444 4235 2508 4283 12
2546 4244 2660 4282 una
2706 4242 2809 4281 om.
2851 4226 2948 4294 M,
2987 4225 3116 4280 add.
3152 4225 3209 4278 Β

669 4342 737 4391 13
774 4334 795 4388 i
831 4349 932 4388 om.
970 4327 1114 4383 ΒΜ
1222 4328 1287 4376 15
1327 4316 1603 4374 accedunt
1636 4312 1785 4368 BM
1895 4318 1958 4367 16
1999 4312 2254 4366 crescunt
2293 4310 2366 4364 M
2414 4308 2674 4364 constant
2706 4306 2763 4359 Β
2834 4310 2842 4317 “
2908 4311 2975 4360 17
3013 4306 3210 4377 suplex

598 4411 963 4488 supellectilis
988 4410 1044 4463 Β
1073 4404 1306 4475 supplex
1335 4395 1741 4468 subpellectilis
1772 4395 1848 4450 M
1992 4397 2057 4446 18
2095 4390 2396 4445 Ablativus
2420 4387 2717 4459 singularis
2744 4401 2845 4441 om.
2874 4384 2949 4454 B,
2978 4386 3105 4441 aad.
3138 4384 3213 4438 M

672 4502 738 4551 19
776 4486 1119 4558 nominibus]
1156 4481 1414 4539 omnibus
1449 4478 1505 4531 Β
1612 4477 1678 4529 ut
1712 4490 1953 4544 nequam
1974 4474 2039 4533 ut·
2052 4488 2231 4541 nugas
2262 4470 2338 4525 M
2361 4470 2426 4524 ut
2451 4484 2694 4538 nequam
2728 4482 2906 4535 nugas
2931 4465 2987 4520 Β
3095 4469 3207 4521 ter-

599 4577 883 4634 minantur
918 4572 973 4626 B
1119 4572 1187 4621 20
1225 4576 1452 4618 numero
1491 4554 1765 4627 singulari
1809 4571 1903 4607 um
1960 4568 1997 4606 a.
2052 4550 2143 4606 uel
2188 4566 2222 4605 ο
2276 4548 2484 4604 litteris
2537 4547 2749 4602 fuerint
2801 4545 3109 4599 terminata
3151 4544 3208 4597 Β

596 4654 816 4712 numeri
864 4645 1135 4720 singulari
1181 4660 1230 4700 a.
1269 4643 1308 4697 l.
1346 4658 1381 4697 o
1417 4637 1621 4694 litteris
1667 4633 1878 4690 fuerint
1919 4631 2255 4687 terminatus
2304 4629 2378 4683 Μ
2519 4633 2588 4682 22
2626 4625 2686 4680 in
2730 4623 2800 4694 is]
2839 4624 2899 4679 in
2934 4623 3026 4679 his
3062 4624 3117 4678 Β
3137 4624 3211 4678 Μ

669 4736 735 4791 ut
770 4734 909 4805 puta.
944 4730 1017 4787 ab
1053 4728 1159 4783 hac
1194 4722 1392 4780 tabula
1438 4719 1492 4774 V
1523 4738 1542 4772 .·
1576 4718 1810 4785 sortasse
1844 4715 1910 4768 ut
1942 4715 2084 4782 puta
2117 4712 2275 4767 velut
2311 4710 2384 4764 ab
2418 4708 2527 4762 hac
2562 4704 2761 4760 tabula
2903 4706 2972 4757 26
3009 4702 3102 4758 vel
3148 4703 3208 4757 in

598 4817 740 4889 ium]
788 4815 896 4870 uel.
933 4811 971 4868 i.
1008 4828 1106 4865 um
1141 4805 1197 4860 Β
1340 4808 1409 4857 27
1446 4801 1468 4854 i
1514 4812 1741 4869 quoque
1785 4792 2090 4864 aliquando
2135 4790 2195 4845 in
2243 4807 2341 4845 um
2388 4786 2637 4857 syllabae
2688 4783 2823 4839 eicit
2866 4784 2933 4837 ut
2976 4784 3050 4838 ab
3101 4783 3211 4839 hoo

600 4896 765 4969 uigili
799 4892 1059 4965 uigiliam
1095 4886 1275 4959 pugili
1309 4883 1584 4955 pugilium
1621 4879 1678 4933 Β
1692 4877 1767 4931 Μ
