<?xml version="1.0" encoding="UTF-8"?>
<!DOCTYPE html PUBLIC "-//W3C//DTD XHTML 1.0 Transitional//EN"
    "http://www.w3.org/TR/xhtml1/DTD/xhtml1-transitional.dtd">
<html xmlns="http://www.w3.org/1999/xhtml" xml:lang="en" lang="en">
 <head>
  <title>
</title>
<meta http-equiv="Content-Type" content="text/html;charset=utf-8" />
  <meta name='ocr-system' content='tesseract 3.04.00' />
  <meta name='ocr-capabilities' content='ocr_page ocr_carea ocr_par ocr_line ocrx_word'/>
</head>
<body>
  <div class='ocr_page' id='page_1' title='image "./grammaticilatin09keilgoog_0157.png"; bbox 0 0 3613 5528; ppageno 0'>
   <div class='ocr_carea' id='block_1_1' title="bbox 406 436 3012 585">
    <p class='ocr_par' dir='ltr' id='par_1_1' title="bbox 406 436 3012 585">
     <span class='ocr_line' id='line_1_1' title="bbox 702 436 3012 527; baseline 0.003 -34"><span class='ocrx_word' id='word_1_1' title='bbox 702 520 705 527; x_wconf 37' lang='grc' dir='ltr'>Ι</span> <span class='ocrx_word' id='word_1_2' title='bbox 1354 438 1451 493; x_wconf 90' lang='lat' dir='ltr'><strong>DE</strong></span> <span class='ocrx_word' id='word_1_3' title='bbox 1490 437 2074 494; x_wconf 77' lang='lat' dir='ltr'><strong><em>ORTHOGRAPHIA</em></strong></span> <span class='ocrx_word' id='word_1_4' title='bbox 2884 436 3012 501; x_wconf 81' lang='grc'><strong>147</strong></span> 
     </span>
     <span class='ocr_line' id='line_1_2' title="bbox 406 538 664 585; baseline -0.031 0"><span class='ocrx_word' id='word_1_5' title='bbox 406 548 451 585; x_wconf 75' lang='lat' dir='ltr'><strong>p.</strong></span> <span class='ocrx_word' id='word_1_6' title='bbox 482 538 585 578; x_wconf 75' lang='lat'><strong>2²81</strong></span> <span class='ocrx_word' id='word_1_7' title='bbox 615 538 664 578; x_wconf 77' lang='lat' dir='ltr'><strong>r.</strong></span> 
     </span>
    </p>
   </div>
   <div class='ocr_carea' id='block_1_2' title="bbox 403 676 3021 1034">
    <p class='ocr_par' dir='ltr' id='par_1_2' title="bbox 403 676 3021 1034">
     <span class='ocr_line' id='line_1_3' title="bbox 409 676 3021 795; baseline -0.001 -11"><span class='ocrx_word' id='word_1_8' title='bbox 409 711 733 784; x_wconf 85' lang='lat' dir='ltr'><strong>TITVLI</strong></span> <span class='ocrx_word' id='word_1_9' title='bbox 770 711 1031 785; x_wconf 88' lang='lat' dir='ltr'>LIBRI</span> <span class='ocrx_word' id='word_1_10' title='bbox 1059 676 1870 785; x_wconf 77' lang='lat' dir='ltr'><strong><em>ORTHOGRAPHIAE</em></strong></span> <span class='ocrx_word' id='word_1_11' title='bbox 1907 708 2489 784; x_wconf 85' lang='lat' dir='ltr'>INDICANTES</span> <span class='ocrx_word' id='word_1_12' title='bbox 2526 708 2655 782; x_wconf 86' lang='lat' dir='ltr'><strong>EX</strong></span> <span class='ocrx_word' id='word_1_13' title='bbox 2687 708 3021 795; x_wconf 84' lang='lat' dir='ltr'><strong>QVIBVS</strong></span> 
     </span>
     <span class='ocr_line' id='line_1_4' title="bbox 403 832 3020 910; baseline -0.001 -2"><span class='ocrx_word' id='word_1_14' title='bbox 403 834 977 910; x_wconf 85' lang='lat' dir='ltr'><strong>AVCTORIBVS</strong></span> <span class='ocrx_word' id='word_1_15' title='bbox 1017 834 1519 909; x_wconf 85' lang='lat' dir='ltr'>SCRIBENDI</span> <span class='ocrx_word' id='word_1_16' title='bbox 1553 835 1947 909; x_wconf 85' lang='lat' dir='ltr'>PERITIA</span> <span class='ocrx_word' id='word_1_17' title='bbox 1983 834 2346 908; x_wconf 81' lang='lat' dir='ltr'>DOMINO</span> <span class='ocrx_word' id='word_1_18' title='bbox 2385 832 3020 907; x_wconf 84' lang='lat' dir='ltr'><strong><em>PRAESTANTE</em></strong></span> 
     </span>
     <span class='ocr_line' id='line_1_5' title="bbox 1350 958 2075 1034; baseline -0.003 0"><span class='ocrx_word' id='word_1_19' title='bbox 1350 960 1842 1034; x_wconf 80' lang='lat' dir='ltr'>COLLEOTA</span> <span class='ocrx_word' id='word_1_20' title='bbox 1897 958 2075 1033; x_wconf 85' lang='lat' dir='ltr'><strong>EST</strong></span> 
     </span>
    </p>
   </div>
   <div class='ocr_carea' id='block_1_3' title="bbox 326 1119 2756 2376">
    <p class='ocr_par' dir='ltr' id='par_1_3' title="bbox 326 1119 2756 2376">
     <span class='ocr_line' id='line_1_6' title="bbox 807 1119 2756 1200; baseline -0.001 -17"><span class='ocrx_word' id='word_1_21' title='bbox 807 1121 831 1183; x_wconf 92' lang='lat'>1</span> <span class='ocrx_word' id='word_1_22' title='bbox 886 1121 974 1184; x_wconf 84' lang='lat' dir='ltr'><strong>Ex</strong></span> <span class='ocrx_word' id='word_1_23' title='bbox 1020 1123 1260 1185; x_wconf 84' lang='lat' dir='ltr'><strong>Annaeo</strong></span> <span class='ocrx_word' id='word_1_24' title='bbox 1309 1121 1574 1184; x_wconf 87' lang='lat' dir='ltr'><strong>Cornuto</strong></span> <span class='ocrx_word' id='word_1_25' title='bbox 1620 1121 1694 1182; x_wconf 91' lang='lat' dir='ltr'><strong>de</strong></span> <span class='ocrx_word' id='word_1_26' title='bbox 1742 1122 2152 1184; x_wconf 81' lang='lat' dir='ltr'><strong>enuntiatione</strong></span> <span class='ocrx_word' id='word_1_27' title='bbox 2198 1120 2292 1182; x_wconf 84' lang='lat' dir='ltr'><strong>vel</strong></span> <span class='ocrx_word' id='word_1_28' title='bbox 2337 1119 2756 1200; x_wconf 82' lang='lat' dir='ltr'><strong>orthographia</strong></span> 
     </span>
     <span class='ocr_line' id='line_1_7' title="bbox 350 1229 1437 1309; baseline 0.001 -20"><span class='ocrx_word' id='word_1_29' title='bbox 350 1241 381 1281; x_wconf 79' lang='lat'>⁵</span> <span class='ocrx_word' id='word_1_30' title='bbox 784 1229 836 1290; x_wconf 89' lang='lat' dir='ltr'><strong>Il</strong></span> <span class='ocrx_word' id='word_1_31' title='bbox 891 1229 979 1291; x_wconf 85' lang='lat' dir='ltr'><strong>Ex</strong></span> <span class='ocrx_word' id='word_1_32' title='bbox 1025 1229 1189 1291; x_wconf 88' lang='lat' dir='ltr'><strong>Velio</strong></span> <span class='ocrx_word' id='word_1_33' title='bbox 1234 1229 1437 1309; x_wconf 84' lang='lat' dir='ltr'><strong>Longo</strong></span> 
     </span>
     <span class='ocr_line' id='line_1_8' title="bbox 502 1331 1584 1397; baseline -0.001 -1"><span class='ocrx_word' id='word_1_34' title='bbox 502 1331 523 1351; x_wconf 83' lang='lat'>⁸</span> <span class='ocrx_word' id='word_1_35' title='bbox 752 1336 832 1397; x_wconf 90' lang='lat'><strong>111</strong></span> <span class='ocrx_word' id='word_1_36' title='bbox 885 1335 974 1397; x_wconf 83' lang='lat' dir='ltr'><strong>Ex</strong></span> <span class='ocrx_word' id='word_1_37' title='bbox 1021 1334 1229 1397; x_wconf 88' lang='lat' dir='ltr'><strong>Curtio</strong></span> <span class='ocrx_word' id='word_1_38' title='bbox 1275 1335 1584 1397; x_wconf 90' lang='lat' dir='ltr'><strong>Valeriano</strong></span> 
     </span>
     <span class='ocr_line' id='line_1_9' title="bbox 730 1441 1338 1523; baseline 0 -19"><span class='ocrx_word' id='word_1_39' title='bbox 730 1442 838 1504; x_wconf 90' lang='lat'>1111</span> <span class='ocrx_word' id='word_1_40' title='bbox 891 1441 979 1504; x_wconf 85' lang='lat' dir='ltr'><strong>Ex</strong></span> <span class='ocrx_word' id='word_1_41' title='bbox 1025 1442 1338 1523; x_wconf 77' lang='lat' dir='ltr'><strong>Papiriano</strong></span> 
     </span>
     <span class='ocr_line' id='line_1_10' title="bbox 784 1546 2083 1629; baseline 0 -22"><span class='ocrx_word' id='word_1_42' title='bbox 784 1548 832 1607; x_wconf 91' lang='lat' dir='ltr'>V</span> <span class='ocrx_word' id='word_1_43' title='bbox 885 1547 972 1610; x_wconf 85' lang='lat' dir='ltr'><strong>Ex</strong></span> <span class='ocrx_word' id='word_1_44' title='bbox 1018 1549 1364 1610; x_wconf 87' lang='lat' dir='ltr'><strong>Adamantio</strong></span> <span class='ocrx_word' id='word_1_45' title='bbox 1410 1548 1690 1629; x_wconf 76' lang='lat' dir='ltr'><strong>Martyrio</strong></span> <span class='ocrx_word' id='word_1_46' title='bbox 1737 1548 1812 1609; x_wconf 94' lang='lat' dir='ltr'><strong>de</strong></span> <span class='ocrx_word' id='word_1_47' title='bbox 1858 1546 1897 1608; x_wconf 89' lang='lat' dir='ltr'><strong>b</strong></span> <span class='ocrx_word' id='word_1_48' title='bbox 1944 1556 2004 1609; x_wconf 88' lang='lat' dir='ltr'><strong>et</strong></span> <span class='ocrx_word' id='word_1_49' title='bbox 2049 1566 2083 1606; x_wconf 85' lang='lat' dir='ltr'>v</span> 
     </span>
     <span class='ocr_line' id='line_1_11' title="bbox 762 1653 1967 1737; baseline 0.002 -24"><span class='ocrx_word' id='word_1_50' title='bbox 762 1653 833 1715; x_wconf 93' lang='lat' dir='ltr'><strong>Vl</strong></span> <span class='ocrx_word' id='word_1_51' title='bbox 888 1654 977 1717; x_wconf 86' lang='lat' dir='ltr'><strong>Ex</strong></span> <span class='ocrx_word' id='word_1_52' title='bbox 1023 1655 1303 1737; x_wconf 80' lang='lat' dir='ltr'><strong>Martyrio</strong></span> <span class='ocrx_word' id='word_1_53' title='bbox 1351 1656 1424 1717; x_wconf 93' lang='lat' dir='ltr'><strong>de</strong></span> <span class='ocrx_word' id='word_1_54' title='bbox 1472 1655 1683 1718; x_wconf 89' lang='lat' dir='ltr'><strong>mediis</strong></span> <span class='ocrx_word' id='word_1_55' title='bbox 1728 1653 1967 1735; x_wconf 79' lang='lat' dir='ltr'><strong>syllabis</strong></span> 
     </span>
     <span class='ocr_line' id='line_1_12' title="bbox 326 1760 1916 1841; baseline 0.001 -20"><span class='ocrx_word' id='word_1_56' title='bbox 326 1776 383 1815; x_wconf 86' lang='lat'><strong>10</strong></span> <span class='ocrx_word' id='word_1_57' title='bbox 729 1760 832 1822; x_wconf 89' lang='lat' dir='ltr'><strong>vll</strong></span> <span class='ocrx_word' id='word_1_58' title='bbox 895 1761 983 1823; x_wconf 83' lang='lat' dir='ltr'><strong>Ex</strong></span> <span class='ocrx_word' id='word_1_59' title='bbox 1030 1762 1238 1823; x_wconf 89' lang='lat' dir='ltr'><strong>eodem</strong></span> <span class='ocrx_word' id='word_1_60' title='bbox 1287 1762 1359 1823; x_wconf 89' lang='lat' dir='ltr'><strong>de</strong></span> <span class='ocrx_word' id='word_1_61' title='bbox 1406 1762 1630 1823; x_wconf 79' lang='lat' dir='ltr'><strong>ultimis</strong></span> <span class='ocrx_word' id='word_1_62' title='bbox 1676 1760 1916 1841; x_wconf 77' lang='lat' dir='ltr'><strong>syllabis</strong></span> 
     </span>
     <span class='ocr_line' id='line_1_13' title="bbox 706 1866 2648 1947; baseline 0.002 -21"><span class='ocrx_word' id='word_1_63' title='bbox 706 1866 832 1929; x_wconf 90' lang='lat' dir='ltr'><strong>Vlll</strong></span> <span class='ocrx_word' id='word_1_64' title='bbox 885 1868 974 1930; x_wconf 85' lang='lat' dir='ltr'><strong>Ex</strong></span> <span class='ocrx_word' id='word_1_65' title='bbox 1021 1869 1231 1931; x_wconf 90' lang='lat' dir='ltr'><strong>eodem</strong></span> <span class='ocrx_word' id='word_1_66' title='bbox 1277 1869 1351 1930; x_wconf 94' lang='lat' dir='ltr'><strong>de</strong></span> <span class='ocrx_word' id='word_1_67' title='bbox 1397 1868 1435 1929; x_wconf 93' lang='lat' dir='ltr'><strong>b</strong></span> <span class='ocrx_word' id='word_1_68' title='bbox 1482 1868 1679 1931; x_wconf 89' lang='lat' dir='ltr'><strong>littera</strong></span> <span class='ocrx_word' id='word_1_69' title='bbox 1726 1868 2016 1930; x_wconf 75' lang='lat' dir='ltr'><strong>trifariam</strong></span> <span class='ocrx_word' id='word_1_70' title='bbox 2061 1870 2121 1928; x_wconf 91' lang='lat' dir='ltr'><strong>in</strong></span> <span class='ocrx_word' id='word_1_71' title='bbox 2170 1868 2409 1928; x_wconf 89' lang='lat' dir='ltr'><strong>nomine</strong></span> <span class='ocrx_word' id='word_1_72' title='bbox 2456 1870 2648 1947; x_wconf 90' lang='lat' dir='ltr'><strong>posita</strong></span> 
     </span>
     <span class='ocr_line' id='line_1_14' title="bbox 678 1973 1740 2057; baseline 0.005 -25"><span class='ocrx_word' id='word_1_73' title='bbox 678 1973 834 2036; x_wconf 84' lang='lat' dir='ltr'><strong>vnn</strong></span> <span class='ocrx_word' id='word_1_74' title='bbox 887 1975 1174 2056; x_wconf 81' lang='lat' dir='ltr'><strong>Eutychis</strong></span> <span class='ocrx_word' id='word_1_75' title='bbox 1219 1975 1292 2037; x_wconf 92' lang='lat' dir='ltr'><strong>de</strong></span> <span class='ocrx_word' id='word_1_76' title='bbox 1340 1976 1740 2057; x_wconf 79' lang='lat' dir='ltr'><strong>adspiratione</strong></span> 
     </span>
     <span class='ocr_line' id='line_1_15' title="bbox 782 2081 2318 2164; baseline -0.003 -21"><span class='ocrx_word' id='word_1_77' title='bbox 782 2081 835 2143; x_wconf 85' lang='lat' dir='ltr'>X</span> <span class='ocrx_word' id='word_1_78' title='bbox 888 2082 977 2144; x_wconf 84' lang='lat' dir='ltr'><strong>Ex</strong></span> <span class='ocrx_word' id='word_1_79' title='bbox 1024 2081 1309 2145; x_wconf 84' lang='lat' dir='ltr'><strong>Caesellio</strong></span> <span class='ocrx_word' id='word_1_80' title='bbox 1357 2082 1757 2164; x_wconf 83' lang='lat' dir='ltr'><strong>orthographo</strong></span> <span class='ocrx_word' id='word_1_81' title='bbox 1805 2081 2051 2143; x_wconf 88' lang='lat' dir='ltr'><strong>collecta</strong></span> <span class='ocrx_word' id='word_1_82' title='bbox 2098 2090 2239 2142; x_wconf 87' lang='lat' dir='ltr'><strong>sunt</strong></span> <span class='ocrx_word' id='word_1_83' title='bbox 2307 2132 2318 2137; x_wconf 90' lang='lat'><strong>-</strong></span> 
     </span>
     <span class='ocr_line' id='line_1_16' title="bbox 758 2187 2324 2265; baseline -0.001 -15"><span class='ocrx_word' id='word_1_84' title='bbox 758 2189 839 2250; x_wconf 80' lang='lat' dir='ltr'><strong>XI</strong></span> <span class='ocrx_word' id='word_1_85' title='bbox 892 2187 981 2250; x_wconf 88' lang='lat' dir='ltr'><strong>Ex</strong></span> <span class='ocrx_word' id='word_1_86' title='bbox 1027 2189 1212 2251; x_wconf 90' lang='lat' dir='ltr'><strong>Lucio</strong></span> <span class='ocrx_word' id='word_1_87' title='bbox 1258 2188 1513 2251; x_wconf 87' lang='lat' dir='ltr'><strong>Caecilio</strong></span> <span class='ocrx_word' id='word_1_88' title='bbox 1559 2189 1803 2252; x_wconf 87' lang='lat' dir='ltr'><strong>Vindice</strong></span> <span class='ocrx_word' id='word_1_89' title='bbox 1851 2189 2134 2265; x_wconf 84' lang='lat' dir='ltr'><strong>deflorata</strong></span> <span class='ocrx_word' id='word_1_90' title='bbox 2182 2196 2324 2249; x_wconf 88' lang='lat' dir='ltr'><strong>sunt</strong></span> 
     </span>
     <span class='ocr_line' id='line_1_17' title="bbox 330 2295 2487 2376; baseline 0 -22"><span class='ocrx_word' id='word_1_91' title='bbox 330 2314 387 2355; x_wconf 66' lang='grc' dir='ltr'><strong>ιε</strong></span> <span class='ocrx_word' id='word_1_92' title='bbox 731 2295 838 2356; x_wconf 89' lang='lat' dir='ltr'><strong>Xll</strong></span> <span class='ocrx_word' id='word_1_93' title='bbox 893 2295 980 2356; x_wconf 88' lang='lat' dir='ltr'><strong>Ex</strong></span> <span class='ocrx_word' id='word_1_94' title='bbox 1026 2296 1331 2358; x_wconf 85' lang='lat' dir='ltr'><strong>Prisciano</strong></span> <span class='ocrx_word' id='word_1_95' title='bbox 1377 2296 1663 2358; x_wconf 90' lang='lat' dir='ltr'><strong>moderno</strong></span> <span class='ocrx_word' id='word_1_96' title='bbox 1709 2303 1954 2358; x_wconf 88' lang='lat' dir='ltr'><strong>auctore</strong></span> <span class='ocrx_word' id='word_1_97' title='bbox 2002 2296 2281 2376; x_wconf 89' lang='lat' dir='ltr'><strong>decerpta</strong></span> <span class='ocrx_word' id='word_1_98' title='bbox 2331 2303 2487 2356; x_wconf 90' lang='lat' dir='ltr'><strong>sunt.</strong></span> 
     </span>
    </p>
   </div>
   <div class='ocr_carea' id='block_1_4' title="bbox 329 2437 3033 3058">
    <p class='ocr_par' dir='ltr' id='par_1_4' title="bbox 329 2437 3033 3058">
     <span class='ocr_line' id='line_1_18' title="bbox 595 2437 3032 2521; baseline 0 -22"><span class='ocrx_word' id='word_1_99' title='bbox 595 2437 1048 2500; x_wconf 76' lang='lat' dir='ltr'><strong>commemorati</strong></span> <span class='ocrx_word' id='word_1_100' title='bbox 1102 2446 1244 2500; x_wconf 91' lang='lat' dir='ltr'><strong>sunt</strong></span> <span class='ocrx_word' id='word_1_101' title='bbox 1297 2448 1572 2501; x_wconf 85' lang='lat' dir='ltr'><strong>auctores</strong></span> <span class='ocrx_word' id='word_1_102' title='bbox 1626 2438 2109 2521; x_wconf 82' lang='lat' dir='ltr'><strong>orthographiae,</strong></span> <span class='ocrx_word' id='word_1_103' title='bbox 2165 2457 2238 2499; x_wconf 85' lang='lat' dir='ltr'><strong>ex</strong></span> <span class='ocrx_word' id='word_1_104' title='bbox 2293 2438 2512 2518; x_wconf 88' lang='lat' dir='ltr'><strong>quibus</strong></span> <span class='ocrx_word' id='word_1_105' title='bbox 2572 2438 2671 2500; x_wconf 92' lang='lat' dir='ltr'><strong>alii</strong></span> <span class='ocrx_word' id='word_1_106' title='bbox 2725 2440 2884 2520; x_wconf 84' lang='lat' dir='ltr'><strong>ipso,</strong></span> <span class='ocrx_word' id='word_1_107' title='bbox 2935 2437 3032 2499; x_wconf 91' lang='lat' dir='ltr'><strong>alii</strong></span> 
     </span>
     <span class='ocr_line' id='line_1_19' title="bbox 414 2543 3028 2629; baseline 0 -25"><span class='ocrx_word' id='word_1_108' title='bbox 414 2554 860 2626; x_wconf 88' lang='lat' dir='ltr'><strong>praeposterato</strong></span> <span class='ocrx_word' id='word_1_109' title='bbox 897 2545 1107 2607; x_wconf 88' lang='lat' dir='ltr'><strong>ordine</strong></span> <span class='ocrx_word' id='word_1_110' title='bbox 1144 2545 1356 2607; x_wconf 89' lang='lat' dir='ltr'><strong>similia</strong></span> <span class='ocrx_word' id='word_1_111' title='bbox 1394 2547 1629 2629; x_wconf 90' lang='lat' dir='ltr'><strong>dicunt,</strong></span> <span class='ocrx_word' id='word_1_112' title='bbox 1675 2546 1774 2607; x_wconf 88' lang='lat' dir='ltr'><strong>alii</strong></span> <span class='ocrx_word' id='word_1_113' title='bbox 1811 2564 1952 2607; x_wconf 92' lang='lat' dir='ltr'><strong>vero</strong></span> <span class='ocrx_word' id='word_1_114' title='bbox 1991 2545 2225 2606; x_wconf 84' lang='lat' dir='ltr'><strong>diversa</strong></span> <span class='ocrx_word' id='word_1_115' title='bbox 2264 2543 2624 2607; x_wconf 88' lang='lat' dir='ltr'><strong>describunt.</strong></span> <span class='ocrx_word' id='word_1_116' title='bbox 2690 2545 2794 2606; x_wconf 89' lang='lat' dir='ltr'><strong>sed</strong></span> <span class='ocrx_word' id='word_1_117' title='bbox 2835 2547 3028 2606; x_wconf 90' lang='lat' dir='ltr'><strong>omnia</strong></span> 
     </span>
     <span class='ocr_line' id='line_1_20' title="bbox 416 2650 3031 2733; baseline 0 -22"><span class='ocrx_word' id='word_1_118' title='bbox 416 2650 590 2712; x_wconf 90' lang='lat' dir='ltr'><strong>nobis</strong></span> <span class='ocrx_word' id='word_1_119' title='bbox 649 2651 913 2714; x_wconf 90' lang='lat' dir='ltr'><strong>absolute</strong></span> <span class='ocrx_word' id='word_1_120' title='bbox 969 2672 1146 2715; x_wconf 90' lang='lat' dir='ltr'><strong>nosse</strong></span> <span class='ocrx_word' id='word_1_121' title='bbox 1203 2655 1532 2716; x_wconf 86' lang='lat' dir='ltr'><strong>conveniet.</strong></span> <span class='ocrx_word' id='word_1_122' title='bbox 1604 2673 1740 2716; x_wconf 90' lang='lat' dir='ltr'><strong>nam</strong></span> <span class='ocrx_word' id='word_1_123' title='bbox 1798 2662 1859 2715; x_wconf 92' lang='lat' dir='ltr'><strong>et</strong></span> <span class='ocrx_word' id='word_1_124' title='bbox 1914 2652 1999 2714; x_wconf 91' lang='lat' dir='ltr'><strong>illi</strong></span> <span class='ocrx_word' id='word_1_125' title='bbox 2054 2655 2157 2732; x_wconf 87' lang='lat' dir='ltr'><strong>qui</strong></span> <span class='ocrx_word' id='word_1_126' title='bbox 2211 2656 2373 2733; x_wconf 90' lang='lat' dir='ltr'><strong>paria</strong></span> <span class='ocrx_word' id='word_1_127' title='bbox 2437 2653 2644 2715; x_wconf 88' lang='lat' dir='ltr'><strong>dicunt</strong></span> <span class='ocrx_word' id='word_1_128' title='bbox 2698 2654 3031 2714; x_wconf 90' lang='lat' dir='ltr'><strong>communia</strong></span> 
     </span>
     <span class='ocr_line' id='line_1_21' title="bbox 418 2758 3033 2844; baseline 0 -24"><span class='ocrx_word' id='word_1_129' title='bbox 418 2758 573 2821; x_wconf 88' lang='lat' dir='ltr'><strong>dicta</strong></span> <span class='ocrx_word' id='word_1_130' title='bbox 611 2760 986 2843; x_wconf 83' lang='lat' dir='ltr'><strong>confirmant,</strong></span> <span class='ocrx_word' id='word_1_131' title='bbox 1033 2768 1094 2821; x_wconf 87' lang='lat' dir='ltr'><strong>et</strong></span> <span class='ocrx_word' id='word_1_132' title='bbox 1136 2762 1238 2822; x_wconf 91' lang='lat' dir='ltr'><strong>isti</strong></span> <span class='ocrx_word' id='word_1_133' title='bbox 1284 2762 1387 2840; x_wconf 89' lang='lat' dir='ltr'><strong>qui</strong></span> <span class='ocrx_word' id='word_1_134' title='bbox 1423 2763 1583 2823; x_wconf 86' lang='lat' dir='ltr'><strong>varia</strong></span> <span class='ocrx_word' id='word_1_135' title='bbox 1617 2769 1851 2842; x_wconf 88' lang='lat' dir='ltr'><strong>ponunt</strong></span> <span class='ocrx_word' id='word_1_136' title='bbox 1885 2780 1995 2844; x_wconf 90' lang='lat' dir='ltr'><strong>per</strong></span> <span class='ocrx_word' id='word_1_137' title='bbox 2030 2759 2211 2821; x_wconf 84' lang='lat' dir='ltr'><strong>verba</strong></span> <span class='ocrx_word' id='word_1_138' title='bbox 2249 2760 2594 2842; x_wconf 84' lang='lat' dir='ltr'><strong>multiplicia</strong></span> <span class='ocrx_word' id='word_1_139' title='bbox 2633 2768 3033 2842; x_wconf 88' lang='lat' dir='ltr'><strong>commonent,</strong></span> 
     </span>
     <span class='ocr_line' id='line_1_22' title="bbox 329 2868 3027 2951; baseline -0.001 -21"><span class='ocrx_word' id='word_1_140' title='bbox 329 2889 389 2930; x_wconf 72' lang='lat' dir='ltr'><strong>so</strong></span> <span class='ocrx_word' id='word_1_141' title='bbox 417 2885 596 2945; x_wconf 90' lang='lat' dir='ltr'><strong>quem</strong></span> <span class='ocrx_word' id='word_1_142' title='bbox 651 2869 722 2930; x_wconf 89' lang='lat' dir='ltr'><strong>ad</strong></span> <span class='ocrx_word' id='word_1_143' title='bbox 777 2869 1019 2930; x_wconf 88' lang='lat' dir='ltr'><strong>modum</strong></span> <span class='ocrx_word' id='word_1_144' title='bbox 1076 2868 1338 2930; x_wconf 87' lang='lat' dir='ltr'><strong>scribere</strong></span> <span class='ocrx_word' id='word_1_145' title='bbox 1385 2869 1706 2931; x_wconf 87' lang='lat' dir='ltr'><strong>debeamus</strong></span> <span class='ocrx_word' id='word_1_146' title='bbox 1753 2878 1814 2930; x_wconf 92' lang='lat' dir='ltr'><strong>et</strong></span> <span class='ocrx_word' id='word_1_147' title='bbox 1858 2869 2037 2949; x_wconf 90' lang='lat' dir='ltr'><strong>loqui.</strong></span> <span class='ocrx_word' id='word_1_148' title='bbox 2108 2887 2268 2930; x_wconf 91' lang='lat' dir='ltr'><strong>nunc</strong></span> <span class='ocrx_word' id='word_1_149' title='bbox 2314 2869 2461 2930; x_wconf 92' lang='lat' dir='ltr'><strong>ordo</strong></span> <span class='ocrx_word' id='word_1_150' title='bbox 2505 2872 2868 2951; x_wconf 88' lang='lat' dir='ltr'><strong>scripturae,</strong></span> <span class='ocrx_word' id='word_1_151' title='bbox 2923 2870 3027 2948; x_wconf 87' lang='lat' dir='ltr'><strong>qui</strong></span> 
     </span>
     <span class='ocr_line' id='line_1_23' title="bbox 416 2972 2494 3058; baseline 0.001 -24"><span class='ocrx_word' id='word_1_152' title='bbox 416 2972 495 3034; x_wconf 90' lang='lat' dir='ltr'><strong>ab</strong></span> <span class='ocrx_word' id='word_1_153' title='bbox 538 2977 797 3055; x_wconf 89' lang='lat' dir='ltr'><strong>antiquis</strong></span> <span class='ocrx_word' id='word_1_154' title='bbox 840 2977 1073 3055; x_wconf 88' lang='lat' dir='ltr'><strong>positus</strong></span> <span class='ocrx_word' id='word_1_155' title='bbox 1119 2978 1527 3058; x_wconf 79' lang='lat' dir='ltr'><strong>cognoscitur,</strong></span> <span class='ocrx_word' id='word_1_156' title='bbox 1574 2975 1757 3037; x_wconf 90' lang='lat' dir='ltr'><strong>nihilo</strong></span> <span class='ocrx_word' id='word_1_157' title='bbox 1804 2978 2003 3038; x_wconf 88' lang='lat' dir='ltr'><strong>minus</strong></span> <span class='ocrx_word' id='word_1_158' title='bbox 2048 2986 2142 3037; x_wconf 91' lang='lat' dir='ltr'><strong>est</strong></span> <span class='ocrx_word' id='word_1_159' title='bbox 2186 2975 2494 3037; x_wconf 90' lang='lat' dir='ltr'><strong>dicendus.</strong></span> 
     </span>
    </p>
   </div>
   <div class='ocr_carea' id='block_1_5' title="bbox 416 3181 3034 3378">
    <p class='ocr_par' dir='ltr' id='par_1_5' title="bbox 416 3181 3034 3378">
     <span class='ocr_line' id='line_1_24' title="bbox 416 3181 3034 3251; baseline 0 -4"><span class='ocrx_word' id='word_1_160' title='bbox 416 3182 451 3247; x_wconf 91' lang='lat'>1</span> <span class='ocrx_word' id='word_1_161' title='bbox 480 3182 827 3250; x_wconf 86' lang='lat' dir='ltr'><strong><em>ANNAEI</em></strong></span> <span class='ocrx_word' id='word_1_162' title='bbox 857 3182 1246 3251; x_wconf 85' lang='lat' dir='ltr'><strong>CORNVTI</strong></span> <span class='ocrx_word' id='word_1_163' title='bbox 1273 3183 1393 3250; x_wconf 88' lang='lat' dir='ltr'><strong>DE</strong></span> <span class='ocrx_word' id='word_1_164' title='bbox 1421 3181 2100 3250; x_wconf 85' lang='lat' dir='ltr'><strong>ENVNTIATIONE</strong></span> <span class='ocrx_word' id='word_1_165' title='bbox 2130 3183 2305 3249; x_wconf 85' lang='lat' dir='ltr'><strong>VEL</strong></span> <span class='ocrx_word' id='word_1_166' title='bbox 2335 3181 3034 3250; x_wconf 87' lang='lat' dir='ltr'><strong><em>ORTHOGRAPHIA</em></strong></span> 
     </span>
     <span class='ocr_line' id='line_1_25' title="bbox 1296 3288 2264 3378; baseline 0 -23"><span class='ocrx_word' id='word_1_167' title='bbox 1296 3288 1497 3356; x_wconf 86' lang='lat' dir='ltr'>ISTA</span> <span class='ocrx_word' id='word_1_168' title='bbox 1533 3289 1892 3356; x_wconf 85' lang='lat' dir='ltr'><strong>RELATA</strong></span> <span class='ocrx_word' id='word_1_169' title='bbox 1928 3289 2158 3357; x_wconf 84' lang='lat' dir='ltr'><strong>SVNT</strong></span> <span class='ocrx_word' id='word_1_170' title='bbox 2248 3366 2264 3378; x_wconf 38' lang='lat'>⁸</span> 
     </span>
    </p>
   </div>
   <div class='ocr_carea' id='block_1_6' title="bbox 335 3437 3038 3949">
    <p class='ocr_par' dir='ltr' id='par_1_6' title="bbox 597 3437 3035 3521">
     <span class='ocr_line' id='line_1_26' title="bbox 597 3437 3035 3521; baseline -0 -21"><span class='ocrx_word' id='word_1_171' title='bbox 597 3439 999 3501; x_wconf 85' lang='lat' dir='ltr'><strong>Animadverti</strong></span> <span class='ocrx_word' id='word_1_172' title='bbox 1053 3437 1365 3521; x_wconf 86' lang='lat' dir='ltr'><strong>quosdam,</strong></span> <span class='ocrx_word' id='word_1_173' title='bbox 1421 3438 1631 3500; x_wconf 85' lang='lat' dir='ltr'><strong>Aemili</strong></span> <span class='ocrx_word' id='word_1_174' title='bbox 1685 3440 1900 3520; x_wconf 85' lang='lat' dir='ltr'><strong>amice,</strong></span> <span class='ocrx_word' id='word_1_175' title='bbox 1957 3437 2225 3501; x_wconf 87' lang='lat' dir='ltr'><strong>eruditos</strong></span> <span class='ocrx_word' id='word_1_176' title='bbox 2283 3441 2460 3500; x_wconf 90' lang='lat' dir='ltr'><strong>etiam</strong></span> <span class='ocrx_word' id='word_1_177' title='bbox 2506 3458 2565 3500; x_wconf 90' lang='lat' dir='ltr'><strong>m</strong></span> <span class='ocrx_word' id='word_1_178' title='bbox 2618 3439 2876 3501; x_wconf 85' lang='lat' dir='ltr'><strong>litteram</strong></span> <span class='ocrx_word' id='word_1_179' title='bbox 2925 3456 3035 3499; x_wconf 90' lang='lat' dir='ltr'><strong>nec</strong></span> 
     </span>
    </p>

    <p class='ocr_par' dir='ltr' id='par_1_7' title="bbox 335 3543 3038 3949">
     <span class='ocr_line' id='line_1_27' title="bbox 335 3543 3036 3628; baseline -0.001 -20"><span class='ocrx_word' id='word_1_180' title='bbox 335 3549 390 3590; x_wconf 80' lang='lat'><strong>²⁵</strong></span> <span class='ocrx_word' id='word_1_181' title='bbox 419 3546 525 3609; x_wconf 88' lang='lat' dir='ltr'><strong>ubi</strong></span> <span class='ocrx_word' id='word_1_182' title='bbox 580 3555 855 3628; x_wconf 89' lang='lat' dir='ltr'><strong>oporteat</strong></span> <span class='ocrx_word' id='word_1_183' title='bbox 908 3547 1172 3609; x_wconf 86' lang='lat' dir='ltr'><strong>dieentes</strong></span> <span class='ocrx_word' id='word_1_184' title='bbox 1230 3563 1340 3605; x_wconf 91' lang='lat' dir='ltr'><strong>nec</strong></span> <span class='ocrx_word' id='word_1_185' title='bbox 1396 3543 1499 3605; x_wconf 90' lang='lat' dir='ltr'><strong>ubi</strong></span> <span class='ocrx_word' id='word_1_186' title='bbox 1554 3551 1828 3625; x_wconf 90' lang='lat' dir='ltr'><strong>oporteat</strong></span> <span class='ocrx_word' id='word_1_187' title='bbox 1880 3547 2339 3626; x_wconf 90' lang='lat' dir='ltr'><strong>supprimentes.</strong></span> <span class='ocrx_word' id='word_1_188' title='bbox 2437 3545 2553 3607; x_wconf 91' lang='lat' dir='ltr'><strong>hoc</strong></span> <span class='ocrx_word' id='word_1_189' title='bbox 2610 3565 2685 3607; x_wconf 91' lang='lat' dir='ltr'><strong>ne</strong></span> <span class='ocrx_word' id='word_1_190' title='bbox 2741 3547 2843 3608; x_wconf 86' lang='lat' dir='ltr'><strong>fiat</strong></span> <span class='ocrx_word' id='word_1_191' title='bbox 2897 3545 3036 3606; x_wconf 88' lang='lat' dir='ltr'><strong>hinc</strong></span> 
     </span>
     <span class='ocr_line' id='line_1_28' title="bbox 418 3649 3038 3736; baseline -0.001 -22"><span class='ocrx_word' id='word_1_192' title='bbox 418 3653 725 3715; x_wconf 84' lang='lat' dir='ltr'><strong>observari</strong></span> <span class='ocrx_word' id='word_1_193' title='bbox 769 3655 1019 3736; x_wconf 88' lang='lat' dir='ltr'><strong>poterit,</strong></span> <span class='ocrx_word' id='word_1_194' title='bbox 1065 3656 1115 3716; x_wconf 89' lang='lat' dir='ltr'><strong>si</strong></span> <span class='ocrx_word' id='word_1_195' title='bbox 1161 3652 1336 3714; x_wconf 90' lang='lat' dir='ltr'><strong>simul</strong></span> <span class='ocrx_word' id='word_1_196' title='bbox 1382 3651 1699 3734; x_wconf 84' lang='lat' dir='ltr'><strong>subiciam,</strong></span> <span class='ocrx_word' id='word_1_197' title='bbox 1745 3651 1942 3731; x_wconf 89' lang='lat' dir='ltr'><strong>siquid</strong></span> <span class='ocrx_word' id='word_1_198' title='bbox 1989 3651 2061 3712; x_wconf 91' lang='lat' dir='ltr'><strong>ad</strong></span> <span class='ocrx_word' id='word_1_199' title='bbox 2111 3660 2332 3713; x_wconf 87' lang='lat' dir='ltr'><strong>rectam</strong></span> <span class='ocrx_word' id='word_1_200' title='bbox 2371 3654 2729 3732; x_wconf 88' lang='lat' dir='ltr'><strong>scripturam</strong></span> <span class='ocrx_word' id='word_1_201' title='bbox 2777 3649 3038 3734; x_wconf 88' lang='lat' dir='ltr'><strong>pertinet</strong></span> 
     </span>
     <span class='ocr_line' id='line_1_29' title="bbox 416 3758 3035 3842; baseline 0 -21"><span class='ocrx_word' id='word_1_202' title='bbox 416 3768 483 3821; x_wconf 91' lang='lat' dir='ltr'><strong>et</strong></span> <span class='ocrx_word' id='word_1_203' title='bbox 541 3760 612 3821; x_wconf 90' lang='lat' dir='ltr'><strong>ad</strong></span> <span class='ocrx_word' id='word_1_204' title='bbox 668 3760 1016 3821; x_wconf 84' lang='lat' dir='ltr'><strong>divisionem</strong></span> <span class='ocrx_word' id='word_1_205' title='bbox 1073 3761 1441 3841; x_wconf 78' lang='lat' dir='ltr'><strong>syllabarum.</strong></span> <span class='ocrx_word' id='word_1_206' title='bbox 1516 3761 1698 3839; x_wconf 85' lang='lat' dir='ltr'><strong>igitur</strong></span> <span class='ocrx_word' id='word_1_207' title='bbox 1753 3761 1804 3819; x_wconf 88' lang='lat' dir='ltr'><strong>si</strong></span> <span class='ocrx_word' id='word_1_208' title='bbox 1860 3758 1978 3819; x_wconf 89' lang='lat' dir='ltr'><strong>duo</strong></span> <span class='ocrx_word' id='word_1_209' title='bbox 2027 3758 2203 3820; x_wconf 82' lang='lat' dir='ltr'><strong>verba</strong></span> <span class='ocrx_word' id='word_1_210' title='bbox 2266 3760 2728 3842; x_wconf 82' lang='lat' dir='ltr'><strong>coniungantur,</strong></span> <span class='ocrx_word' id='word_1_211' title='bbox 2782 3779 3035 3840; x_wconf 88' lang='lat' dir='ltr'><strong>quorum</strong></span> 
     </span>
     <span class='ocr_line' id='line_1_30' title="bbox 417 3862 3036 3949; baseline 0 -22"><span class='ocrx_word' id='word_1_212' title='bbox 417 3868 589 3947; x_wconf 86' lang='lat' dir='ltr'><strong>prius</strong></span> <span class='ocrx_word' id='word_1_213' title='bbox 636 3886 696 3928; x_wconf 90' lang='lat' dir='ltr'><strong>m</strong></span> <span class='ocrx_word' id='word_1_214' title='bbox 755 3875 1179 3929; x_wconf 88' lang='lat' dir='ltr'><strong>consonantem</strong></span> <span class='ocrx_word' id='word_1_215' title='bbox 1234 3868 1611 3928; x_wconf 84' lang='lat' dir='ltr'><strong>novissimam</strong></span> <span class='ocrx_word' id='word_1_216' title='bbox 1667 3862 1906 3945; x_wconf 88' lang='lat' dir='ltr'><strong>habeat,</strong></span> <span class='ocrx_word' id='word_1_217' title='bbox 1960 3868 2262 3945; x_wconf 88' lang='lat' dir='ltr'><strong>posterius</strong></span> <span class='ocrx_word' id='word_1_218' title='bbox 2317 3884 2349 3926; x_wconf 88' lang='lat' dir='ltr'><strong>a</strong></span> <span class='ocrx_word' id='word_1_219' title='bbox 2404 3865 2590 3927; x_wconf 85' lang='lat' dir='ltr'><strong>vocali</strong></span> <span class='ocrx_word' id='word_1_220' title='bbox 2645 3868 2916 3949; x_wconf 88' lang='lat' dir='ltr'><strong>incipiat,</strong></span> <span class='ocrx_word' id='word_1_221' title='bbox 2979 3885 3036 3927; x_wconf 94' lang='lat' dir='ltr'><strong>m</strong></span> 
     </span>
    </p>
   </div>
   <div class='ocr_carea' id='block_1_7' title="bbox 421 4041 850 4051">
    <p class='ocr_par' dir='ltr' id='par_1_8' title="bbox 421 4041 850 4051">
     <span class='ocr_line' id='line_1_31' title="bbox 421 4041 850 4051; baseline 0 0"><span class='ocrx_word' id='word_1_222' title='bbox 421 4041 850 4051; x_wconf 95' lang='lat' dir='ltr'><strong> </strong></span> 
     </span>
    </p>
   </div>
   <div class='ocr_carea' id='block_1_8' title="bbox 416 4132 3040 4448">
    <p class='ocr_par' dir='ltr' id='par_1_9' title="bbox 416 4132 3040 4448">
     <span class='ocr_line' id='line_1_32' title="bbox 604 4132 3035 4207; baseline 0.002 -19"><span class='ocrx_word' id='word_1_223' title='bbox 604 4134 1053 4192; x_wconf 83' lang='lat' dir='ltr'>1-INOIP1UNT</span> <span class='ocrx_word' id='word_1_224' title='bbox 1090 4136 1341 4192; x_wconf 87' lang='lat' dir='ltr'>TITULI</span> <span class='ocrx_word' id='word_1_225' title='bbox 1376 4134 1492 4189; x_wconf 81' lang='lat' dir='ltr'><strong>AG</strong></span> <span class='ocrx_word' id='word_1_226' title='bbox 1612 4132 1788 4188; x_wconf 82' lang='lat' dir='ltr'><strong>Tituli</strong></span> <span class='ocrx_word' id='word_1_227' title='bbox 1828 4166 1893 4175; x_wconf 92' lang='lat'><strong>—-</strong></span> <span class='ocrx_word' id='word_1_228' title='bbox 1933 4135 2173 4191; x_wconf 83' lang='lat' dir='ltr'><strong>collecta</strong></span> <span class='ocrx_word' id='word_1_229' title='bbox 2209 4137 2296 4194; x_wconf 73' lang='lat' dir='ltr'><strong>est</strong></span> <span class='ocrx_word' id='word_1_230' title='bbox 2330 4151 2430 4190; x_wconf 86' lang='lat' dir='ltr'><strong>om.</strong></span> <span class='ocrx_word' id='word_1_231' title='bbox 2469 4135 2524 4188; x_wconf 97' lang='grc' dir='ltr'><strong><em>Β</em></strong></span> <span class='ocrx_word' id='word_1_232' title='bbox 2664 4142 2700 4191; x_wconf 84' lang='grc'>4</span> <span class='ocrx_word' id='word_1_233' title='bbox 2736 4137 2819 4191; x_wconf 82' lang='lat' dir='ltr'><strong>Ex</strong></span> <span class='ocrx_word' id='word_1_234' title='bbox 2856 4154 3035 4207; x_wconf 76' lang='lat' dir='ltr'><strong>agneo</strong></span> 
     </span>
     <span class='ocr_line' id='line_1_33' title="bbox 416 4213 3038 4287; baseline 0.002 -20"><span class='ocrx_word' id='word_1_235' title='bbox 416 4213 561 4281; x_wconf 84' lang='lat' dir='ltr'><strong>BC,</strong></span> <span class='ocrx_word' id='word_1_236' title='bbox 596 4215 660 4270; x_wconf 78' lang='lat' dir='ltr'><strong>in</strong></span> <span class='ocrx_word' id='word_1_237' title='bbox 686 4217 890 4271; x_wconf 75' lang='lat' dir='ltr'><strong>lacuna</strong></span> <span class='ocrx_word' id='word_1_238' title='bbox 916 4217 1354 4272; x_wconf 73' lang='lat' dir='ltr'><strong>membranarum</strong></span> <span class='ocrx_word' id='word_1_239' title='bbox 1381 4231 1483 4269; x_wconf 86' lang='lat' dir='ltr'><strong>om.</strong></span> <span class='ocrx_word' id='word_1_240' title='bbox 1510 4213 1601 4283; x_wconf 65' lang='lat' dir='ltr'><strong>A„</strong></span> <span class='ocrx_word' id='word_1_241' title='bbox 1637 4214 1721 4269; x_wconf 85' lang='lat' dir='ltr'><strong>Ex</strong></span> <span class='ocrx_word' id='word_1_242' title='bbox 1750 4213 1906 4270; x_wconf 86' lang='lat' dir='ltr'><strong>Gneo</strong></span> <span class='ocrx_word' id='word_1_243' title='bbox 1937 4231 1994 4272; x_wconf 74' lang='grc' dir='ltr'><strong>ςε</strong></span> <span class='ocrx_word' id='word_1_244' title='bbox 2033 4215 2118 4270; x_wconf 82' lang='lat' dir='ltr'><strong>Ex</strong></span> <span class='ocrx_word' id='word_1_245' title='bbox 2145 4218 2375 4287; x_wconf 79' lang='lat' dir='ltr'><strong>Agnaeo</strong></span> <span class='ocrx_word' id='word_1_246' title='bbox 2404 4222 2454 4272; x_wconf 83' lang='lat' dir='ltr'><strong>et</strong></span> <span class='ocrx_word' id='word_1_247' title='bbox 2480 4218 2545 4271; x_wconf 78' lang='lat' dir='ltr'><strong>in</strong></span> <span class='ocrx_word' id='word_1_248' title='bbox 2569 4233 2742 4286; x_wconf 73' lang='lat' dir='ltr'><strong>mary.</strong></span> <span class='ocrx_word' id='word_1_249' title='bbox 2784 4216 3038 4272; x_wconf 78' lang='lat' dir='ltr'><strong>‘Annaeo</strong></span> 
     </span>
     <span class='ocr_line' id='line_1_34' title="bbox 419 4296 3040 4367; baseline 0.001 -18"><span class='ocrx_word' id='word_1_250' title='bbox 419 4296 651 4365; x_wconf 76' lang='lat' dir='ltr'><strong>quidam</strong></span> <span class='ocrx_word' id='word_1_251' title='bbox 699 4297 927 4352; x_wconf 79' lang='lat' dir='ltr'><strong>veteres’</strong></span> <span class='ocrx_word' id='word_1_252' title='bbox 971 4297 1192 4365; x_wconf 80' lang='lat' dir='ltr'><strong>Carrio,</strong></span> <span class='ocrx_word' id='word_1_253' title='bbox 1240 4297 1385 4367; x_wconf 72' lang='lat' dir='ltr'><strong>quod</strong></span> <span class='ocrx_word' id='word_1_254' title='bbox 1432 4296 1634 4365; x_wconf 77' lang='lat' dir='ltr'><strong>recepi,</strong></span> <span class='ocrx_word' id='word_1_255' title='bbox 1680 4312 2011 4365; x_wconf 75' lang='lat' dir='ltr'><strong>quamquam</strong></span> <span class='ocrx_word' id='word_1_256' title='bbox 2038 4296 2308 4352; x_wconf 67' lang='lat' dir='ltr'><strong>dubitari</strong></span> <span class='ocrx_word' id='word_1_257' title='bbox 2345 4303 2523 4367; x_wconf 80' lang='lat' dir='ltr'><strong>potest</strong></span> <span class='ocrx_word' id='word_1_258' title='bbox 2569 4314 2648 4352; x_wconf 77' lang='lat' dir='ltr'><strong>an</strong></span> <span class='ocrx_word' id='word_1_259' title='bbox 2682 4298 2877 4365; x_wconf 81' lang='lat' dir='ltr'><strong>Agneo</strong></span> <span class='ocrx_word' id='word_1_260' title='bbox 2923 4298 3040 4366; x_wconf 81' lang='lat' dir='ltr'><strong>ipse</strong></span> 
     </span>
     <span class='ocr_line' id='line_1_35' title="bbox 422 4375 2931 4448; baseline 0 -17"><span class='ocrx_word' id='word_1_261' title='bbox 422 4377 810 4434; x_wconf 74' lang='lat' dir='ltr'><strong>Cassiodorius</strong></span> <span class='ocrx_word' id='word_1_262' title='bbox 844 4378 1123 4447; x_wconf 78' lang='lat' dir='ltr'><strong>scripserit</strong></span> <span class='ocrx_word' id='word_1_263' title='bbox 1266 4384 1297 4434; x_wconf 83' lang='grc'><strong>7</strong></span> <span class='ocrx_word' id='word_1_264' title='bbox 1333 4376 1642 4447; x_wconf 77' lang='lat' dir='ltr'><strong>papyriano</strong></span> <span class='ocrx_word' id='word_1_265' title='bbox 1677 4377 1734 4430; x_wconf 93' lang='grc' dir='ltr'><strong><em>Β</em></strong></span> <span class='ocrx_word' id='word_1_266' title='bbox 1887 4382 1919 4431; x_wconf 91' lang='lat'>8</span> <span class='ocrx_word' id='word_1_267' title='bbox 1958 4376 2212 4432; x_wconf 78' lang='lat' dir='ltr'><strong>martirio</strong></span> <span class='ocrx_word' id='word_1_268' title='bbox 2248 4382 2477 4448; x_wconf 76' lang='lat' dir='ltr'><strong>utroque</strong></span> <span class='ocrx_word' id='word_1_269' title='bbox 2512 4380 2627 4432; x_wconf 84' lang='lat' dir='ltr'><strong>loco</strong></span> <span class='ocrx_word' id='word_1_270' title='bbox 2661 4375 2778 4430; x_wconf 81' lang='lat' dir='ltr'><strong>AO</strong></span> <span class='ocrx_word' id='word_1_271' title='bbox 2794 4375 2931 4432; x_wconf 81' lang='lat' dir='ltr'><strong>Par.</strong></span> 
     </span>
    </p>
   </div>
   <div class='ocr_carea' id='block_1_9' title="bbox 421 4459 3048 5054">
    <p class='ocr_par' dir='ltr' id='par_1_10' title="bbox 421 4459 3048 5054">
     <span class='ocr_line' id='line_1_36' title="bbox 1090 4459 2541 4498; baseline -0.001 2"><span class='ocrx_word' id='word_1_272' title='bbox 1090 4477 1101 4486; x_wconf 88' lang='lat'><em>-</em></span> <span class='ocrx_word' id='word_1_273' title='bbox 2503 4459 2541 4498; x_wconf 76' lang='lat' dir='ltr'><strong>ti</strong></span> 
     </span>
     <span class='ocr_line' id='line_1_37' title="bbox 423 4509 3036 4582; baseline 0.001 -18"><span class='ocrx_word' id='word_1_274' title='bbox 423 4518 490 4566; x_wconf 83' lang='lat'><strong>11</strong></span> <span class='ocrx_word' id='word_1_275' title='bbox 530 4510 752 4567; x_wconf 75' lang='lat' dir='ltr'><strong>trifaria</strong></span> <span class='ocrx_word' id='word_1_276' title='bbox 790 4511 837 4565; x_wconf 80' lang='grc' dir='ltr'><em>Ο</em></span> <span class='ocrx_word' id='word_1_277' title='bbox 939 4512 1144 4567; x_wconf 89' lang='lat' dir='ltr'><strong>innone</strong></span> <span class='ocrx_word' id='word_1_278' title='bbox 1182 4512 1422 4582; x_wconf 78' lang='lat' dir='ltr'><strong>positam</strong></span> <span class='ocrx_word' id='word_1_279' title='bbox 1450 4511 1505 4565; x_wconf 94' lang='grc' dir='ltr'><strong><em>Β</em></strong></span> <span class='ocrx_word' id='word_1_280' title='bbox 1618 4516 1682 4565; x_wconf 88' lang='grc'><strong>12</strong></span> <span class='ocrx_word' id='word_1_281' title='bbox 1722 4509 1954 4581; x_wconf 64' lang='grc' dir='ltr'><strong>Ειιίτγαίε</strong></span> <span class='ocrx_word' id='word_1_282' title='bbox 1982 4512 2036 4565; x_wconf 98' lang='lat' dir='ltr'><strong><em>A</em></strong></span> <span class='ocrx_word' id='word_1_283' title='bbox 2074 4511 2286 4567; x_wconf 72' lang='lat' dir='ltr'><strong>Euticis</strong></span> <span class='ocrx_word' id='word_1_284' title='bbox 2316 4511 2364 4567; x_wconf 81' lang='lat'><em>0</em></span> <span class='ocrx_word' id='word_1_285' title='bbox 2394 4511 2602 4565; x_wconf 88' lang='lat' dir='ltr'><strong>Euchis</strong></span> <span class='ocrx_word' id='word_1_286' title='bbox 2628 4510 2685 4563; x_wconf 93' lang='grc' dir='ltr'><strong><em>Β</em></strong></span> <span class='ocrx_word' id='word_1_287' title='bbox 2713 4509 2878 4564; x_wconf 75' lang='lat' dir='ltr'><strong>uticis</strong></span> <span class='ocrx_word' id='word_1_288' title='bbox 2904 4509 3036 4567; x_wconf 83' lang='lat' dir='ltr'><strong>Par.</strong></span> 
     </span>
     <span class='ocr_line' id='line_1_38' title="bbox 422 4588 3040 4661; baseline -0.001 -16"><span class='ocrx_word' id='word_1_289' title='bbox 422 4591 509 4645; x_wconf 83' lang='lat' dir='ltr'><strong>Ex</strong></span> <span class='ocrx_word' id='word_1_290' title='bbox 543 4591 743 4647; x_wconf 76' lang='lat' dir='ltr'><strong>Eutiee</strong></span> <span class='ocrx_word' id='word_1_291' title='bbox 781 4607 815 4650; x_wconf 84' lang='grc' dir='ltr'><strong><em>ς</em></strong></span> <span class='ocrx_word' id='word_1_292' title='bbox 851 4591 936 4661; x_wconf 63' lang='lat' dir='ltr'><strong>Ex</strong></span> <span class='ocrx_word' id='word_1_293' title='bbox 972 4591 1223 4660; x_wconf 78' lang='lat' dir='ltr'><strong>Eutyche</strong></span> <span class='ocrx_word' id='word_1_294' title='bbox 1262 4592 1461 4647; x_wconf 82' lang='lat' dir='ltr'><strong>Carrio</strong></span> <span class='ocrx_word' id='word_1_295' title='bbox 1574 4597 1639 4646; x_wconf 84' lang='lat'><strong>13</strong></span> <span class='ocrx_word' id='word_1_296' title='bbox 1679 4588 1919 4645; x_wconf 86' lang='lat' dir='ltr'><strong>Ce&#39;sellio</strong></span> <span class='ocrx_word' id='word_1_297' title='bbox 1957 4591 2138 4644; x_wconf 84' lang='lat' dir='ltr'><strong>ABG</strong></span> <span class='ocrx_word' id='word_1_298' title='bbox 2245 4597 2310 4647; x_wconf 82' lang='lat'><strong>18</strong></span> <span class='ocrx_word' id='word_1_299' title='bbox 2347 4589 2684 4645; x_wconf 78' lang='lat' dir='ltr'><strong>conuenient</strong></span> <span class='ocrx_word' id='word_1_300' title='bbox 2707 4588 2887 4643; x_wconf 84' lang='lat' dir='ltr'><strong>ABG</strong></span> <span class='ocrx_word' id='word_1_301' title='bbox 2910 4606 3040 4644; x_wconf 88' lang='lat' dir='ltr'><strong>con·</strong></span> 
     </span>
     <span class='ocr_line' id='line_1_39' title="bbox 421 4669 2978 4742; baseline 0 -17"><span class='ocrx_word' id='word_1_302' title='bbox 421 4671 585 4726; x_wconf 73' lang='lat' dir='ltr'><strong>uenit</strong></span> <span class='ocrx_word' id='word_1_303' title='bbox 619 4686 653 4729; x_wconf 83' lang='grc' dir='ltr'><strong><em>ς</em></strong></span> <span class='ocrx_word' id='word_1_304' title='bbox 779 4678 847 4726; x_wconf 89' lang='grc'><strong>22</strong></span> <span class='ocrx_word' id='word_1_305' title='bbox 885 4672 1068 4742; x_wconf 80' lang='lat' dir='ltr'><strong>Agnei</strong></span> <span class='ocrx_word' id='word_1_306' title='bbox 1103 4670 1289 4727; x_wconf 82' lang='lat' dir='ltr'><strong>ABG</strong></span> <span class='ocrx_word' id='word_1_307' title='bbox 1321 4670 1465 4726; x_wconf 85' lang='lat' dir='ltr'><strong>Gnei</strong></span> <span class='ocrx_word' id='word_1_308' title='bbox 1502 4685 1536 4728; x_wconf 82' lang='grc' dir='ltr'><strong><em>ς</em></strong></span> <span class='ocrx_word' id='word_1_309' title='bbox 1571 4672 1788 4742; x_wconf 77' lang='lat' dir='ltr'><strong>Agnaei</strong></span> <span class='ocrx_word' id='word_1_310' title='bbox 1829 4671 2026 4727; x_wconf 77' lang='lat' dir='ltr'><strong>Carrio</strong></span> <span class='ocrx_word' id='word_1_311' title='bbox 2151 4676 2219 4724; x_wconf 89' lang='grc'><strong>23</strong></span> <span class='ocrx_word' id='word_1_312' title='bbox 2258 4669 2370 4724; x_wconf 77' lang='lat' dir='ltr'><strong>ista</strong></span> <span class='ocrx_word' id='word_1_313' title='bbox 2404 4669 2586 4723; x_wconf 77' lang='lat' dir='ltr'><strong>relata</strong></span> <span class='ocrx_word' id='word_1_314' title='bbox 2622 4669 2753 4722; x_wconf 78' lang='lat' dir='ltr'><strong>sunt.</strong></span> <span class='ocrx_word' id='word_1_315' title='bbox 2788 4685 2887 4723; x_wconf 85' lang='lat' dir='ltr'><strong>om.</strong></span> <span class='ocrx_word' id='word_1_316' title='bbox 2929 4670 2978 4725; x_wconf 83' lang='lat'><em>0</em></span> 
     </span>
     <span class='ocr_line' id='line_1_40' title="bbox 423 4747 3044 4822; baseline -0 -17"><span class='ocrx_word' id='word_1_317' title='bbox 423 4757 499 4805; x_wconf 75' lang='lat'><strong>24</strong></span> <span class='ocrx_word' id='word_1_318' title='bbox 525 4749 682 4805; x_wconf 87' lang='lat' dir='ltr'><strong>emili</strong></span> <span class='ocrx_word' id='word_1_319' title='bbox 710 4750 934 4809; x_wconf 77' lang='grc' dir='ltr'><strong><em>ΑΒΟς</em></strong></span> <span class='ocrx_word' id='word_1_320' title='bbox 1061 4757 1130 4806; x_wconf 75' lang='grc'><strong>28</strong></span> <span class='ocrx_word' id='word_1_321' title='bbox 1169 4752 1464 4807; x_wconf 80' lang='lat' dir='ltr'><strong>obseruare</strong></span> <span class='ocrx_word' id='word_1_322' title='bbox 1503 4750 1550 4805; x_wconf 81' lang='lat' dir='ltr'><strong><em>G</em></strong></span> <span class='ocrx_word' id='word_1_323' title='bbox 1671 4757 1740 4806; x_wconf 87' lang='grc'><strong>28</strong></span> <span class='ocrx_word' id='word_1_324' title='bbox 1778 4750 1955 4822; x_wconf 85' lang='lat' dir='ltr'><strong>prius]</strong></span> <span class='ocrx_word' id='word_1_325' title='bbox 1995 4749 2237 4821; x_wconf 86' lang='lat' dir='ltr'><strong>primum</strong></span> <span class='ocrx_word' id='word_1_326' title='bbox 2265 4750 2319 4803; x_wconf 89' lang='lat' dir='ltr'><strong><em>A</em></strong></span> <span class='ocrx_word' id='word_1_327' title='bbox 2357 4748 2569 4818; x_wconf 86' lang='lat' dir='ltr'><strong>primns</strong></span> <span class='ocrx_word' id='word_1_328' title='bbox 2601 4747 2649 4803; x_wconf 81' lang='grc'><em>0</em></span> <span class='ocrx_word' id='word_1_329' title='bbox 2767 4749 3044 4818; x_wconf 79' lang='lat' dir='ltr'><strong>posterius</strong></span> 
     </span>
     <span class='ocr_line' id='line_1_41' title="bbox 426 4827 3048 4902; baseline -0 -16"><span class='ocrx_word' id='word_1_330' title='bbox 426 4847 463 4886; x_wconf 77' lang='lat' dir='ltr'><strong>a</strong></span> <span class='ocrx_word' id='word_1_331' title='bbox 511 4830 698 4885; x_wconf 77' lang='lat' dir='ltr'><strong>uocali</strong></span> <span class='ocrx_word' id='word_1_332' title='bbox 750 4834 850 4886; x_wconf 78' lang='lat' dir='ltr'><strong>aut</strong></span> <span class='ocrx_word' id='word_1_333' title='bbox 898 4831 1188 4890; x_wconf 80' lang='lat' dir='ltr'><strong>uocalibus</strong></span> <span class='ocrx_word' id='word_1_334' title='bbox 1238 4831 1475 4902; x_wconf 77' lang='lat' dir='ltr'><strong>incipiat</strong></span> <span class='ocrx_word' id='word_1_335' title='bbox 1522 4832 1576 4885; x_wconf 98' lang='lat' dir='ltr'><strong><em>A</em></strong></span> <span class='ocrx_word' id='word_1_336' title='bbox 1628 4830 1905 4900; x_wconf 76' lang='lat' dir='ltr'><strong>posterius</strong></span> <span class='ocrx_word' id='word_1_337' title='bbox 1955 4847 1990 4901; x_wconf 76' lang='lat' dir='ltr'><strong>a.</strong></span> <span class='ocrx_word' id='word_1_338' title='bbox 2032 4828 2216 4898; x_wconf 56' lang='lat' dir='ltr'><strong>poculi</strong></span> <span class='ocrx_word' id='word_1_339' title='bbox 2250 4831 2259 4898; x_wconf 87' lang='grc' dir='ltr'>Ι</span> <span class='ocrx_word' id='word_1_340' title='bbox 2301 4845 2336 4882; x_wconf 83' lang='lat' dir='ltr'><strong>a.</strong></span> <span class='ocrx_word' id='word_1_341' title='bbox 2382 4827 2671 4883; x_wconf 74' lang='lat' dir='ltr'><strong>uocalibus</strong></span> <span class='ocrx_word' id='word_1_342' title='bbox 2717 4827 2954 4899; x_wconf 78' lang='lat' dir='ltr'><strong>incipiat</strong></span> <span class='ocrx_word' id='word_1_343' title='bbox 3002 4829 3048 4885; x_wconf 82' lang='lat' dir='ltr'><strong><em>G</em></strong></span> 
     </span>
     <span class='ocr_line' id='line_1_42' title="bbox 426 4908 2939 4981; baseline -0 -18"><span class='ocrx_word' id='word_1_344' title='bbox 426 4909 741 4980; x_wconf 79' lang='lat' dir='ltr'><strong>posterius.</strong></span> <span class='ocrx_word' id='word_1_345' title='bbox 775 4912 968 4979; x_wconf 76' lang='lat' dir='ltr'><strong>(deleta</strong></span> <span class='ocrx_word' id='word_1_346' title='bbox 1005 4912 1191 4967; x_wconf 78' lang='lat' dir='ltr'><strong>littera</strong></span> <span class='ocrx_word' id='word_1_347' title='bbox 1224 4916 1274 4967; x_wconf 85' lang='lat' dir='ltr'><strong>et</strong></span> <span class='ocrx_word' id='word_1_348' title='bbox 1308 4913 1679 4981; x_wconf 61' lang='lat' dir='ltr'><strong>superscripta</strong></span> <span class='ocrx_word' id='word_1_349' title='bbox 1715 4913 1771 4981; x_wconf 81' lang='lat' dir='ltr'><strong>a)</strong></span> <span class='ocrx_word' id='word_1_350' title='bbox 1808 4910 1992 4966; x_wconf 76' lang='lat' dir='ltr'><strong>nocali</strong></span> <span class='ocrx_word' id='word_1_351' title='bbox 2028 4927 2172 4980; x_wconf 77' lang='lat' dir='ltr'><strong>quae</strong></span> <span class='ocrx_word' id='word_1_352' title='bbox 2209 4927 2246 4965; x_wconf 76' lang='lat' dir='ltr'><strong>a</strong></span> <span class='ocrx_word' id='word_1_353' title='bbox 2282 4909 2574 4965; x_wconf 75' lang='lat' dir='ltr'><strong>uocalibus</strong></span> <span class='ocrx_word' id='word_1_354' title='bbox 2609 4908 2850 4980; x_wconf 76' lang='lat' dir='ltr'><strong>incipiat</strong></span> <span class='ocrx_word' id='word_1_355' title='bbox 2884 4908 2939 4962; x_wconf 94' lang='grc' dir='ltr'><strong><em>Β</em></strong></span> 
     </span>
     <span class='ocr_line' id='line_1_43' title="bbox 2512 4998 2619 5054; baseline 0.009 -1"><span class='ocrx_word' id='word_1_356' title='bbox 2512 4998 2619 5054; x_wconf 82' lang='grc'><strong>10*</strong></span> 
     </span>
    </p>
   </div>
  </div>
 </body>
</html>
