3613 5528
1377 415 1514 472 ΑΕΒ
1552 415 2044 473 GRAMMATICA
2873 411 3003 478 383

406 527 451 565 p.
482 518 545 558 ιε.
576 517 627 557 14
651 516 711 556 H.

409 620 729 681 numquam
776 604 1069 663 transiens
1124 605 1185 665 in
1244 605 1692 665 consonantium
1748 610 2102 683 potestatem
2158 602 2480 681 corripitur
2533 599 3001 681 produciturque

408 719 470 771 et
513 708 634 770 sola
683 717 742 771 et
788 728 923 771 cum
971 709 1101 771 aliis
1148 714 1486 773 coniuncta:
1533 718 1672 771 nota
1717 711 1980 790 numeri,
2027 726 2163 770 cum
2210 709 2474 788 quinque
2519 708 2825 787 significat.

584 815 631 876 F
694 816 890 879 littera
957 836 1288 880 consonans
1352 817 1717 880 semivocalis
1780 817 2014 897 incipit-
2056 818 2116 877 in
2180 815 2418 893 syllaba
2477 825 2595 875 tam
2669 816 3004 895 praeposita

411 922 592 984 vocali
637 941 811 1004 quam
859 925 1220 1009 semivocali,
1259 921 1270 1006 Ι
1310 935 1377 988 ut
1422 926 1643 987 flumen
1688 925 1839 985 l'onS.
1931 923 1949 984 l
1995 922 2190 984 littera
2246 939 2578 983 consonans
2636 920 3003 984 semivocalis

351 1042 377 1082 ⁵
408 1029 626 1110 liquida
662 1039 782 1092 tam
821 1034 1206 1112 praeponitur
1245 1033 1541 1095 vocalibus
1578 1036 1639 1095 in
1679 1030 1896 1112 syllaba
1944 1047 2118 1110 quam
2159 1028 2563 1109 subiungitur:
2599 1031 3005 1111 praeponitur,

407 1157 542 1199 cum
586 1136 822 1200 laudem
867 1137 1057 1218 legem
1104 1147 1164 1201 et
1209 1138 1301 1201 his
1348 1139 1557 1201 similia
1614 1139 1958 1220 scribimus3
2013 1136 2421 1218 subiungitur,
2474 1145 2770 1216 tamquam
2829 1136 3003 1198 alma:

407 1244 783 1325 subiungitur
810 1247 951 1306 item
983 1246 1470 1329 consonantibus,
1508 1265 1642 1308 cum
1673 1245 1943 1307 Clodium
1970 1246 2359 1306 nominamus.
2424 1261 2559 1304 cum
2589 1243 2712 1304 sola
2739 1245 2998 1324 ponitur,

408 1351 653 1414 Lucium
700 1353 1015 1434 significat3
1073 1356 1215 1415 item
1262 1370 1575 1414 numerum
1586 1400 1604 1434 ,
1651 1369 1787 1413 cum
1835 1353 2260 1431 quinquaginta
2305 1350 2612 1430 significat.
2706 1368 2761 1410 m
2809 1349 3005 1412 littera

406 1477 735 1521 consonans
782 1459 1148 1521 semivocalis
1191 1459 1411 1540 liquida
1459 1469 1577 1521 tam
1624 1459 2010 1540 praeponitur
2056 1456 2355 1518 vocalibus
2393 1475 2569 1536 quam
2606 1455 3004 1538 subiungitur,

329 1580 380 1621 10
408 1575 701 1647 tamquam
723 1574 923 1628 monet
942 1575 1301 1648 commonet3
1331 1565 1708 1645 subiungitur
1729 1573 1790 1626 et
1810 1562 2291 1646 consonantibuS,
2319 1582 2453 1625 cum
2476 1566 2705 1644 agmina
2726 1563 3004 1626 dicimus:

407 1683 542 1736 nota
570 1677 987 1757 praenominiS,
1032 1693 1169 1736 cum
1206 1674 1494 1736 Marcum
1530 1673 1653 1735 sola
1698 1674 1920 1752 scripta
1967 1672 2274 1751 significat.
2346 1690 2385 1733 n
2430 1671 2627 1735 littera
2673 1690 3005 1733 consonans

408 1782 772 1844 semivocalis
799 1782 1020 1863 liquida
1049 1791 1167 1844 tam
1197 1782 1582 1862 praeponitur
1610 1777 1910 1840 vocalibus
1931 1796 2105 1858 quam
2137 1776 2533 1860 subiungitur,
2563 1786 2630 1840 ut
2647 1787 2820 1840 natus
2840 1785 3001 1859 ante3

407 1893 547 1951 item
575 1888 956 1969 subiungitur
985 1898 1044 1951 et
1065 1887 1545 1969 consonantibuS,
1572 1894 1641 1948 ut
1659 1885 1903 1947 Cnidius
1923 1885 2237 1966 Cythnius:
2266 1894 2402 1947 nota
2420 1887 2839 1967 praenominis,
2868 1903 3000 1946 cum

404 1996 528 2057 sola
547 1996 895 2058 Numerium
926 1997 1241 2078 significat3
1277 1998 1421 2058 item
1451 1996 1797 2056 consonanti
1829 1991 2142 2054 subiuncta
2172 1993 2220 2053 G
2250 1993 2533 2075 Gnaeum,
2571 2010 2747 2072 quem
2778 1994 3003 2073 antiqui

583 2203 765 2260 Codex
800 2204 1191 2274 Sanqallenstis.
1266 2210 1299 2258 2
1338 2202 1510 2259 etiam
1546 2202 1666 2276 solo
1810 2208 1841 2256 3
1879 2201 1939 2256 in
1971 2200 2188 2269 syllaba.
2223 2216 2322 2257 om.
2467 2207 2500 2254 4
2537 2201 2603 2255 ut
2638 2204 2765 2255 ante
2799 2199 3005 2255 flumen

406 2302 508 2340 om.
689 2292 752 2341 11
792 2286 928 2340 nota
962 2301 1265 2355 prenomen
1443 2283 1692 2338 Marcum
1730 2298 1832 2337 om.
1999 2288 2064 2335 12
2103 2284 2167 2336 ul:
2202 2286 2329 2336 ante
2366 2283 2530 2336 natus
2568 2297 2668 2336 om.
2835 2286 2899 2334 13
2939 2282 3004 2334 ut

406 2370 533 2421 ante
569 2363 798 2421 Cnidius
835 2382 934 2421 om.
1108 2366 1327 2438 cytnius
1363 2367 1498 2422 nota
1541 2380 1844 2434 prenomen
1990 2367 2055 2415 14
2101 2361 2529 2417 consonantibus
2573 2358 2927 2430 subiungitur
2969 2366 3006 2413 ῑῑ

406 2462 610 2515 gneum

582 2630 614 2678 3
650 2623 852 2694 incipit.
885 2624 945 2679 in
981 2625 1199 2696 syllaba
1235 2624 1521 2680 Charisius
1549 2640 1610 2693 p.
1646 2628 1767 2690 9,7.·
1794 2623 1863 2689 cf.
1903 2621 2085 2676 Diem,
2117 2637 2176 2690 p.
2216 2624 2423 2688 424‚18
2567 2625 2634 2674 14
2670 2618 2807 2675 item
2844 2633 3002 2690 prae·

402 2704 586 2776 posita
623 2703 663 2760 O
706 2704 970 2774 Gneinm,
1007 2721 1175 2776 quem
1211 2703 1430 2775 antiqui
1468 2702 1685 2759 Gneum
1722 2702 1919 2758 dicunt
1953 2702 2159 2757 codices
2194 2700 2478 2756 Diomedia
2505 2717 2567 2771 p.
2604 2704 2813 2767 425,12

406 2900 554 2971 ἔσθ’
607 2900 714 2972 ὅτε
760 2904 1241 2992 μετερχόμενον
1288 2905 1383 2982 εἰς
1425 2900 1550 2989 τὴν
1595 2904 1734 2971 τών
1780 2898 2172 2988 συμφώνων
2230 2896 2523 2985 δύναμιν
2582 2899 3002 2966 συστέλλεται

403 3011 513 3077 καὶ
567 3013 921 3081 ἐκτείνεται
974 3010 1086 3078 καὶ
1148 3007 1361 3097 μόνον
1424 3009 1534 3075 καὶ
1598 3004 1752 3093 μεθ’
1822 3005 2046 3074 ἄλλων
2111 3005 2660 3092 συνεζευγμένον·
2726 3017 3001 3091 σημεῖον

406 3114 733 3204 ἀριθμοῦ,
780 3114 979 3186 ὁπότε
1021 3117 1214 3185 πέντε
1261 3119 1587 3203 σημαίνει.
2691 3113 2702 3121 ’

580 3230 626 3291 F
644 3222 911 3311 γράμμα
940 3222 1311 3311 σύμφωνον
1339 3218 1694 3310 ἡμίφωνον
1721 3220 1988 3310 ἄρχεται
2019 3221 2101 3288 ἐν
2129 3222 2426 3308 συλλαβῇ
2455 3216 3001 3306 προτασσόμενον

352 3347 379 3388 ⁵
405 3332 515 3400 καὶ
544 3330 932 3419 φωνήεντος
966 3331 1113 3421 [καὶ
1141 3327 1522 3418 ἡμιφώνου,
1558 3324 1647 3409 ὥς
1682 3327 1759 3397 τό
1827 3382 1841 3396 .
1877 3339 1903 3396 l
1933 3325 2203 3415 γράμμα
2239 3324 2610 3414 σύμφωνον
2645 3321 3003 3412 ἡμίφωνον

406 3434 617 3527 ὑγρὸν
663 3437 774 3506 καὶ
817 3434 1253 3525 προτάσσεται
1291 3437 1700 3523 φωνηέντων
1739 3436 1813 3503 ἐν
1851 3436 2148 3522 συλλαβῇ
2185 3433 2297 3500 καὶ
2335 3430 2797 3502 ὑποτάσσεται·
2841 3456 3001 3520 προ-

403 3545 739 3632 τάσσεται,
788 3541 985 3613 ὁπότε
1159 3544 1269 3611 καὶ
1314 3540 1393 3611 τὰ
1438 3540 1701 3622 τούτοις
1747 3539 1946 3628 ὅμοια
1984 3538 2358 3627 γράφομεν·
2403 3537 2866 3625 ὑποτάσσεται,
2915 3537 3003 3620 ὡς

404 3652 480 3721 τό
614 3705 632 3722 .
675 3649 1115 3721 ὑποτάσσεται
1162 3646 1408 3738 ὁμοίως
1463 3649 1883 3737 συμφώνοις,
1938 3645 2137 3717 ὁπότε
2316 3643 2747 3734 ὀνομάζομεν.
2838 3643 3038 3716 ὅταν·

405 3758 621 3848 μόνον
681 3763 980 3847 τιθῆται,
1178 3761 1510 3844 σημαίνει·
1593 3753 1843 3844 ὁμοίως
1914 3752 2242 3843 ἀριθμόν,
2325 3752 2521 3823 ὁπότε
2591 3751 3002 3841 πεντήκοντα

325 3887 378 3926 1⁰
405 3871 728 3955 σημαίνει.
827 3890 884 3934 m
937 3864 1204 3953 γράμμα
1265 3863 1633 3952 σύμφωνον
1697 3860 2053 3951 ἡμίφωνον
2116 3859 2329 3949 ὑγρὸν
2391 3860 2503 3928 καὶ
2566 3859 3001 3948 προτάσσεται

293 3993 304 4002 ’
403 3976 815 4061 φωνηέντων
841 3973 951 4041 καὶ
979 3970 1441 4057 ὑποτάσσεται,
1478 3968 1568 4052 ὥς
1592 3969 1670 4040 τό
1756 4004 1761 4010 ·
1808 4023 1825 4039 .
1859 3967 2300 4039 ὑποτάσσεται
2337 3968 2411 4036 δὲ
2448 3968 2558 4036 καὶ
2588 3967 3001 4055 συμφώνοις,

406 4077 601 4150 ὁπότε
814 4080 1128 4167 λέγομεν·
1213 4092 1489 4167 σημεῖον
1570 4080 2057 4166 χρηματισμοῦ,
2140 4073 2334 4144 ὁπότε
2417 4072 2704 4162 Μάρκον
2785 4073 3000 4161 μόνον

405 4189 863 4276 γεγραμμένον
920 4192 1246 4274 σημαίνει.
1346 4213 1385 4254 n
1441 4184 1709 4273 γράμμα
1766 4172 2140 4272 σύμφωνον
2193 4180 2551 4271 ἡμίφωνον
2613 4178 2827 4269 ὑγρὸν
2888 4181 3000 4250 καὶ

404 4294 840 4382 προτάσσεται
902 4298 1040 4362 τῶν
1103 4293 1514 4380 φωνηέντων
1586 4292 1697 4360 καὶ
1761 4288 2232 4376 ὑποτάσσεται,
2297 4287 2388 4370 ὡς
2448 4287 2524 4358 τό
2677 4341 2691 4356 .
2756 4286 3000 4377 ὁμοίως

326 4422 378 4462 15
407 4401 844 4473 ὑποτάσσεται
904 4402 1014 4469 καὶ
1077 4415 1216 4481 τοῖς
1280 4397 1699 4487 συμφώνοις,
1764 4395 1856 4479 ώς
1916 4397 1992 4467 τό
2128 4451 2144 4468 .
2191 4411 2468 4485 σημεῖον
2522 4399 2999 4484 χρηματισμοῦ,

406 4507 603 4579 ὁπότε
649 4507 864 4597 μόνον
1046 4511 1377 4595 σημαίνει·
1435 4502 1684 4593 ὁμοίως
1736 4505 1848 4574 καὶ
1905 4502 2246 4596 συμφώνῳ
2303 4500 2851 4590 ὑποτασσόμενον
2906 4504 2997 4592 τῷ

406 4622 453 4684 G
491 4622 766 4702 Γναῖον,
813 4612 896 4683 ὃν
944 4616 1013 4682 οἱ
1052 4612 1321 4681 παλαιοὶ
1367 4611 1489 4699 μὲν
1537 4617 1840 4698 Γναίϊον,
1886 4616 2017 4680 νῦν
2055 4611 2129 4679 δὲ
2165 4613 2456 4698 χυδαίως
2493 4606 2998 4696 συντομώτερον

545 4827 579 4875 4
616 4815 680 4875 ἐν
717 4836 816 4875 om.
964 4824 995 4873 5
1032 4819 1055 4873 1
1091 4823 1220 4874 ante
1256 4811 1482 4887 γράμμα
1519 4834 1618 4873 om.
1765 4825 1797 4873 9
1835 4820 2058 4872 τιθεται
2204 4820 2270 4868 10
2305 4831 2364 4868 m
2400 4828 2501 4868 om.
2651 4818 2713 4867 13
2751 4830 2790 4867 n
2825 4829 2925 4871 om.

409 4906 474 4956 15
513 4901 623 4973 σηῇ
659 4901 803 4971 mog]
946 4905 1013 4955 16
1049 4919 1146 4955 και
1186 4901 1396 4968 συμφξ
1432 4915 1889 4969 υποτασσομενον
1925 4916 2024 4952 του
2063 4896 2111 4953 G
2259 4902 2321 4951 17
2365 4893 2626 4965 Γναιιον]
2667 4896 2865 4948 Γναιιο
