3613 5528
592 392 721 457 150
1663 389 2123 447 CASSIODORII

591 503 636 541 p.
665 493 773 533 3334
797 492 847 532 P.

588 576 800 638 deinde
862 575 1113 657 mavolo,
1172 575 1331 655 quod
1389 575 1939 655 frequentissimum
1978 574 1988 652 Ι
2029 575 2185 655 apud
2230 574 2362 636 illos
2409 583 2527 637 est:
2587 577 2906 637 novissimo
2963 578 3026 637 in
3088 575 3200 637 hoc

589 683 880 765 substitit,
925 692 993 744 ut
1038 682 1190 743 malo
1237 689 1416 745 esset.
1487 683 1590 744 sed
1638 683 1812 744 malle
1857 702 1967 763 per
2004 682 2122 744 duo
2168 683 2215 744 1:
2260 685 2446 762 magis
2483 660 2630 743 {telle
2669 684 2826 744 enim
2874 691 2983 746 est.
3056 685 3201 746 item

593 789 730 851 nolo
776 809 886 871 per
929 808 1117 851 unum
1164 789 1211 872 1,
1265 789 1422 851 nolle
1468 809 1579 871 per
1623 791 1742 852 duo
1787 790 1835 852 l:
1891 788 2027 851 nolo
2074 791 2234 850 enim
2283 788 2490 850 nevolo
2537 797 2656 872 est,
2710 789 2866 850 nolle
2912 808 2989 852 ne
3035 789 3200 851 velle.
3317 840 3336 856 2

588 896 844 977 denique
892 905 960 958 ut
1004 916 1069 958 se
1119 896 1364 959 verbum
1409 896 1613 980 hahet,
1658 899 1740 959 ita
1785 915 1855 958 ea
1902 915 2053 977 quae
2100 916 2171 959 ex
2217 895 2318 957 illo
2365 905 2821 977 componuntur.

766 1004 892 1065 Alia
938 1012 1080 1065 sunt
1125 1022 1275 1083 quae
1320 1023 1431 1084 per
1476 1003 1595 1065 duo
1644 1016 1683 1066 u
1730 1004 2101 1079 scribuntur,
2150 1003 2367 1084 quibus
2416 1022 2701 1065 numerus
2749 1023 2986 1085 quoque
3034 1003 3201 1085 sylla-
3229 1026 3257 1068 5

589 1110 799 1172 harum
837 1114 1070 1173 crescit.
1135 1110 1344 1173 similis
1382 1113 1541 1172 euim
1576 1110 1792 1173 vocalis
1830 1110 2016 1172 vocali
2052 1109 2328 1172 adiuncta
2365 1129 2484 1172 non
2524 1109 2716 1171 solum
2756 1129 2875 1172 non
2904 1111 3204 1199 cohaeret,

590 1218 694 1279 sed
742 1220 920 1279 etiam
966 1218 1245 1299 syllabam
1291 1226 1491 1300 auget,
1545 1226 1613 1280 ut
1666 1235 1888 1279 vacuus
1943 1220 2241 1297 ingenuus
2296 1217 2583 1279 occiduus
2638 1220 2906 1298 exiguus„
2998 1218 3203 1280 eadem

590 1325 801 1386 divisio
838 1324 1128 1386 vocalium
1166 1327 1227 1386 in
1265 1323 1462 1385 verbis
1500 1342 1739 1404 quoque
1777 1332 1897 1406 est,
1935 1330 2003 1385 ut
2037 1332 2313 1386 metuunt
2349 1332 2620 1387 statuunt
2655 1323 2929 1388 tribuunt
2965 1334 3205 1388 acuunt.

593 1449 734 1511 ergo
781 1432 878 1492 hic
925 1450 1162 1511 quoque
1210 1451 1241 1493 c
1290 1432 1513 1512 littera,
1559 1449 1678 1491 non
1726 1450 1763 1511 q
1813 1431 2159 1511 apponenda
2207 1439 2315 1493 est.

768 1537 1091 1600 Lacrumae
1138 1557 1212 1600 an
1258 1539 1566 1621 lacrimae,
1614 1556 1926 1600 maxumus
1972 1556 2045 1599 an
2094 1540 2410 1621 maximuS,
2467 1547 2529 1600 et
2574 1541 2743 1619 siqua
2790 1540 3002 1601 similia
3049 1551 3207 1625 sunt,
3237 1564 3290 1603 lo

592 1664 712 1726 quo
758 1646 933 1706 modo
981 1645 1162 1707 scribi
1208 1646 1488 1727 debeant,
1549 1648 1884 1726 quaesitum
1932 1654 2039 1706 est.
2114 1645 2432 1707 Terentius
2478 1645 2663 1707 Varro
2711 1647 2954 1709 tradidit
2999 1647 3204 1710 Caesa-

592 1771 719 1813 rem
759 1771 868 1833 per
904 1755 924 1813 i
963 1755 1094 1814 eius
1131 1753 1290 1815 modi
1327 1754 1505 1815 verba
1545 1753 1785 1815 solitum
1824 1771 1954 1815 esse
1994 1755 2307 1815 enuntiare
2346 1760 2407 1814 et
2442 1752 2734 1816 scribere:
2779 1754 2918 1816 inde
2960 1764 3206 1836 propter

595 1863 1009 1951 auctoritatem
1072 1863 1215 1922 tanti
1289 1864 1401 1922 viri
1462 1862 1955 1924 consuetudinem
2016 1861 2245 1922 factam.
2347 1860 2452 1922 sed
2512 1879 2622 1940 ego
2681 1864 2744 1922 in
2805 1863 3207 1942 antiquiorum

596 1968 783 2029 multo
830 1967 1026 2049 libris,
1074 1986 1247 2048 quam
1287 1968 1466 2029 Gaius
1505 1966 1720 2028 Caesar
1767 1976 1876 2049 est,
1922 1985 2030 2048 per
2067 1985 2107 2028 u
2154 1966 2437 2048 pleraque
2484 1970 2705 2048 scripta
2741 1971 2998 2052 invenio,
3034 1977 3206 2050 optu-

595 2092 727 2136 mus
780 2076 1046 2135 intumus
1100 2073 1560 2155 pulcherrumus
1615 2071 1818 2134 lubido
1875 2072 2197 2134 dicundum
2263 2073 2605 2136 faciundum
2660 2093 2931 2136 maxume
2998 2094 3201 2137 monu-
3235 2096 3288 2137 15

595 2189 860 2243 mentum
906 2181 1262 2243 contumelia
1309 2183 1588 2242 minume.
1663 2180 1876 2241 melius
1930 2189 2129 2242 tamen
2177 2189 2268 2242 est
2314 2189 2374 2242 et
2422 2181 2493 2242 ad
2550 2182 2981 2245 enuntiandum
3027 2191 3089 2244 et
3134 2184 3204 2245 ad

596 2288 977 2350 scribendum
1030 2291 1053 2349 i
1104 2289 1362 2350 litteram
1417 2307 1527 2368 pro
1590 2307 1627 2349 u
1686 2305 1937 2369 ponere,
1995 2289 2058 2348 in
2104 2287 2260 2368 quod
2309 2289 2425 2347 iam
2471 2288 2842 2349 consuetudo
2889 2289 3208 2351 inclinavit.

771 2394 983 2456 Vineas
1039 2413 1146 2476 per
1194 2414 1226 2455 e
1281 2394 1519 2474 quidam
1574 2394 1920 2456 scribendas
1977 2392 2373 2474 tradiderunt,
2439 2396 2489 2455 si
2547 2387 2656 2455 liae
2714 2396 3210 2478 significarentur,

596 2520 743 2581 quas
796 2504 858 2562 in
915 2504 1071 2582 agris
1125 2501 1419 2585 videmus3
1476 2510 1536 2564 at
1590 2511 1797 2564 contra
1852 2520 1962 2583 per
2015 2504 2063 2583 i,
2122 2503 2341 2583 viniaS‚
2396 2501 2526 2564 illas
2584 2501 2696 2563 sub
2752 2502 2971 2583 quibus
3025 2503 3208 2565 latere

597 2609 766 2670 miles
812 2609 988 2692 solet,
1044 2609 1200 2690 quod
1257 2610 1576 2671 discrimen
1625 2608 2041 2670 stultissimum
2088 2616 2195 2669 est.
2283 2626 2417 2669 nam
2480 2627 2673 2689 neque
2722 2610 2957 2672 aliunde
3004 2613 3209 2671 vineae
3239 2632 3293 2671 20

588 2724 930 2791 ,castrenses
977 2718 1166 2780 dictae
1216 2725 1383 2801 sunt,
1429 2735 1605 2798 quam
1652 2714 1811 2797 quod
1857 2716 2044 2776 vineis
2091 2714 2206 2777 illis
2253 2714 2586 2795 agrestibus
2634 2716 2860 2779 similes
2907 2726 3063 2780 sunt„

773 2825 1147 2905 Extinguunt
1200 2843 1308 2907 per
1355 2826 1472 2888 duo
1520 2844 1587 2887 u:
1646 2823 1880 2904 qualem
1927 2825 2217 2885 rationem
2265 2842 2445 2904 supra
2489 2823 2719 2884 reddidi
2776 2825 2848 2885 de
2901 2843 2939 2905 q
2994 2823 3211 2907 littera,
3289 2863 3294 2876 ·

597 2949 773 3011 quam
833 2931 953 2992 dixi
1013 2940 1291 3013 oportere
1351 2935 1413 2993 in
1474 2934 1634 2992 omni
1662 2928 2086 2991 ‘declinatione
2148 2929 2295 2991 duas
2348 2930 2581 2992 vocales
2634 2930 2880 3014 habere,
2937 2930 3068 2993 talis
3114 2932 3210 2993 hic

772 3146 804 3193 9
844 3139 973 3194 Alia
1008 3143 1140 3196 3331
1175 3141 1472 3211 Papirion.
1511 3145 1636 3208 161,
1675 3143 1711 3193 4

777 3336 805 3383 1
844 3328 903 3383 in
931 3347 1033 3385 om.
1061 3330 1283 3388 ΑΒΟς
1410 3335 1443 3382 2
1480 3325 1733 3383 substitit
1760 3325 1984 3392 carrio,
2022 3324 2279 3381 subsistit
2305 3326 2524 3387 „41305
2651 3330 2821 3385 313113
2857 3347 2957 3401 per
2994 3331 3133 3386 duas
3168 3330 3212 3385 ll

598 3408 743 3463 33113
782 3407 931 3463 enim
959 3413 1047 3464 331
1074 3409 1189 3464 AG
1221 3408 1392 3463 malle
1428 3424 1529 3477 per
1566 3406 1702 3460 (1333
1740 3407 1900 3474 (corr.
1932 3405 2066 3475 duo)
2102 3405 2145 3459 ll
2184 3407 2368 3479 magis
2396 3407 2545 3464 uelle
2578 3411 2664 3465 331
2700 3411 2813 3479 (sed
2848 3410 3029 3481 magis
3063 3410 3213 3466 33113

596 3490 685 3543 est:
717 3504 828 3542 ras.
869 3489 922 3557 b)
960 3489 1033 3558 B,
1078 3489 1249 3543 malle
1284 3504 1385 3558 per
1422 3486 1561 3541 duas
1596 3485 1642 3539 ll
1676 3486 1826 3541 uelle
1865 3487 1950 3542 331
1984 3488 2150 3542 codex
2184 3487 2482 3544 Ber-nensis
2517 3493 2648 3558 243,
2684 3489 2855 3544 malle
2892 3505 2992 3559 per
3028 3490 3137 3544 duo
3175 3490 3214 3560 1,

598 3566 750 3636 quod
797 3570 881 3622 331
926 3569 1107 3639 magis
1144 3567 1291 3622 velle
1328 3583 1438 3624 exc.
1478 3566 1672 3635 Papir.
1817 3573 1849 3621 3
1896 3566 2047 3622 nolle
2092 3582 2191 3637 per
2228 3567 2337 3622 duo
2374 3567 2397 3621 l
2442 3584 2542 3624 om.
2580 3569 2696 3623 Ao
2846 3569 3072 3641 nevolo]
3110 3587 3216 3626 333

601 3646 731 3701 3010
767 3649 822 3702 A
950 3656 982 3703 6
1022 3646 1197 3703 simili
1232 3646 1414 3703 ABG
1535 3653 1567 3702 8
1602 3641 1681 3701 ’31
1716 3651 1844 3701 ante
1878 3649 2137 3702 metuunt
2172 3664 2274 3703 om.
2312 3648 2492 3703 ABG
2623 3655 2685 3703 11
2727 3649 3005 3717 quomodo
3045 3649 3214 3705 scribi

597 3727 756 3800 aab}
789 3744 1019 3814 (debent
1053 3749 1108 3815 ς)
1143 3746 1244 3804 Βς
1289 3741 1459 3799 scribi
1503 3740 1672 3797 debet
1722 3744 1937 3810 <omisso
1984 3745 2285 3813 quomodo)
2322 3746 2459 3816 Aa,
2516 3745 2684 3801 scribi
2720 3746 2962 3801 debeant
3001 3745 3213 3812 Carrio,

597 3824 841 3892 qualiter
878 3824 1171 3880 scribenda
1207 3825 1338 3879 3331
1374 3823 1632 3877 Isidorus
1668 3824 1806 3893 oriq.
1845 3824 1888 3876 I
1911 3829 2009 3891 26,
2037 3829 2110 3880 15
2238 3825 2564 3881 Ten-entius
2601 3825 2719 3881 AG
2836 3824 3074 3880 tradidit
3100 3824 3221 3880 AO

596 3910 647 3960 et
684 3906 958 3974 Isidem&
996 3904 1170 3960 tradit
1204 3904 1261 3958 B
1400 3909 1465 3958 12
1504 3901 1843 3959 adnunciare
1877 3905 1934 3958 A
1971 3904 2303 3962 adnuntiare
2344 3906 2410 3962 σε
2456 3907 2688 3973 fortasse
2725 3910 2783 3961 31
2817 3905 3109 3962 enuntiare

599 3991 664 4040 13
703 3984 850 4039 13311
887 4002 987 4039 om.
1026 3985 1108 4053 B,
1149 3986 1275 4041 add.
1314 3983 1431 4040 AG
1461 3990 1513 4039 et
1548 3985 1810 4042 Isidorus
1952 3988 2351 4043 consuetudine
2388 3987 2602 4042 factum
2642 3987 2690 4043 0
2827 3986 2887 4041 13
2932 3987 3210 4057 antiquio-

596 4086 718 4123 rum
749 4067 828 4137 (in
857 4066 1214 4137 antiquorum
1245 4066 1310 4136 G)
1345 4065 1526 4121 multo
1552 4064 1713 4119 libris
1741 4081 1910 4134 (13331
1938 4066 2054 4120 AG
2083 4065 2141 4120 in
2170 4067 2528 4137 antiquorum
2565 4066 2724 4122 libris
2750 4066 2931 4123 multo
2959 4085 3126 4137 quam
3157 4068 3214 4121 B

685 4155 752 4203 14
789 4166 944 4204 cesar
978 4150 1068 4204 331
1103 4165 1237 4202 3333
1274 4165 1375 4217 per
1410 4165 1448 4201 3
1486 4147 1534 4202 G
1676 4151 1741 4199 15
1778 4144 1995 4216 lubido]
2032 4145 2340 4215 legandum
2375 4147 2431 4201 A
2575 4146 2898 4202 faciundum
2937 4147 2984 4202 Ο
3024 4146 3215 4203 facun-

596 4230 730 4284 dum
766 4229 887 4284 AB
1036 4234 1103 4284 16
1141 4226 1488 4283 30313313113
1524 4228 1595 4284 A.
1651 4228 1883 4295 forta-sae
1919 4223 2297 4281 contumacia:
2335 4226 2405 4293 cf.
2454 4225 2565 4282 Vel.
2603 4227 2777 4295 Low.
2807 4244 2870 4295 p.
2910 4232 2999 4296 76,
3039 4233 3075 4282 6

600 4315 664 4365 18
702 4308 896 4364 uineas
925 4325 1025 4379 per
1054 4325 1085 4364 e
1114 4308 1372 4379 (scriptas
1400 4308 1528 4363 add.
1559 4311 1609 4374 c)
1639 4306 1870 4376 quidam
1896 4304 2250 4361 tradiderunt
2280 4307 2327 4362 0
2493 4305 2538 4360 31
2575 4307 2647 4362 113
2676 4305 3058 4376 significarent
3085 4308 3139 4362 A
3167 4304 3217 4363 31

599 4387 703 4443 1133
732 4387 1117 4458 significarent:
1144 4389 1198 4442 B
1228 4390 1276 4443 31
1303 4389 1409 4443 1133
1439 4386 1781 4442 sinificarent
1801 4387 1860 4455 Ο,
1890 4387 1938 4441 si
1967 4387 2070 4442 has
2099 4386 2480 4458 significarent
2508 4386 2705 4442 Carrio
2818 4393 2882 4442 19
2911 4387 3218 4444 viderimus

596 4486 735 4525 corr.
774 4471 1029 4526 uidemus
1077 4469 1132 4523 B
1185 4469 1491 4524 uiderimus
1538 4466 1654 4521 AG
1702 4473 1753 4523 et
1808 4469 1973 4522 codex
2026 4468 2325 4523 Beruensis
2383 4471 2496 4522 243
2694 4483 2760 4522 33
2816 4469 3011 4524 contra
3064 4470 3118 4523 A

595 4549 802 4623 313133]
841 4552 1032 4607 313333
1071 4551 1125 4604 A
1270 4555 1338 4604 20
1376 4548 1520 4604 30131
1554 4546 1718 4602 311133
1758 4545 1806 4601 0
1945 4553 2010 4601 21
2050 4563 2220 4617 quam
2257 4545 2433 4617 quod]
2473 4564 2706 4616 quamq3
2754 4547 2811 4600 B
2849 4555 3135 4618 quamque„
3174 4549 3222 4604 G

688 4636 757 4685 22
793 4630 1173 4701 Exstinguunt
1207 4647 1308 4701 per
1334 4629 1385 4684 V
1413 4630 1472 4683 31
1501 4627 1573 4682 O:
1610 4626 1837 4696 qualem
1863 4625 2140 4682 rationem
2170 4645 2339 4697 supra
2364 4625 2709 4683 reddidimus
2738 4627 2808 4681 de
2835 4626 3041 4683 litteris
3077 4645 3217 4698 quas

603 4707 721 4763 dixi
751 4710 948 4765 Carrio
1072 4707 1427 4780 Extinguunt
1451 4724 1551 4778 per
1578 4726 1617 4761 3
1636 4723 1670 4762 0
1695 4707 1751 4761 A
1789 4706 2102 4776 Extingunt
2127 4724 2227 4777 per
2254 4725 2290 4762 v
2311 4724 2344 4762 0
2372 4706 2427 4760 Β
2463 4707 2815 4778 Extinguont
2842 4724 2943 4778 per
2968 4727 3007 4762 3
3035 4709 3145 4764 310
3174 4709 3223 4763 0

602 4786 917 4860 Extingunt
951 4807 1053 4859 per
1089 4792 1154 4844 ·ll·
1185 4807 1218 4845 o
1260 4790 1448 4845 Paris.
1576 4785 1647 4841 de
1683 4805 1722 4857 q
1759 4787 1851 4855 (de
1880 4804 1995 4856 (133
2022 4787 2098 4858 A)
2133 4786 2329 4843 littera
2363 4802 2534 4856 quam
2562 4788 2681 4842 AB
2718 4786 2789 4840 de
2827 4787 3030 4856 quibus
3063 4788 3215 4844 11113-

603 4867 682 4923 ris
720 4885 861 4938 (1333
901 4869 973 4926 G:
1011 4871 1081 4939 cf.
1110 4887 1173 4941 p.
1211 4875 1336 4940 149,
1373 4876 1405 4925 1
