3613 5528
1460 424 2042 482 ORTHOGRAPHIA
2227 483 2242 487 ,
2932 429 3055 493 105

442 541 486 577 p.
515 529 618 569 2246
646 526 697 566 P.

618 611 897 674 Numeris
963 613 1140 672 etiam
1199 614 1437 673 nomina
1502 615 1834 674 communia
1898 621 2068 695 sunt,
2134 621 2202 674 ut
2266 613 2439 675 sedes
2503 633 2602 675 res
2661 633 2800 694 spes
2866 613 3055 675 nubes

445 718 604 779 labes
649 717 861 779 clades,

624 824 1084 904 Frequentativa
1121 825 1298 886 verba
1337 834 1478 887 sunt
1514 827 1746 886 caenito
1775 828 2043 905 pransito
2074 825 2275 888 lectito
2308 827 2514 888 dictito
2545 830 2769 890 cursito
2811 830 3054 888 vectito:

447 951 520 993 ex
564 932 672 993 hac
720 941 856 993 nota
905 940 1047 993 sunt
1093 934 1175 993 ito
1222 932 1560 1013 habitoque.

364 1067 391 1108 5
623 1038 771 1100 Cum
818 1038 892 1099 de
939 1057 1157 1119 genere
1206 1039 1455 1101 alicuius
1496 1042 1749 1101 nominis
1788 1040 2056 1122 ambigiS‚
2102 1039 2389 1120 pluralem
2427 1041 2673 1102 consule
2712 1060 3056 1103 numerum:

444 1154 512 1206 ut
566 1155 707 1225 puta
767 1149 816 1205 si
880 1164 1156 1225 quaeraS,
1217 1146 1313 1207 hic
1378 1157 1583 1227 pratus
1649 1150 1725 1207 sit
1785 1147 2102 1208 dicendum
2168 1166 2240 1208 an
2307 1148 2418 1208 hoc
2489 1159 2752 1230 pratum,
2811 1148 3056 1228 pluralis

446 1271 729 1314 numerus
775 1272 912 1314 cum
961 1254 1138 1314 faciat
1175 1253 1319 1315 haec
1358 1263 1525 1334 prata
1563 1273 1673 1314 nec
1711 1257 1960 1333 recipiat
1998 1254 2057 1314 bi
2094 1257 2267 1349 prati,
2322 1257 2699 1316 manifestum
2739 1265 2831 1316 est
2866 1274 3056 1334 genus

447 1359 585 1437 [hoc
633 1370 726 1420 est
771 1359 1018 1437 neutri}

622 1466 965 1528 Confessiva
1025 1468 1091 1530 fit
1144 1486 1255 1527 vox
1314 1486 1386 1527 ex
1454 1467 1676 1549 duplici
1739 1488 1879 1530 voce
1944 1469 2249 1549 abnutiva‚
2308 1477 2374 1529 ut
2432 1464 2574 1529 ‘non
2623 1466 2757 1529 uolo
2804 1463 3058 1530 dicere':

254 1562 261 1571 ’
368 1601 417 1640 10
447 1574 693 1634 ostendo
740 1576 898 1634 enim
945 1594 1040 1635 mc
1086 1575 1262 1636 velle:
1308 1584 1368 1636 ct
1415 1569 1558 1635 ‘non
1607 1579 1827 1657 nescio,
1887 1595 2037 1656 quae
2084 1576 2192 1637 tibi
2241 1578 2357 1636 vita
2405 1570 2526 1636 est'
2576 1583 2637 1635 et
2682 1569 2840 1635 ‘uon
2887 1593 3054 1636 num·

448 1698 622 1759 quam
668 1676 965 1760 prandco'
1015 1690 1075 1742 et
1121 1676 1264 1742 ‘nec
1311 1700 1430 1743 non
1478 1692 1572 1744 est
1617 1682 1802 1744 libera
1850 1702 1947 1745 res
1995 1678 2189 1743 mihi'.

622 1786 901 1867 Rumigat
946 1787 1091 1849 nibil
1140 1797 1257 1868 est,
1303 1788 1406 1849 sed
1457 1792 1717 1850 ruminat
1763 1801 1823 1851 et
1870 1790 2130 1852 rumino,

625 1889 936 1955 ‘Dilibuit’
984 1895 1079 1955 dic
1127 1889 1528 1976 ‘unguento'‚
1575 1914 1695 1957 non
1742 1896 2006 1958 delibuit.

624 2000 826 2081 Vngue
874 2001 997 2084 dic,
1043 2019 1161 2062 non
1208 2020 1381 2081 unge.

360 2135 415 2176 15
622 2107 973 2189 Laquearia‚
1021 2126 1139 2168 non
1186 2107 1483 2169 lacunaria
1532 2107 1697 2187 [estJ.

630 2214 839 2277 Linteo
885 2223 1180 2276 mercator
1227 2214 1476 2276 dicetur.

624 2320 668 2381 Y
730 2321 990 2383 litteram
1055 2320 1214 2382 uulla
1278 2339 1388 2381 vox
1456 2330 1657 2383 nostra
1721 2322 2015 2384 adsciscit.
2127 2324 2259 2385 ideo
2325 2324 2637 2387 insultabis
2711 2323 2901 2405 gylam
2972 2324 3055 2384 di-

445 2427 740 2489 centibus,
2178 2446 2188 2453 ·

625 2534 747 2596 Sub
803 2535 936 2596 divo
995 2536 1273 2618 legimuS,
1327 2537 1599 2599 audimus
1655 2556 1797 2599 vero
1852 2538 1925 2599 de
1983 2557 2054 2597 eo
2111 2539 2270 2618 quod
2328 2538 2764 2619 subiungebaut
2827 2546 3058 2599 veteres

356 2670 414 2710 ω
445 2653 508 2703 ει
555 2641 828 2703 dicebant
874 2638 1018 2704 ‘sub
1066 2643 1199 2703 divo
1247 2639 1462 2705 caelo'.

623 2749 911 2811 Mat-tulus
959 2743 1174 2833 ἱερεύς
1219 2770 1251 2811 a
1296 2750 1512 2834 Marte,
1557 2771 1675 2813 non
1726 2752 2040 2814 marculus,

626 2857 808 2918 Saeva
856 2858 1069 2940 fameS,
1115 2877 1235 2919 non
1282 2858 1452 2919 famis
1499 2857 1835 2919 dicendum.

629 3107 657 3154 1
698 3099 869 3155 etiam
907 3115 1008 3154 om.
1047 3099 1101 3152 Β
1114 3098 1162 3154 0
1299 3099 1366 3153 ut
1399 3115 1500 3154 om.
1538 3097 1657 3152 BC'
1791 3100 1969 3154 nubes
2007 3117 2106 3154 om.
2140 3101 2216 3154 M
2355 3107 2387 3154 3
2426 3102 2554 3154 sunt
2592 3101 2813 3156 caenito
2848 3102 2967 3157 BC
3000 3105 3063 3158 ut

441 3179 631 3235 cenito
671 3180 746 3233 M
886 3179 1083 3234 dictito
1114 3180 1323 3234 cursito
1358 3179 1413 3232 Β
1434 3177 1482 3232 0
1513 3177 1719 3232 cursito
1747 3178 1947 3234 dictito
1989 3181 2064 3250 M
2203 3187 2237 3235 4
2275 3197 2342 3234 ex
2378 3180 2484 3234 hac
2513 3196 2572 3234 re
2610 3182 2746 3235 nota
2781 3184 2911 3236 sunt
2946 3181 3064 3236 BG

439 3276 511 3313 ex
558 3259 665 3312 hoc
708 3261 843 3314 nota
888 3259 1019 3312 sunt
1066 3258 1139 3310 M
1316 3264 1350 3311 4
1395 3258 1475 3312 ito
1519 3256 1826 3326 habitoque
1877 3259 1951 3311 M
1996 3260 2076 3314 ito
2114 3259 2380 3328 abitoque
2417 3257 2533 3313 ΒΟ
2564 3259 2644 3315 ito
2682 3259 2838 3315 abito
2876 3278 2929 3316 c:
2982 3262 3052 3329 cf.

438 3340 627 3394 Diom.
667 3356 728 3409 p.
768 3343 892 3405 344,
930 3344 1002 3394 33
1183 3343 1215 3392 5
1263 3337 1491 3393 consule
1529 3355 1819 3392 numerum
1866 3338 2144 3407 pluralem
2180 3341 2244 3393 ut
2289 3341 2426 3408 puta
2472 3338 2551 3393 sic
2602 3357 2835 3408 quaeres
2875 3340 2921 3394 0

440 3428 477 3475 6
516 3420 813 3474 dicendum
851 3437 949 3475 om.
990 3418 1106 3472 ΒΟ
1247 3420 1478 3489 pluralis
1516 3435 1640 3473 cum
1676 3417 1853 3472 faciat
1889 3420 1992 3472 hec
2027 3422 2193 3488 prata
2227 3436 2329 3474 nec
2364 3419 2668 3488 recipiatur
2702 3420 2764 3474 hi
2801 3420 2948 3490 prati
2989 3422 3063 3474 Μ

436 3499 943 3570 pluralinumerum
990 3502 1149 3568 (corr.
1190 3503 1295 3569 -ro)
1342 3501 1406 3552 ut
1448 3497 1637 3552 faciat·
1667 3499 1771 3554 hec
1819 3502 1984 3569 prata
2021 3516 2124 3555 nec
2170 3499 2408 3570 recipiat
2452 3500 2513 3554 hi
2559 3499 2709 3569 prati
2744 3499 2799 3553 B
2847 3500 3061 3570 plurali

436 3595 674 3633 numero
710 3581 776 3633 ut
810 3578 986 3634 faciat
1037 3580 1178 3633 haec
1224 3580 1391 3648 prata
1428 3594 1529 3632 nec
1564 3577 1803 3648 recipiat
1847 3579 1941 3634 hic
1988 3582 2148 3648 (corr.
2188 3580 2288 3647 hii)
2337 3578 2486 3649 prati
2524 3579 2571 3633 0
2744 3585 2777 3633 8
2823 3580 2927 3636 hoc
2976 3588 3064 3636 est

434 3658 628 3714 neutri
654 3675 754 3712 om.
784 3657 900 3713 BG
1039 3665 1071 3712 9
1109 3657 1331 3713 Confesi
1368 3661 1525 3726 (corr.
1566 3656 1902 3728 confessiua)
1939 3676 2051 3714 uox
2087 3657 2153 3714 fit
2187 3676 2257 3713 ex
2293 3658 2506 3728 duplici
2545 3675 2680 3714 uoce
2719 3660 2987 3715 abnotiua
3018 3659 3067 3714 0

552 3738 847 3811 abnutiva]
886 3740 1227 3809 abnegatiua
1262 3738 1319 3791 B
1444 3737 1630 3793 dicere
1667 3755 1767 3794 om.
1812 3737 1859 3792 0
2001 3746 2067 3794 10
2107 3739 2335 3794 ostende
2376 3738 2423 3793 0
2564 3744 2631 3794 13
2669 3740 2899 3805 fortasse
2935 3739 3059 3796 dili-

448 3817 580 3873 buit
614 3818 704 3873 dic
739 3822 1054 3889 unguento,
1091 3835 1202 3874 non
1240 3815 1482 3872 delibuit
1516 3815 1607 3872 dic
1751 3821 1999 3889 ungento
2034 3818 2151 3873 Bo
2302 3826 2368 3874 14
2404 3819 2564 3890 Ungc
2602 3818 2692 3873 dic
2727 3835 2840 3873 non
2873 3837 3061 3890 ungue

436 3963 544 4028 M,
580 3978 680 4019 om.
718 3964 775 4018 Β
792 3963 840 4018 0
982 3970 1046 4018 15
1084 3978 1196 4016 non
1232 3918 1484 4014 lacuaria
1524 3959 1571 4013 G
1693 3963 1778 4016 est
1815 3979 1916 4018 om.
1955 3961 2009 4014 Β
2027 3960 2074 4015 0
2209 3968 2274 4016 16
2311 3962 2572 4016 Linteum
2609 3963 2890 4015 mercatur
2926 3961 3060 4016 dici·

436 4045 536 4097 tur
578 4044 652 4097 Μ
686 4043 889 4099 Lintea
924 4047 1203 4100 mercatur
1241 4041 1446 4097 dicitur
1481 4055 1515 4098 ς
1689 4047 1753 4096 17
1802 4040 2088 4111 adsciscit]
2128 4040 2388 4095 adsciscit
2424 4045 2482 4095 et
2516 4041 2572 4094 B
2610 4040 2885 4095 adsciscet
2920 4058 3058 4096 corr.

437 4122 518 4177 -it
557 4121 605 4176 G
748 4130 811 4178 19
851 4125 965 4180 Sub
1004 4125 1137 4179 diuo
1177 4123 1417 4194 legimus
1455 4120 1773 4175 audiuimus
1813 4119 2054 4174 uero'de
2093 4135 2159 4173 eo
2196 4119 2330 4188 quia
2376 4120 2792 4190 subiungebant
2829 4122 2904 4175 M
2948 4120 3063 4176 Sub

434 4203 550 4282 diu·
579 4205 741 4274 (corr.
771 4203 887 4272 dio)
923 4205 1163 4275 legimus
1192 4202 1286 4257 uel
1322 4199 1576 4256 audimus
1613 4201 1683 4255 de
1713 4217 1778 4256 eo
1810 4199 1958 4269 quod
1998 4202 2085 4254 est
2121 4199 2536 4270 subiungebant
2561 4200 2618 4254 Β
2656 4201 2759 4255 sub
2796 4200 2889 4255 dio
2927 4200 3062 4270 legi-

432 4302 566 4339 mus
607 4282 865 4338 audimur
900 4301 1033 4339 uero
1072 4284 1177 4339 deo
1214 4284 1373 4351 (corr.
1413 4281 1515 4336 sub
1551 4280 1647 4335 diu
1683 4280 1926 4350 legimus
1963 4278 2056 4332 uel
2093 4277 2352 4333 audimur
2389 4279 2458 4333 de
2496 4284 2584 4350 eo)
2623 4280 2774 4349 quod
2811 4282 2897 4334 est
2933 4280 3059 4334 sub-

1918 4372 1949 4399 v

429 4416 753 4486 iungebant
790 4416 857 4472 0:
907 4416 1061 4487 Ver-9.
1098 4433 1274 4488 yeory.
1315 4417 1443 4471 III
1475 4406 1583 4470 435
1731 4413 1834 4468 sub
1872 4413 1966 4467 dio
2004 4413 2160 4468 caelo
2201 4412 2248 4467 0
2408 4419 2472 4468 21
2523 4413 2796 4468 Mai-tulus
2834 4414 2991 4469 ΙΡωΕ
3028 4431 3064 4468 a

431 4500 624 4553 marte
661 4514 771 4552 non
808 4497 1088 4552 marculus
1127 4498 1201 4551 M
1234 4496 1509 4552 Martulus
1547 4496 1635 4549 est
1671 4494 1934 4549 sacerdos
1970 4511 2007 4548 a
2044 4497 2223 4549 marte
2259 4511 2370 4549 non
2406 4493 2687 4548 marculus
2720 4493 2817 4547 Bc
2850 4495 3061 4548 martu-

430 4579 530 4632 lus
568 4579 657 4632 cst
691 4579 951 4634 sacerdos
988 4596 1024 4633 a
1058 4582 1238 4633 matre
1276 4594 1388 4631 non
1424 4573 1764 4629 masculinus
1804 4572 1861 4627 0.
1913 4590 1990 4627 an
2026 4573 2306 4629 Martialis
2345 4605 2410 4614 —
2449 4590 2561 4628 non
2597 4572 2918 4628 Marcialis?

432 4664 508 4713 22
556 4658 789 4725 fortasse
835 4675 996 4713 sacra
1038 4658 1239 4713 fames:
1286 4658 1356 4724 cf.
1406 4655 1562 4723 Very.
1602 4653 1738 4707 Aen.
1780 4653 1906 4706 III
1950 4658 2023 4708 57
2069 4653 2191 4708 auri
2241 4669 2402 4708 sacra
2445 4652 2639 4706 fames.
2700 4651 2872 4722 Capri
2899 4671 3060 4722 prae-

431 4742 599 4807 cepta
647 4739 714 4793 dc
760 4739 1123 4794 declinatione
1170 4740 1317 4794 vocis
1357 4735 1550 4806 posuit
1598 4734 1895 4802 Pompeius
1936 4751 1999 4803 p.
2051 4738 2177 4802 175,
2226 4738 2300 4787 30
2352 4732 2491 4787 haec
2549 4731 2727 4787 fames
2775 4762 2840 4771 —-
2886 4733 3063 4790 habes

433 4820 551 4874 hoc
599 4817 655 4872 in
703 4817 884 4888 Capro
932 4818 1001 4873 de
1044 4817 1239 4888 lingua
1289 4816 1498 4882 latina,
1552 4831 1663 4869 non
1710 4814 1779 4869 de
1827 4813 2010 4869 dubiis
2055 4812 2378 4884 generibus:
2425 4812 2496 4878 cf.
2547 4813 2765 4881 explan.
2816 4813 2880 4866 in
2915 4812 3062 4869 Don.

422 4917 494 4971 p.
534 4902 674 4965 496,
710 4905 748 4954 8
2301 4903 2305 4907 Α
