3613 5528
580 389 661 452 16
1270 384 1285 397 “
1548 388 1906 445 TERENTII
1942 388 2207 445 SCAVRI

567 499 611 535 p.
638 487 757 529 2253.
786 489 841 529 54
865 489 902 528 P

569 574 931 652 significaret
977 582 1370 653 quaestorem,
1418 583 1479 635 et
1525 576 1660 654 quia
1709 594 1847 635 cum
1886 573 1980 634 illa
2020 592 2058 634 u
2107 573 2303 634 littera
2351 576 2668 654 conspirat,
2717 577 2993 654 quotiens
3041 593 3178 636 cou-

569 682 833 741 sonantis
879 680 1009 741 loco
1055 662 1325 763 ponitur,
1374 681 1431 742 id
1481 690 1572 743 est
1617 701 1726 762 pro
1774 700 1884 743 vau
1933 681 2156 762 littera,
2212 691 2281 742 ut
2328 683 2459 761 quis
2507 690 2569 742 et
2615 681 2821 761 qualis
2916 681 3072 742 unde
3121 691 3182 742 et

574 784 785 847 Gracci
833 806 1045 868 coppa,
1093 787 1250 868 quod
1299 807 1408 869 pro
1455 790 1566 851 hac
1611 788 1937 870 ponebant,
1984 790 2344 872 omiserunt,
2401 799 2712 869 postquam
2762 807 2872 849 usu
2923 807 3179 869 quoque,

570 892 727 972 qnod
776 893 992 955 auxilio
1041 897 1170 957 eius
1216 894 1449 956 litterae
1486 914 1615 983 ¹non
1664 893 2033 976 indigebant,
2080 913 2513 975 supervacuum
2563 897 2752 957 visum
2800 904 2909 957 cst.
3125 913 3158 945 ²

743 1000 1028 1080 Sequitur
1065 1012 1133 1064 ut
1171 1002 1667 1084 demonstremuS,
1710 1020 1860 1082 quae
1900 1002 2095 1063 littera
2136 1011 2237 1064 aut
2273 1005 2560 1082 praeponi
2598 1005 2787 1083 possit
2823 1011 2926 1063 aut
2962 1002 3173 1065 subici.
3204 1020 3232 1059 5

570 1126 601 1166 a
639 1108 820 1186 igitur
858 1107 1053 1168 littera
1100 1112 1437 1189 praeposita
1475 1118 1568 1172 est
1603 1130 1641 1172 ιι
1682 1118 1743 1169 et
1779 1128 1813 1169 e
1851 1108 2084 1188 litteris,
2132 1127 2199 1169 ae
2238 1127 2331 1191 au,
2379 1109 2700 1171 subiectiva
2741 1127 2880 1170 vero
2918 1129 2960 1170 u
2995 1104 3040 1187 †
3078 1128 3173 1171 ve·

566 1231 700 1274 rum
747 1233 786 1274 u
835 1216 1108 1293 sequitur
1164 1226 1232 1276 ut
1278 1235 1352 1278 au
1401 1223 1461 1276 et
1507 1214 1660 1294 apud
1709 1216 1987 1293 antiquos
2031 1217 2051 1274 i
2098 1213 2294 1276 littera
2342 1234 2452 1295 pro
2500 1233 2568 1276 ea
2621 1214 3021 1297 scribebatur,
3062 1213 3071 1296 Ι
3113 1227 3182 1279 ιιι

562 1328 857 1381 testantur
903 1322 1395 1404 μεταπλασμοί,
1456 1325 1518 1383 in
1567 1320 1786 1401 quibus
1834 1328 1927 1381 est
1973 1323 2101 1382 eius
2151 1322 2309 1383 modi
2360 1321 2714 1401 syllabarum
2764 1321 3055 1403 diductio,
3113 1333 3181 1383 ιιι

452 1412 458 1418 ’
562 1422 826 1506 ‘pictai
874 1424 1132 1489 vestis'
1171 1439 1230 1491 et
1269 1425 1489 1491 ‘aulai
1527 1423 1790 1490 medio'
1830 1446 1939 1507 pro
1976 1430 2168 1508 pictae
2200 1437 2261 1489 et
2296 1428 2479 1490 aulae.
2545 1429 2648 1489 sed
2677 1430 2863 1508 magis
2891 1432 2951 1489 in
2993 1430 3107 1490 illis
3145 1449 3177 1490 e

562 1536 878 1595 novissima
926 1545 1112 1618 sonat,
1159 1547 1219 1598 et
1264 1547 1581 1619 propterea
1629 1538 1857 1621 antiqui
1904 1554 2140 1615 quoque
2170 1536 2533 1598 Graecorum
2581 1535 2731 1597 banc
2761 1536 3039 1616 syllabam
3066 1556 3177 1617 per
3207 1558 3263 1597 10

742 1731 772 1779 7
810 1725 832 1779 i
868 1725 1061 1781 littera
1096 1744 1197 1797 pro
1235 1743 1304 1782 ea
1340 1728 1686 1783 scribebatur
1715 1743 1775 1797 p.
1815 1728 1909 1793 24,
1947 1730 2020 1778 10

742 1902 769 1948 1
808 1894 1151 1964 significaret
1177 1914 1214 1965 q
1243 1900 1594 1973 quaestorem
1621 1895 1798 1949 ΒΡω
1945 1899 1978 1946 2
2006 1909 2108 1963 pro
2136 1910 2248 1948 vau
2273 1895 2486 1966 littera]
2515 1912 2616 1965 pro
2645 1912 2719 1950 ua
2746 1916 2788 1950 ω
2933 1900 2965 1949 3
2996 1913 3178 1966 eoppa
3214 1950 3219 1954 .

561 1974 738 2046 quod]
776 1976 941 2044 copia
977 1992 1147 2044 quam
1182 1976 1310 2029 BP
1340 1974 1541 2032 κάππα
1577 1974 1730 2045 quod
1768 1994 1838 2042 ω,
1877 1974 1975 2028 ubi
2011 1968 2208 2027 κόππα
2241 1977 2586 2030 scribendum
2623 1992 2731 2030 esse
2776 1976 2920 2030 vidit
2955 1976 3178 2031 Schnei-

560 2055 723 2109 derus
757 2071 983 2124 qramm.
1022 2057 1115 2109 lat.
1157 2073 1201 2109 υ.
1243 2057 1286 2109 Ι
1310 2075 1371 2125 p.
1411 2062 1529 2113 322
1746 2060 1781 2108 4
1828 2070 1939 2122 quo
1978 2054 2188 2108 auxilio
2226 2054 2343 2109 eius
2388 2055 2586 2110 literae
2623 2073 2732 2110 non
2768 2055 3096 2125 indigebant
3133 2074 3194 2110 ω,

562 2134 712 2203 quod
748 2135 947 2189 auxilii
982 2135 1100 2192 eius
1135 2138 1360 2192 litterae
1397 2154 1510 2192 non
1546 2135 1843 2206 indigebat
1880 2134 1937 2187 P
1969 2151 2080 2203 quo
2117 2133 2327 2188 auxilio
2365 2134 2483 2188 eius
2518 2134 2741 2189 litterae
2779 2134 3069 2204 indigebat
3103 2135 3174 2188 Β.

559 2215 791 2281 fortasse
828 2212 927 2283 qui
964 2217 1173 2272 auxilio
1212 2218 1329 2273 eius
1368 2218 1589 2273 litterae
1624 2232 1737 2271 non
1774 2213 2070 2283 indigebat
2194 2219 2226 2267 ὅ
2266 2231 2412 2283 quae
2449 2214 2664 2285 littera]
2705 2232 2772 2283 .q.
2816 2214 3007 2269 littera
3041 2215 3098 2267 Β

557 2296 659 2346 aut
678 2291 949 2363 praeponi
969 2299 1070 2350 aut
1089 2296 1288 2352 subiici
1306 2297 1487 2368 possit
1511 2297 1566 2350 P
1662 2296 1749 2349 De
1767 2294 2151 2349 coniunctione
2166 2296 2438 2350 vocalium
2456 2297 2676 2365 quaein
2695 2295 2972 2349 codicibus
2992 2296 3178 2365 lequu-

558 2378 653 2426 tur
672 2373 757 2426 ita
786 2379 1047 2443 corrupta
1073 2382 1220 2445 mat,
1240 2384 1303 2432 ut
1330 2379 1498 2433 verba
1524 2375 1872 2447 mammatici
1900 2379 2047 2428 certa
2074 2375 2385 2430 coniectura
2411 2375 2629 2430 restitui
2656 2380 2940 2444 nequeant.
2968 2391 3100 2428 nam
3129 2381 3180 2431 et

557 2470 697 2522 quae
732 2455 799 2507 de
835 2469 865 2508 e
901 2457 1081 2510 vocali
1118 2464 1416 2527 praecepta
1451 2462 1609 2512 erant
1648 2456 1960 2524 perierunt,
2006 2461 2057 2509 et
2103 2456 2440 2525 reliquarum
2474 2456 2746 2510 vocalium
2782 2457 2916 2509 ordo
2955 2460 3177 2524 pertur-

560 2534 721 2588 batus
765 2538 870 2600 est,
914 2552 1084 2604 neq-uc
1127 2555 1268 2607 quae
1312 2541 1377 2593 dc
1410 2550 1519 2593 usu
1555 2538 1909 2604 antiquorum
1951 2537 2344 2603 yrammaticus
2377 2536 2736 2589 adnotaverat
2781 2540 2918 2589 recte
2965 2535 3180 2589 tradita

562 2619 708 2670 suut.
764 2630 936 2683 quare
977 2618 1178 2683 paucis
1222 2618 1519 2673 emendatis
1561 2616 1897 2682 scripturam
1942 2615 2185 2668 codicum
2229 2616 2453 2669 retinui.
2511 2619 2739 2669 ceterum
2786 2619 2951 2683 aptus
2994 2630 3178 2668 rerum

559 2696 694 2749 ordo
731 2695 830 2749 hoc
863 2696 976 2761 fere
1002 2697 1160 2750 modo
1187 2699 1405 2751 restitui
1432 2701 1636 2767 potest.-
1673 2694 1723 2748 A
1759 2694 1933 2764 igitur
1969 2694 2161 2749 littera
2196 2694 2578 2766 praepositiva
2610 2696 2697 2749 est
2733 2710 2763 2748 e
2792 2696 2852 2748 et
2878 2711 2914 2745 ιι
2950 2690 3175 2761 litteris,

560 2776 626 2829 ut
662 2791 729 2828 ae
767 2791 865 2842 au;
906 2774 1219 2830 subiectiva
1254 2794 1385 2833 vero
1422 2778 1445 2832 i
1482 2781 1540 2832 et
1576 2795 1637 2845 u,
1688 2778 1751 2830 ut
1785 2775 1846 2829 ia
1882 2793 1970 2830 ua.
2028 2778 2089 2830 et
2123 2775 2273 2845 apud
2324 2775 2585 2845 antiquos
2623 2776 2652 2842 i„
2679 2776 2873 2829 littera
2910 2772 3175 2842 sequitur,

563 2854 830 2922 quoniam
868 2854 889 2909 i
924 2871 1026 2925 pro
1062 2872 1094 2909 e
1132 2854 1527 2926 scribebatur:
1544 2860 1610 2912 ιιι
1643 2859 1923 2911 testantur
1960 2859 2368 2927 μεταπλασμοί,
2404 2855 2463 2909 in
2501 2857 2703 2925 quibus
2742 2856 2829 2909 est
2865 2854 2984 2907 eius
3023 2855 3176 2909 modi

558 2934 899 3004 syllabarum
936 2933 1214 3006 diductio,
1250 2939 1314 2991 ut
1353 2937 1559 3008 ‘pictai
1596 2936 1797 2991 vestis'
1840 2938 1898 2990 et
1938 2935 2126 2990 ‘aulai
2160 2935 2376 2990 medio’
2410 2952 2510 3006 pro
2540 2936 2725 3005 pictae
2755 2934 2815 2987 et
2842 2932 3020 2987 aulae.
3077 2933 3177 2986 sed

558 3014 741 3084 magis
777 3014 837 3068 in
872 3012 987 3069 inis
1025 3030 1055 3069 e
1094 3017 1397 3071 novissima
1434 3019 1626 3087 sonat,
1676 3020 1733 3073 et
1777 3018 2080 3086 propterea
2116 3014 2335 3084 antiqui
2384 3032 2605 3085 quoque
2644 3015 2980 3070 Graecorum
3032 3011 3177 3065 hanc

559 3097 837 3165 syllabam
873 3111 976 3165 per
1007 3094 1103 3148 ΑΕ
1141 3097 1428 3167 scripsisse
1462 3098 1774 3153 traduntur.
1836 3111 1867 3149 e
1902 3094 2098 3148 littera
2133 3094 2479 3163 praeiectiva
2517 3097 2604 3149 est
2638 3093 2660 3147 i
2696 3096 2755 3147 et
2790 3110 2828 3145 ιι
2864 3089 3085 3156 litteris,
3114 3095 3178 3144 ut

557 3177 612 3231 ei
647 3193 746 3243 eu,
785 3173 1099 3231 subiectiva
1133 3183 1264 3232 v'ero
1299 3177 1556 3231 omnibus
1593 3175 1907 3244 vocalibus,
1949 3176 2014 3228 ιιι
2049 3190 2116 3228 ae
2144 3173 2196 3228 ie
2226 3190 2292 3228 oe
2320 3192 2407 3229 ue.
2462 3174 2486 3227 i
2520 3176 2715 3230 littera
2753 3191 2880 3226 cum
2917 3173 3175 3227 omnibus

552 3255 840 3311 vocalibus
875 3256 1239 3327 praeiciatur‚
1279 3258 1421 3312 nulli
1458 3257 1732 3312 subicitur
1775 3255 1883 3310 nisi
1918 3273 1956 3309 u
2003 3255 2256 3322 litterae,
2304 3258 2369 3309 ut
2403 3254 2519 3310 vidi
2556 3255 2669 3324 vir,
2727 3252 2833 3309 nisi
2872 3251 3174 3306 secundum

556 3336 818 3405 antiquos
847 3336 966 3390 eius
995 3336 1145 3391 modi
1176 3337 1453 3406 syllabae,
1492 3336 1572 3391 loi
1599 3339 1658 3391 et
1686 3335 1826 3404 moi,
1863 3352 1963 3404 per
1991 3334 2047 3389 oi
2076 3335 2486 3405 scribebantur,
2525 3352 2638 3390 non
2673 3352 2775 3407 per
2804 3351 2888 3389 oe.
2943 3351 2977 3388 o
3013 3343 3192 3404 prae·‘

554 3415 763 3470 iectiva
792 3417 876 3469 est
903 3431 933 3469 e
960 3415 1208 3486 litterae,
1247 3420 1314 3472 ut
1341 3434 1433 3485 oe,
1473 3418 1533 3471 et
1569 3415 1876 3471 secundum
1904 3413 2168 3482 antiquos
2197 3414 2254 3469 in
2285 3416 2482 3470 eadem
2513 3416 2736 3486 syllaba
2762 3414 3110 3470 scribebatur
3136 3413 3173 3469 i.

556 3514 595 3549 ιι
630 3495 825 3550 littera
861 3495 1119 3552 omnibus
1146 3498 1434 3553 vocalibus
1471 3499 1530 3551 et
1564 3495 1907 3566 praeiectiva
1935 3497 1994 3549 et
2019 3491 2332 3549 subiectiva
2361 3497 2664 3564 consentit,
2702 3498 2766 3550 ιιι
2799 3512 2873 3550 va
2901 3511 2968 3550 ve
2997 3494 3055 3549 vi
3083 3511 3175 3564 vo,

556 3574 618 3629 in
655 3573 858 3643 quibus
895 3574 1131 3643 syllabis
1169 3595 1279 3632 non
1316 3575 1557 3644 vocalis,
1596 3575 1692 3631 sed
1732 3575 2090 3631 consonantis
2127 3575 2308 3630 vicem
2345 3578 2625 3646 praestat:
2672 3579 2761 3632 est
2795 3575 2944 3630 enim
2987 3574 3177 3645 posita

558 3671 661 3725 pro
706 3652 1019 3723 digamma,
1069 3656 1236 3724 quod·
1265 3658 1495 3726 quidam
1542 3656 1879 3710 Graecorum
1927 3654 2101 3709 etiam
2146 3672 2256 3709 vau
2295 3657 2616 3725 appellant:
2663 3659 2724 3709 et
2772 3672 2958 3709 rursus
2996 3671 3069 3708 au
3106 3671 3176 3708 eu

555 3736 617 3790 iu
655 3751 744 3789 ou.
892 3739 924 3788 6
962 3751 997 3787 a
1035 3741 1161 3791 ante
1196 3737 1370 3806 igitur
1406 3755 1506 3793 om.
1540 3737 1674 3804 Pm,
1712 3738 1839 3792 add.
1869 3735 1924 3788 Β
1962 3741 2012 3791 et
2043 3735 2341 3790 Putschius
2482 3755 2520 3791 u
2548 3740 2607 3791 et
2636 3754 2665 3792 e
2702 3735 2889 3789 littere
2922 3750 2989 3787 ae
3018 3735 3077 3787 et
3103 3747 3177 3786 au

558 3813 871 3871 subiectiva
916 3829 1049 3867 uero
1097 3833 1292 3872 uerum
1341 3838 1409 3873 Ν.
1460 3817 1617 3887 sequi
1662 3820 1729 3872 ut
1764 3837 1835 3874 .u.
1875 3833 1961 3870 au.
2001 3811 2066 3870 ut
2110 3816 2251 3885 aput
2294 3815 2559 3886 antiquos
2606 3831 2738 3871 uero
2776 3814 2799 3867 i
2833 3813 3027 3867 littera
3071 3828 3175 3881 pro

560 3912 628 3951 ae
667 3893 1017 3950 scribebatur
1057 3893 1113 3946 P
1146 3913 1219 3950 ua
1257 3899 1315 3952 et
1352 3916 1407 3967 e,
1455 3898 1635 3953 literis
1673 3915 1704 3953 e
1742 3900 1806 3952 ut
1841 3915 1880 3951 ιι
1917 3894 2231 3950 subiectiua
2275 3912 2408 3951 uero
2445 3914 2510 3950 u:
2556 3898 2623 3949 ut
2659 3912 2747 3948 au.
2824 3893 2987 3963 Apud
3034 3893 3178 3947 anti·
3251 3929 3254 3932 -

561 3992 701 4044 quos
738 3989 874 4029 uero
911 3972 931 4026 i
967 3972 1134 4028 litera
1178 3992 1280 4044 pro
1320 3994 1350 4031 e
1387 3978 1737 4033 scribebatur
1782 3998 1844 4032 ω.
1918 3981 2232 4044 corruptam
2282 3977 2483 4031 codicis
2518 3976 2575 4028 Β
2620 3977 2952 4043 scripturam
3001 3989 3177 4041 supra

555 4055 793 4110 exhibui.
922 4059 955 4108 8
993 4051 1515 4118 ΜΕΤὰὸΠὸΕΜΟΥ
1552 4058 1607 4111 Β
1644 4049 2142 4115 metaarruacmou
2185 4056 2251 4111 P.
2290 4057 2353 4110 in
2378 4057 2747 4125 ntetaplasmis
2773 4057 2911 4111 duos
2944 4055 3178 4124 Vergilii

551 4151 740 4190 versus
789 4135 888 4203 qui
935 4144 1237 4205 sequuntur
1280 4142 1586 4208 posueruut
1634 4138 1923 4192 Diomedes
1963 4155 2025 4206 p.
2073 4141 2206 4202 440,
2252 4142 2324 4190 10
2374 4141 2424 4190 ct
2470 4153 2530 4204 p.
2570 4140 2710 4202 442,
2755 4142 2821 4189 11
2874 4141 2924 4189 et
2984 4135 3176 4190 Verrio

553 4216 767 4270 Flacco
804 4218 1023 4268 auctore
1057 4232 1193 4271 usus
1232 4219 1528 4288 Pompeius
1554 4235 1615 4286 p.
1654 4221 1787 4285 297,
1825 4221 1934 4272 28:
1970 4217 2041 4281 cf.
2093 4215 2201 4270 Vel.
2241 4215 2402 4284 Louy
2454 4232 2508 4282 p.
2547 4221 2714 4272 2222
2758 4215 3035 4269 Priscian.
3069 4215 3103 4270 ζ.
3137 4214 3179 4265 Ι

546 4313 607 4365 p.
647 4299 740 4362 37,
776 4297 848 4347 15
976 4294 1236 4352 deductio
1273 4298 1448 4354 BPm
1578 4305 1610 4352 9
1647 4298 1852 4369 pictai]
1895 4296 2048 4364 Ver-9.
2079 4295 2215 4350 Aen.
2257 4295 2476 4349 VIIII
2508 4302 2588 4352 26
2697 4294 2868 4350 aulai
2903 4292 3090 4348 medio
3124 4293 3180 4345 P

555 4375 710 4431 aulai
744 4373 805 4427 in
838 4371 1024 4427 medio
1062 4375 1180 4429 Βω
1219 4383 1270 4432 et
1316 4379 1502 4433 Velius
1538 4379 1792 4448 Longus.-
1842 4376 1995 4445 Verq.
2025 4374 2163 4430 Aen.
2204 4376 2331 4428 III
2365 4381 2474 4431 354
2621 4383 2686 4431 10
2722 4377 3026 4445 propterea
3066 4374 3173 4428 Ρω

556 4457 853 4525 praeterea
887 4452 943 4506 Β
1158 4473 1258 4525 per
1304 4475 1371 4512 ae
1419 4457 1705 4528 scripsisse
1743 4457 1798 4510 Β
1846 4462 1895 4510 et
1946 4455 2270 4522 Fut-schim,
2314 4473 2418 4525 per
2454 4473 2521 4511 ea
2558 4456 2844 4526 scripsisse
2887 4456 2943 4510 P
2975 4474 3077 4526 per
3111 4476 3174 4511 αι

557 4534 843 4606 scripsisse
882 4555 942 4589 ω.
997 4535 1062 4588 iu
1109 4552 1176 4591 ae
1223 4538 1557 4608 diphtbouyo
1598 4554 1704 4606 pro
1741 4554 1777 4592 a
1823 4537 2105 4592 scribendo
2141 4537 2375 4592 Latinos
2410 4538 2640 4592 Aeolum
2689 4552 2886 4591 morem
2932 4537 3176 4590 imitatos

555 4633 665 4671 esse
699 4617 850 4671 docet
890 4614 1223 4684 Priscianus
1260 4620 1292 4672 l.
1333 4635 1378 4673 c.
1411 4636 1468 4687 p.
1508 4623 1600 4683 38,
1636 4621 1689 4682 4,
1739 4615 1971 4685 ponitur
2014 4634 2116 4686 pro
2154 4636 2184 4673 e
2221 4620 2419 4689 longa,
2465 4618 2531 4671 ιιι
2577 4633 2781 4672 scaena
2830 4632 2929 4685 pro
2977 4610 3174 4686 σκηνή,

556 4700 614 4752 et
648 4712 751 4767 pro
788 4711 853 4762 a,
889 4696 954 4748 ut
990 4696 1357 4769 Aesculapius
1393 4715 1494 4768 pro
1527 4692 1870 4765 Ἀσκληπιός,
1907 4697 1963 4752 in
2002 4716 2113 4768 quo
2152 4698 2339 4753 Aeolis
2377 4697 2686 4766 sequimur:
2724 4695 2811 4749 illi
2848 4696 2998 4751 enim
3036 4692 3174 4766 νύμ-

562 4797 701 4846 φαις
729 4795 828 4846 pro
857 4772 1091 4850 νύμφας
1120 4780 1178 4832 et
1205 4784 1405 4848 φαῖσιν
1431 4794 1533 4848 pro
1563 4779 1741 4846 φασίν
1770 4776 1991 4846 dieunt,
2029 4779 2128 4833 ubi
2163 4796 2424 4848 νυμφαες
2460 4783 2510 4832 ct
2546 4795 2755 4848 φαεσιν
2783 4792 2893 4846 pro
2921 4771 3176 4847 νύμφαις

562 4863 610 4913 ct
648 4864 848 4929 φαῖσιν
884 4860 948 4912 in
986 4859 1142 4915 bonis
1178 4860 1456 4915 codicibus
1503 4859 1717 4928 ἱερέων.
1774 4858 1841 4913 de
1878 4874 1944 4913 oe
1989 4857 2323 4928 diphthonyo
2360 4859 2503 4913 idem
2547 4858 2721 4914 tradit
2758 4873 2820 4927 p.
2859 4861 2951 4925 40,
2987 4861 3023 4911 4
3070 4871 3174 4913 neo
