3613 5528
1367 424 1465 482 DE
1505 424 2085 484 ORTHOGRAPHIA
2901 424 3025 489 161

422 539 466 578 p.
493 529 609 570 2292.
641 528 693 569 ss
719 527 771 567 P.

425 620 744 693 sartorum;
793 610 909 690 [et]
950 613 1001 673 si
1037 629 1069 671 a
1110 609 1257 692 pilo,
1291 631 1360 694 p,
1399 619 1464 674 ut
1502 612 1787 693 foi-picea,
1826 629 1976 690 quae
2016 619 2158 671 sunt
2195 620 2532 691 tonsorum3
2570 612 2618 671 si
2658 628 2690 670 a
2728 610 3034 690 capiendo,

424 740 484 802 c,
538 728 603 781 ut
654 720 943 801 forcipe8‚
997 736 1069 779 eo
1125 716 1282 797 quod
1341 718 1598 779 formum
1652 720 1912 800 capiant,
1970 736 2122 798 quae
2178 725 2319 779 sunt
2373 717 2693 780 fabrorum.
2777 718 3032 779 formum

425 829 577 888 enim
625 826 904 887 dixerunt
950 826 1178 904 antiqui
1226 824 1509 907 calidum,
1554 825 1712 887 unde
1759 833 1852 887 est
1899 826 2212 886 formosus.
2314 838 2320 846 ’

598 932 820 1013 Vulgus
859 930 1086 993 vultum
1131 951 1379 1011 parvum
1428 942 1663 995 torvum
1700 942 1844 995 sunt
1890 937 1989 1013 qui
2037 943 2249 1014 putant
2293 951 2403 1014 per
2448 934 2566 995 duo
2605 952 2643 993 u
2684 932 2865 995 scribi
2914 951 3033 993 non

367 1050 393 1090 5
421 1039 666 1121 debere,
712 1037 870 1119 quod
917 1037 1127 1098 similis
1162 1039 1381 1100 vocalis
1418 1040 1603 1101 vocali
1649 1040 1926 1102 adiuncta
1973 1059 2091 1101 non
2139 1039 2331 1101 solum
2377 1058 2496 1100 non
2544 1039 2883 1122 cohaereat,
2928 1037 3033 1099 sed

420 1149 593 1208 etiam
634 1144 911 1226 syllabam
950 1154 1179 1226 augeat,
1226 1155 1293 1207 ut
1330 1154 1423 1208 est
1460 1165 1679 1208 vacuus
1716 1148 2015 1225 ingenuus
2053 1146 2338 1208 occiduus
2376 1148 2625 1225 exiguus
2661 1148 3035 1227 perspicuus,

423 1261 482 1314 et
533 1255 595 1313 in
642 1251 841 1313 verbis
895 1260 1170 1313 metuunt
1214 1253 1488 1316 tribuunt
1549 1260 1833 1315 statuunt.
1911 1252 2014 1314 sed
2061 1251 2261 1313 Velius
2305 1251 2544 1332 Longus
2589 1270 2698 1331 per
2744 1253 3032 1312 rationem

384 1366 859 1437 ³praesumptam
907 1357 1103 1439 decipi
1151 1377 1253 1420 eos
1299 1366 1497 1442 putat,
1545 1361 1647 1439 qui
1691 1360 2030 1440 primitivus
2078 1368 2138 1420 et
2183 1359 2491 1439 adoptivus
2535 1366 2595 1419 et
2642 1358 3034 1433 nominativus

422 1473 480 1525 et
518 1464 651 1525 talia
689 1483 797 1544 per
836 1484 876 1525 ιι
916 1474 976 1526 et
1013 1485 1048 1524 o
1088 1464 1369 1526 scribant.
1436 1484 1570 1527 nam
1608 1466 1779 1527 aliter
1818 1464 2103 1541 scribere,
2131 1465 2302 1528 aliter
2338 1466 2726 1546 pronuntiare
2764 1463 3034 1525 vecordis

341 1584 392 1623 10
420 1578 526 1631 est.
609 1589 745 1633 cum
802 1574 960 1633 enim
1014 1590 1126 1653 per
1180 1591 1216 1632 o
1272 1571 1561 1655 scribant,
1613 1591 1724 1652 per
1779 1592 1818 1633 u
1876 1574 2204 1634 enuntiant.
2285 1581 2594 1653 praeterea
2658 1573 2760 1651 qui
2826 1578 3035 1631 contra

418 1679 709 1761 sentiunt,
755 1697 872 1740 non
919 1686 1315 1760 respexerunt
1362 1675 1604 1756 [unum]
1651 1698 1693 1740 u
1741 1682 1962 1740 totiens
2007 1680 2388 1740 consonantis
2431 1682 2550 1740 vim
2595 1678 2843 1760 habere,
2890 1695 3032 1757 quo-

418 1787 571 1845 tiens
624 1768 736 1864 pro
781 1792 1145 1846 consonante
1180 1787 1472 1873 ponitur,
1529 1803 1679 1865 quae
1736 1784 1893 1866 apud
1941 1784 2198 1846 Graecos
2253 1785 2588 1864 digammon
2635 1791 2909 1864 vocatur3
2964 1800 3033 1843 ac

419 1892 504 1951 sic
559 1892 688 1952 fieri
744 1901 811 1967 ut
867 1893 1266 1954 nominativus
1312 1889 1458 1952 duas
1506 1891 1744 1971 quidem
1792 1910 1833 1952 ιι
1879 1891 2110 1953 litteras
2157 1890 2397 1971 habeat,
2454 1889 2558 1951 sed
2613 1891 2876 1969 priorem
2921 1906 3033 1969 pro

421 2008 807 2082 consonante,
858 2000 1253 2080 posteriorem
1298 2016 1409 2078 pro
1456 1997 1641 2059 vocali
1687 1997 1916 2059 scilicet
1969 2000 2239 2078 positam.
2313 1999 2400 2058 sic
2445 2005 2507 2057 et
2551 1994 2814 2057 Donatus
2873 1993 3034 2076 dicit,

345 2115 396 2155 1⁵
423 2106 697 2182 quotiens
743 2125 781 2166 u
830 2114 891 2167 et
935 2107 956 2166 i
1003 2124 1110 2167 seu
1156 2103 1271 2166 sibi
1326 2123 1434 2166 seu
1481 2105 1611 2166 aliis
1657 2103 1960 2166 vocalibus
2013 2112 2489 2186 praeponuntur,
2548 2102 2677 2163 loco
2731 2099 3033 2161 habendas

422 2228 550 2271 esse
598 2214 1067 2275 consonantium.

596 2317 867 2401 Hiemps,
922 2326 990 2380 ut
1045 2318 1331 2380 Caesellio
1386 2319 1647 2400 videtur,
1701 2337 1740 2399 p
1793 2317 2015 2379 habere
2071 2327 2208 2399 post
2252 2336 2311 2378 m
2365 2316 2624 2379 litteram
2670 2333 2790 2376 non
2837 2313 3033 2395 debet,

330 2488 337 2493 ,
424 2423 577 2502 quod
624 2427 770 2486 satis
807 2427 937 2486 sine
976 2444 1041 2486 ea
1079 2425 1277 2487 littera
1327 2424 1502 2504 [non]
1553 2433 1752 2507 sonet,
1798 2425 1890 2486 vel
1937 2423 2096 2505 ‹filod
2141 2444 2252 2505 per
2288 2442 2495 2486 omnes
2532 2441 2707 2485 casus
2744 2439 2820 2482 ne
2858 2421 3032 2481 vesti-

422 2531 578 2608 gium
634 2530 875 2611 quidem
932 2532 1093 2594 illius
1147 2541 1441 2613 appareat.
1525 2534 1753 2613 sumpsi
1808 2538 2005 2593 autem
2063 2533 2369 2610 quaeritur
2425 2549 2500 2592 an
2566 2530 2756 2611 possit
2808 2530 2936 2589 sine
2991 2546 3031 2608 p

349 2649 401 2689 2⁰
425 2634 614 2698 littera
653 2657 884 2721 sonare,
930 2646 998 2700 ut
1041 2638 1261 2719 hiems;
1309 2636 1414 2699 sed
1464 2638 1620 2718 quod
1659 2646 1720 2699 et
1754 2640 1818 2699 in
1856 2638 1964 2699 alia
2001 2636 2394 2699 declinatione
2430 2657 2470 2719 p
2508 2636 2849 2718 respondet,
2895 2652 3031 2695 cum

425 2741 670 2807 dicimus
716 2752 991 2827 sumptus
1038 2753 1415 2827 sumpturuS,
1461 2747 1797 2807 necessario
1843 2762 1953 2826 per
1996 2763 2036 2824 p
2084 2743 2264 2806 scribi
2310 2743 2504 2807 debet.
2691 2732 2698 2739 ’

594 2853 640 2912 Α
687 2862 748 2915 et
793 2852 867 2913 ab
913 2862 975 2914 et
1020 2852 1124 2914 abs
1170 2858 1231 2912 et
1277 2870 1351 2912 au
1396 2854 1869 2932 praepositiones
1905 2853 2084 2912 unius
2121 2854 2359 2930 generis
2394 2860 2560 2932 sunt,
2607 2859 2674 2912 ut
2711 2867 2849 2911 cum
2886 2847 3029 2909 dici·

423 2974 551 3017 mus
596 2978 627 3018 a
676 2977 795 3040 me,
842 2959 916 3020 ab
962 2960 1087 3043 illo,
1135 2957 1378 3042 abstuli,
1432 2959 1651 3039 aufugi.
1726 2958 1831 3020 sed
1879 2956 2313 3019 observandum
2361 2966 2427 3019 ut
2473 2965 2616 3018 tunc
2662 2955 2736 3017 ab
2781 2973 3030 3036 praepo·

424 3065 556 3124 sitio
601 3064 923 3147 scribatur,
970 3070 1247 3146 quotiens
1292 3067 1447 3145 parti
1494 3064 1738 3126 cuilibet
1783 3066 2069 3126 orationis
2118 3065 2525 3145 coniungitur,
2573 3081 2723 3142 quae
2765 3079 2798 3122 a
2844 3060 3029 3122 vocali

343 3185 395 3224 2⁵
424 3170 684 3252 incipiat,
740 3191 813 3233 ne
871 3173 1052 3235 dictio
1108 3171 1309 3234 multis
1364 3170 1830 3233 consonantibus
1884 3179 2194 3232 oneretur:
2250 3171 2300 3231 si
2357 3189 2497 3230 vero
2543 3188 2575 3230 a
2616 3168 2628 3242 Ι
2667 3176 3029 3231 consonante

424 3285 557 3355 pars
601 3280 793 3358 aliqua
840 3282 938 3341 cui
983 3282 1369 3361 praeponitur
1416 3281 1686 3363 incipiat,
1750 3297 1870 3340 non
1918 3288 2010 3340 est
2055 3277 2325 3359 ponenda
2370 3277 2444 3339 ab
2488 3279 2878 3360 praepositio,
2924 3275 3029 3337 sed

594 3502 627 3549 4
662 3495 881 3566 Vulgus
922 3495 1034 3551 Vel.
1071 3495 1249 3565 Lonq.
1287 3500 1382 3562 58,
1418 3498 1454 3550 4
1492 3493 1715 3550 Cornut.
1746 3499 1875 3561 150,
1904 3499 1938 3549 5
2050 3501 2114 3550 17
2153 3494 2384 3565 Hiemps
2421 3494 2615 3550 Scaur.
2655 3498 2750 3561 21,
2777 3497 2830 3548 6.
2868 3498 2963 3563 27,
2993 3499 3029 3549 3

525 3580 590 3627 22
628 3575 676 3629 A
714 3577 775 3632 et
809 3576 881 3631 ab
932 3575 1041 3631 Vel.
1080 3575 1256 3646 Lonq.
1294 3580 1387 3643 60,
1426 3579 1462 3629 6

597 3778 622 3825 1
654 3773 719 3825 ut
744 3778 873 3828 ante
896 3772 1140 3843 forpices
1166 3777 1217 3827 et
1243 3774 1371 3827 ante
1395 3769 1634 3841 forcipes
1660 3786 1762 3827 om.
1793 3770 1842 3826 Ο
1936 3777 1968 3826 2
2000 3769 2301 3840 capiantB
2329 3768 2561 3838 capiunt
2581 3770 2697 3825 AG
2789 3777 2821 3825 5
2850 3772 3027 3844 quod]

420 3848 551 3918 quia
582 3851 640 3906 Β
745 3857 779 3907 8
818 3855 878 3909 et
911 3859 1040 3908 ante
1069 3850 1449 3908 nominativus
1484 3865 1585 3905 om.
1614 3850 1671 3904 Β
1779 3856 1813 3905 9
1850 3854 1909 3906 et
1944 3849 2061 3905 alia
2093 3849 2276 3905 ABG
2378 3848 2648 3921 scribant]
2686 3850 2939 3906 scribunt
2973 3851 3029 3904 A

420 3930 805 3988 scribebantur
855 3948 992 3989 corr.
1043 3933 1362 3989 scribebant
1410 3930 1467 3984 Β
1513 3930 1829 3986 scribantur
1877 3930 1923 3984 0
2079 3932 2139 3985 et
2182 3931 2346 3986 aliter
2387 3929 2750 4001 pronuntiare
2797 3930 2893 3988 ςο

422 4015 488 4064 10
533 4026 633 4080 per
676 4030 715 4066 ιι
759 4012 1126 4082 pronuntient
1171 4012 1217 4066 0
1359 4017 1423 4065 11
1468 4026 1581 4064 non
1625 4012 1965 4079 aspexerunt
2012 4010 2066 4063 A
2219 4027 2394 4065 unum
2437 4009 2580 4064 deest
2616 4011 2771 4079 apud
2817 4010 3029 4067 Veliam

415 4086 667 4159 Lonyum
775 4097 842 4146 12
871 4108 1012 4161 quae
1039 4091 1096 4147 Β
1124 4090 1276 4160 quod
1302 4090 1420 4145 AG
1517 4094 1581 4143 13
1610 4086 1795 4158 priore
1823 4104 1925 4157 pro
1955 4091 2294 4144 consonante
2318 4089 2685 4159 posteriorem
2712 4107 2814 4161 pro
2841 4090 3026 4146 uocali

415 4167 629 4224 scilicet
653 4171 842 4240 posita
875 4171 932 4226 A
965 4170 1119 4241 prior
1145 4176 1177 4226 ὃ
1212 4187 1314 4240 pro
1343 4170 1682 4242 consonante
1717 4167 2026 4238 posteriore
2063 4184 2165 4238 pro
2191 4169 2377 4225 uocali
2412 4168 2630 4225 scilicet
2663 4171 2850 4240 posita
2885 4170 2935 4224 0

420 4252 487 4300 14
522 4247 799 4321 Donatus]
833 4267 893 4319 p.
922 4253 1055 4316 367,
1083 4254 1159 4305 12
1307 4254 1371 4303 17
1409 4250 1474 4302 ut
1510 4248 1736 4304 cesellio
1772 4247 1875 4305 Βς
1914 4246 2200 4303 uttesellio
2234 4249 2291 4304 A
2327 4251 2394 4303 ut
2428 4248 2587 4304 esilio
2623 4255 2686 4304 ut
2713 4251 2929 4305 videtur
2967 4248 3028 4314 0,

416 4341 555 4382 corr.
592 4331 656 4383 nt
691 4329 871 4384 cesilli
905 4345 959 4398 c,
995 4332 1063 4384 ut
1098 4327 1341 4384 Caecilio
1380 4326 1579 4384 Carrio
1736 4330 1870 4398 post
1901 4346 1958 4382 m
1995 4328 2097 4387 Βς
2132 4331 2361 4399 propter
2395 4346 2453 4384 m
2488 4328 2606 4384 AG
2771 4334 2838 4384 18
2876 4330 3026 4399 quod

417 4405 575 4477 satis]
614 4406 752 4476 quia
785 4408 923 4465 satis
959 4408 1017 4463 Β
1194 4407 1313 4462 siue
1349 4423 1418 4462 ea
1450 4406 1644 4465 littera
1678 4411 1947 4464 consonet
1982 4423 2016 4466 ς
2053 4409 2171 4463 sine
2208 4424 2277 4464 ea
2310 4409 2504 4465 littera
2537 4426 2595 4464 m
2632 4412 2793 4465 sonet
2829 4409 3027 4464 Carrio

536 4502 607 4541 ne
642 4486 947 4557 uestigium
985 4486 1209 4555 CarriO,
1247 4504 1351 4542 nec
1385 4487 1689 4558 uestigium
1727 4487 1908 4542 ABG
2044 4495 2115 4544 20
2151 4504 2348 4545 sonare
2381 4489 2449 4542 ut
2483 4486 2701 4557 hiemps
2736 4488 2793 4543 A
2828 4505 3028 4544 sonare

415 4566 481 4619 ut
514 4565 661 4621 hims
700 4566 749 4621 0
779 4569 842 4621 ut
875 4567 1096 4636 hiemps
1134 4583 1326 4623 sonare
1363 4567 1465 4625 Βς
1627 4567 1727 4622 sed
1762 4567 1898 4636 quia
1934 4570 1992 4623 et
2025 4567 2084 4622 in
2119 4568 2234 4623 alia
2270 4583 2304 4627 ς
2342 4567 2440 4622 sed
2479 4566 2613 4636 quia
2647 4570 2708 4623 et
2741 4565 2801 4621 in
2837 4567 3029 4637 aliqua

413 4645 471 4700 Β
498 4645 597 4700 sed
622 4646 776 4716 quod
802 4646 861 4702 in
887 4646 1083 4715 aliqua
1104 4646 1163 4702 A
1200 4646 1299 4703 sed
1324 4645 1383 4701 in
1412 4646 1606 4718 aliqua
1643 4647 1691 4702 G
1791 4648 2094 4719 respondet
2118 4649 2174 4702 A
2208 4647 2498 4719 respondit
2522 4646 2678 4705 ΒΟς
2786 4653 2853 4700 22
2891 4649 2938 4702 A
2969 4650 3027 4702 et

415 4726 517 4781 abs
556 4731 615 4781 et
648 4726 722 4781 ab
758 4729 818 4783 et
854 4743 927 4782 an
961 4726 1081 4782 AG
1216 4727 1381 4783 unius
1408 4745 1509 4785 om.
1550 4727 1599 4783 G
1737 4729 1802 4782 ut
1837 4727 1991 4798 cum]
2028 4727 2121 4782 uel
2159 4727 2204 4796 (1
2237 4745 2349 4783 ras,
2377 4727 2454 4795 Β)
2492 4744 2620 4782 cum
2655 4725 2839 4781 ABG
2870 4728 3028 4782 uelut

416 4822 543 4859 cum
584 4805 722 4861 Par.
751 4822 785 4864 ς
818 4811 868 4861 et
904 4808 1073 4863 codex
1097 4808 1397 4866 Ber-nemis
1431 4814 1546 4867 243
1690 4813 1757 4862 23
1796 4807 1870 4862 ab
1905 4807 2245 4879 praepositio
2283 4807 2557 4863 scribatur
2590 4806 2647 4862 Β
2683 4806 3026 4877 praepositio

415 4884 490 4939 ab
524 4884 800 4941 scribatur
838 4886 886 4942 G
917 4888 1259 4959 praepositio
1297 4889 1651 4946 adscribatur
1684 4888 1741 4942 A
1885 4893 1953 4943 25
1990 4887 2085 4959 ne]
2123 4903 2224 4943 nec
2259 4887 2316 4942 A

524 4991 833 5028 anun-rer
860 4995 1035 5028 unm
1073 4996 1161 5029 vn.
2532 4983 2594 5031 11
