3613 5528
628 399 715 463 80
1700 401 1897 455 VELII
1935 398 2165 455 LONGI

626 511 669 547 p.
698 502 816 541 2237.
845 502 898 541 ss
924 501 972 540 P.

634 585 837 666 soleat,
882 590 942 644 et
978 586 1254 663 quoniam
1292 584 1519 662 antiqui
1556 603 1675 645 non
1722 588 2151 665 geminaverint
2196 592 2612 659 consonante&
2664 584 2767 646 sed
2808 583 2938 644 loco
2976 585 3232 663 gemina·

617 694 807 752 tionis
854 699 1052 751 notam
1098 694 1608 769 superposuerint.
1700 695 1762 753 in
1810 692 2027 773 quibus
2074 711 2246 753 error
2292 695 2421 753 eius
2479 694 2789 754 manifeste
2846 668 3236 772 deprehendi-

631 808 746 859 tur,
838 816 972 858 nam
1018 799 1305 875 geminari
1354 810 1748 859 consonantes
1786 800 2094 879 productis
2143 799 2442 860 vocalibus
2488 801 2722 860 iunctas
2769 818 2913 861 usus
2961 799 3239 879 ostendit,

628 907 688 963 in
736 923 853 984 quo
901 904 1154 965 dicimus
1202 906 1380 965 etiam
1426 923 1658 966 errasse
1709 906 1953 967 saltasse
2001 905 2193 966 abisse
2236 906 2246 979 Ι
2286 905 2558 966 calcasse.
2635 908 2769 985 quis
2807 916 3004 967 autem
3049 908 3240 967 nescit

629 1010 846 1071 malum
894 1029 1009 1071 una
1055 1011 1074 1070 l
1123 1010 1318 1072 littera
1366 1014 1648 1091 scriptam
1694 1013 1945 1074 multum
1993 1012 2213 1074 distare
2258 1031 2290 1072 a
2331 1011 2501 1072 Mallo
2549 1013 2756 1073 eodem
2804 1014 3096 1074 elemento
3142 1022 3294 1115 ge-J»

632 1114 896 1178 minato?
951 1117 1095 1178 illud
1125 1136 1264 1178 vero
1303 1128 1715 1197 argumentum
1754 1120 1913 1198 quod
1952 1119 2115 1199 dicit,
2160 1128 2356 1180 notam
2396 1119 2625 1180 solitam
2666 1122 3008 1201 superponi,
3044 1130 3239 1180 osten·

629 1222 717 1284 dit
762 1225 823 1283 in
870 1226 1276 1285 enuntiatione
1334 1225 1525 1285 solere
1582 1228 1886 1304 geminari.
1981 1236 2041 1286 et
2086 1226 2228 1305 quid
2275 1228 2391 1286 iam
2448 1229 2727 1308 interest,
2785 1235 2984 1289 utrum
3043 1236 3243 1288 notam

631 1348 706 1389 an
751 1329 1008 1390 litteram
1054 1349 1268 1412 ponae,
1326 1350 1462 1392 cum
1509 1332 1857 1393 alterutram
1914 1332 2022 1392 tibi
2077 1336 2401 1393 necessitas
2448 1330 2782 1412 exprimat?
2875 1352 3014 1395 sane
3062 1336 3124 1394 iu
3171 1352 3243 1392 eo

632 1435 789 1514 quod
848 1444 943 1496 est
986 1455 1230 1499 narrare
1286 1437 1665 1500 observatum
1713 1447 1806 1499 est
1851 1448 1919 1499 ut
1965 1457 2148 1499 unum
2197 1458 2228 1497 r
2265 1438 2695 1519 scriberemuS,
2752 1440 3030 1518 quoniam
3088 1440 3248 1499 venit

633 1561 665 1601 a
711 1562 914 1624 gnaro,
969 1546 1065 1605 cui
1113 1553 1207 1605 est
1250 1547 1616 1606 contrarium
1663 1548 1923 1624 ignarus,
1999 1564 2209 1605 rursus
2256 1547 2393 1624 quia
2439 1545 2668 1624 pullum
2714 1563 2822 1624 per
2868 1545 2985 1606 duo
3032 1544 3052 1604 l
3099 1548 3243 1605 scri-
3274 1556 3327 1594 1⁰

633 1649 856 1732 bimus,
903 1650 1369 1711 observaverunt
1414 1651 1651 1730 quidam
1699 1660 1766 1711 ut
1816 1650 2077 1731 paullum
2125 1654 2379 1730 repetito
2428 1651 2636 1712 eodem
2684 1652 2976 1713 elemento
3023 1650 3245 1712 scribe-

634 1765 784 1818 rent.
878 1756 1037 1836 quod
1094 1757 1238 1817 mihi
1295 1775 1413 1817 non
1470 1757 1731 1840 videtur,
1789 1759 2067 1835 quoniam
2124 1759 2420 1818 enuntiari
2476 1757 2640 1818 nullo
2698 1759 2871 1819 modo
2918 1768 3139 1839 potest,
3187 1767 3249 1819 et

636 1882 754 1924 non
801 1873 892 1924 est
937 1882 1180 1925 necesse
1228 1864 1288 1923 id
1336 1844 1626 1945 scribere,
1684 1864 1843 1944 quod
1891 1866 1953 1924 in
1998 1863 2178 1924 verbo
2242 1882 2362 1924 non
2418 1874 2605 1925 sonet.
2699 1864 2796 1925 hic
2853 1875 3050 1926 autem
3103 1864 3249 1925 mihi

636 1989 670 2031 a
716 1970 1082 2050 longitudine
1131 1969 1384 2050 syllabae
1431 1971 1837 2031 antecedentis
1883 1971 2022 2031 huic
2068 1970 2300 2030 litterae
2348 1969 2636 2032 obstatur.
2728 1981 2820 2032 est
2867 1974 3026 2032 enim
3072 1989 3250 2050 quam

635 2077 846 2138 Graeci
900 2077 1107 2140 dicunt
1164 2074 1571 2157 δίφθογγος,
1631 2079 1793 2139 iuxta
1856 2095 2031 2156 quam
2093 2063 2333 2137 omnino
2392 2081 2682 2155 geminari
2740 2097 3073 2139 consonans
3128 2096 3247 2138 non
3280 2086 3332 2126 1⁵

641 2192 854 2262 potest.

822 2291 952 2351 Non
1015 2291 1161 2352 nulli
1198 2294 1379 2352 ‘circa
1439 2290 1772 2372 synalipbas
1838 2310 2074 2371 quoque
2141 2291 2567 2359 observandam
2628 2293 2804 2354 talem
2865 2294 3250 2373 scriptionem

644 2398 1159 2479 existimaverunt,
1206 2400 1362 2459 sicut
1407 2397 1651 2459 Verrius
1698 2396 1974 2479 FlaccuS,
2021 2407 2104 2478 ut,
2151 2398 2510 2478 ubicumque
2556 2402 2746 2479 prima
2793 2419 2903 2461 vox
2951 2419 3010 2460 m
3054 2400 3253 2460 littera

639 2505 931 2585 finiretur,
977 2521 1235 2582 sequens
1272 2523 1305 2564 a
1344 2505 1529 2565 vocali
1573 2506 1884 2586 inciperet,
1930 2523 1991 2564 m
2029 2523 2148 2565 non
2195 2515 2332 2587 tota,
2379 2506 2485 2567 sed
2531 2525 2670 2587 pars
2714 2506 2874 2567 illius
2919 2508 3084 2586 prior
3124 2516 3249 2566 tan-

641 2619 766 2672 tum
814 2609 1197 2684 scriberetur,
1244 2620 1312 2672 ut
1357 2621 1671 2691 appareret
1716 2612 1971 2692 exprimi
2018 2628 2137 2671 non
2184 2610 2420 2673 debere.
2504 2623 2597 2674 est
2644 2616 2820 2674 etiam
2869 2612 2971 2674 ubi
3017 2611 3249 2672 vocales
3281 2620 3335 2658 2⁰

822 2836 1003 2892 Codes:
1042 2837 1341 2892 Parrhasii
1445 2847 1469 2892 1
1512 2841 1880 2893 consonantes
1916 2853 2015 2892 om.
2193 2840 2226 2888 2
2263 2842 2738 2908 superposuerunt
2897 2847 2929 2894 3
2968 2839 3254 2910 geminare

780 2976 814 3023 4
875 2986 1084 3025 errasse
1129 2928 1374 3026 baltasse
1422 2972 1635 3027 abiesse
1683 2971 1931 3025 calcasse
1979 2969 2160 3024 littera
2205 2989 2231 3024 s
2271 2973 2463 3039 prima
2516 2989 2688 3027 manu
2742 2973 3114 3043 superscripta

641 3056 672 3103 5
712 3050 848 3121 nna]
887 3068 1055 3105 unam
1221 3059 1253 3108 6
1290 3052 1433 3107 illud
1469 3069 1601 3107 uero
1639 3053 1973 3121 argumento
2010 3067 2120 3119 quo
2159 3050 2273 3105 dici
2439 3058 2500 3106 11
2542 3051 2808 3123 repetito]
2847 3051 3110 3122 repetitio

645 3135 710 3182 15
747 3130 1042 3201 geminari]
1084 3133 1423 3202 geminaturi
1462 3134 1659 3188 litteris
1686 3133 1749 3186 tu
1777 3129 2048 3186 subducta
2083 3133 2284 3187 lineola
2311 3132 2542 3200 notatis,
2578 3138 2642 3186 ut
2673 3137 2802 3186 essct
2839 3131 3113 3202 geminari

644 3217 707 3264 17
746 3211 1018 3266 Nonnulli
1056 3213 1377 3283 synaliphas
1415 3230 1639 3284 quoque
1677 3211 1830 3267 cirea
1867 3212 2276 3267 obseruandam
2315 3214 2543 3282 qualem
2581 3213 2940 3283 scriptionem
3086 3216 3151 3263 19
3198 3228 3258 3264 m

641 3306 751 3345 non
789 3293 970 3346 totam
1007 3292 1106 3346 sed
1249 3298 1318 3346 20
1357 3295 1420 3347 ut
1457 3294 1694 3363 apparet

648 3504 710 3555 in
758 3504 941 3557 eadem
985 3505 1201 3574 syllaba
1248 3524 1272 3559 s
1317 3513 1699 3562 consonantem
1738 3507 2028 3576 procedere
2072 3519 2186 3557 non
2230 3507 2396 3560 solere
2439 3508 2504 3561 in
2548 3507 2924 3560 enuntiatione
2972 3504 3259 3567 diceretwr,

643 3584 786 3637 sicut
821 3585 886 3638 de
922 3584 1050 3638 lusu
1086 3589 1136 3639 et
1171 3584 1374 3653 plausu
1400 3590 1683 3656 praecepit
1712 3587 1959 3641 Scaurus
1985 3588 2159 3653 1221,
2179 3589 2267 3638 17.
2310 3586 2509 3654 ‚tempsi
2545 3592 2725 3641 tamen
2752 3584 3037 3655 geminata
3067 3597 3258 3636 conso—

645 3679 785 3717 nans
822 3669 1052 3733 propter
1088 3681 1152 3719 ea
1187 3683 1326 3734 quae
1361 3674 1661 3736 sequuntur
1699 3670 1785 3734 80,
1822 3673 1855 3720 3
1903 3664 2177 3735 geminari
2223 3667 2587 3720 consonantes
2642 3664 2924 3734 productis
2971 3662 3262 3718 vocalibus

645 3743 865 3797 iunctas
895 3762 1025 3799 usus
1055 3746 1302 3800 ostendit
1337 3752 1387 3801 et
1425 3753 1510 3812 80,
1542 3753 1607 3801 15
1636 3746 1793 3801 iuxta
1822 3762 1990 3815 quam
2021 3743 2247 3799 omnino
2275 3743 2550 3813 geminari
2579 3762 2887 3800 consonans
2914 3759 3022 3797 non
3052 3743 3259 3811 potest.

647 3823 713 3877 de
747 3825 1110 3891 yeminatione
1147 3842 1173 3877 s
1210 3826 1421 3880 litterae
1457 3828 1663 3881 dictum
1697 3832 1774 3881 est
1803 3843 1863 3895 p.
1895 3830 1990 3893 72,
2017 3829 2089 3879 14

831 3910 858 3957 1
896 3921 1010 3959 non
1046 3904 1457 3976 geminauerint
1493 3925 1518 3960 s
1557 3908 1654 3963 sed
1692 3907 1817 3961 loco
1855 3903 2249 3975 geminationis
2285 3904 2342 3957 R
2503 3910 2536 3957 3
2576 3921 2706 3957 nam
2744 3903 3029 3975 geminare
3067 3919 3260 3957 conso-

644 3984 846 4037 nantes
883 3983 940 4038 R
1082 3991 1116 4038 4
1154 4001 1363 4041 errasse
1400 3986 1632 4042 saltasse
1670 3985 1887 4041 abiesse
1924 3985 2186 4040 calcasse.
2258 3981 2392 4047 Quis
2430 3982 2579 4035 enim
2615 3983 2795 4037 nescit
2842 3982 3054 4037 malum
3091 3999 3203 4036 una
3239 3982 3262 4035 l

644 4062 836 4118 littera
872 4064 1140 4134 scriptum
1178 4066 1387 4122 distare
1423 4084 1459 4122 a
1494 4068 1643 4123 malo
1680 4067 1762 4135 R,
1809 4067 1907 4121 ubi
1953 4064 2222 4120 abiecisse
2259 4078 2369 4132 pro
2406 4061 2621 4117 abiesse
2672 4062 2824 4116 dedit
2862 4063 3188 4127 Putschius,
3225 4077 3263 4115 a

643 4144 816 4200 mallo
853 4147 1025 4201 edidit
1065 4145 1426 4201 Commclinus
1604 4153 1636 4203 ὅ
1684 4164 1720 4201 a
1755 4147 1929 4201 mallo
1974 4149 2026 4200 si
2077 4159 2262 4198 venem
2298 4147 2401 4208 est,
2447 4143 2522 4196 ad
2557 4143 2744 4196 urbm
2783 4142 3009 4197 Ciliciae
3042 4141 3263 4196 videtur

645 4227 988 4292 referendum
1024 4242 1147 4282 esse.
1193 4244 1304 4295 pro
1338 4244 1531 4297 yraeco
1565 4230 1783 4284 nomine
1821 4221 2026 4296 μαλλός
2061 4224 2143 4277 vel
2186 4238 2296 4290 pro
2331 4222 2489 4277 verbo
2527 4223 2678 4277 malo
2716 4223 2920 4278 dictum
2956 4237 3063 4275 esse
3092 4226 3261 4288 puta·

643 4306 724 4360 vit
760 4305 1122 4360 Schneiderus
1169 4323 1395 4375 yramm.
1436 4309 1532 4365 lat.
1568 4325 1617 4362 v.
1658 4309 1701 4361 I
1734 4325 1794 4376 p.
1836 4310 1976 4372 392,
2023 4305 2089 4358 de
2117 4317 2281 4372 pomo
2318 4303 2710 4371 interpretatus
2745 4309 2822 4357 est
2856 4303 3265 4357 Brambachius

644 4387 878 4456 orthoyr.
919 4388 1012 4441 lat.
1028 4379 1105 4454 Ῥ.
1137 4391 1248 4442 261
1398 4395 1429 4443 6
1466 4388 1609 4442 illud
1647 4402 1779 4441 uero
1818 4384 2209 4454 argumentum
2247 4400 2358 4450 quo
2397 4382 2538 4438 dicit
2574 4389 2839 4438 corrector
2875 4383 3077 4437 codicis
3107 4380 3262 4435 Vati-

645 4467 801 4532 cani,
838 4466 941 4521 illo
970 4482 1102 4521 uero
1131 4469 1460 4535 argumento
1491 4485 1601 4535 quo
1631 4465 1771 4520 dicit
1805 4463 1862 4517 R
1991 4470 2023 4518 8
2060 4463 2393 4518 alterutrum
2431 4462 2487 4516 R
2613 4469 2645 4517 9
2685 4463 2931 4532 narrare]
2963 4461 3261 4530 Papirion.

644 4548 799 4614 apud
837 4546 1079 4603 Cassiod.
1114 4564 1171 4615 p.
1193 4552 1351 4602 2290
1498 4553 1560 4600 11
1602 4545 2042 4601 observavenmt
2078 4541 2332 4613 quidam]
2372 4542 2620 4598 Scaurus
2647 4560 2708 4611 p.
2731 4549 2920 4609 20,15
3065 4549 3131 4597 13
3170 4544 3264 4599 hic

643 4627 834 4680 autem
869 4625 930 4680 in
965 4625 1318 4696 longitudine
1357 4625 1605 4694 syllabae
1643 4624 2027 4680 antecedentis
2065 4622 2197 4678 huic
2233 4621 2458 4677 litterae
2496 4623 2751 4679 obstatm·
2778 4625 2849 4679 R.
2898 4625 3132 4690 fortasse
3167 4623 3264 4678 hic

645 4707 834 4759 autem
871 4706 1045 4761 etiam
1081 4704 1374 4774 longitudo
1412 4704 1662 4774 syllabae
1701 4706 2085 4761 antecedentis
2123 4704 2254 4759 huic
2288 4704 2514 4759 litterae
2551 4704 2739 4759 obstat
2884 4711 2948 4759 17
2985 4703 3261 4758 Nonnulli

645 4784 1015 4853 synaloephas
1063 4802 1284 4918 quogue
1331 4784 1708 4840 obseruandas
1754 4783 1903 4839 circa
1947 4786 2119 4840 talem
2168 4783 2529 4852 scriptionem
2567 4785 3028 4841 existimauerunt
3061 4783 3118 4836 R

649 4869 717 4917 20
755 4867 818 4919 ut
853 4868 1126 4934 appareat
