3613 5528
1080 1220 1175 1337 Q.
1251 1219 1856 1332 TERENTII
1927 1219 2366 1332 SOAVRI

796 1458 1015 1554 DE
1086 1414 2630 1569 'oRTHoGRAPHIA

1608 1668 1828 1722 LIBER

1388 1817 1427 1857 ’k
1697 1816 1735 1858 ss
2005 1816 2044 1857 *

418 1903 459 1939 ρ.
487 1893 692 1932 2249—51
722 1893 771 1930 P.

592 1974 899 2037 Scribendi
949 1986 1145 2038 autem
1194 1980 1342 2038 ratio
1398 1988 1679 2058 quattuor
1727 1978 1915 2039 modis
1963 1981 2230 2060 vitiatur,
2284 1998 2392 2059 per
2440 1980 2860 2059 adiectionem,
2918 1979 3016 2039 de-

418 2086 791 2160 tractionem,
836 2086 1315 2167 inmutationem,
1353 2085 1757 2146 adnexionem.
1822 2103 1932 2165 per
1970 2085 2389 2167 adiectionem,
2435 2094 2501 2146 ut
2539 2103 2676 2146 cum
2715 2085 3016 2164 querelam

413 2208 522 2269 per
567 2189 682 2250 duo
726 2190 749 2250 l
794 2188 1094 2272 scribunt,
1151 2212 1287 2253 cum
1334 2191 1622 2271 querulus
1669 2194 1773 2273 sit,
1835 2211 1954 2252 nou
2003 2192 2327 2271 queruilus.
2419 2211 2529 2272 per
2576 2192 3023 2274 detractionem,

414 2304 483 2356 ut
534 2315 668 2357 cum
708 2298 718 2372 Ι
758 2296 987 2358 haedus
1041 2300 1167 2358 sine
1226 2300 1581 2379 aspiratione
1637 2297 1948 2381 scribitur,
2015 2317 2153 2360 cum
2209 2298 2426 2378 alioqui
2481 2317 2617 2360 cum
2673 2317 2741 2359 ea
2796 2297 3027 2379 debeat,

364 2430 389 2469 5
416 2405 690 2482 quoniam
736 2405 890 2484 apud
940 2409 1217 2485 antiquos
1264 2403 1470 2466 faedus
1518 2407 1596 2465 sit
1642 2405 1838 2481 dictus
1852 2454 1870 2486 ,
1918 2414 1977 2466 et
2023 2406 2126 2466 ubi
2174 2404 2255 2466 illi
2305 2407 2331 2465 Γ
2371 2405 2628 2466 litteram
2674 2414 3024 2487 posuerunt,

419 2529 528 2570 nos
573 2511 612 2570 h
659 2511 1104 2595 substituimus,
1151 2521 1218 2573 ut
1274 2512 1431 2592 quod
1490 2510 1571 2571 illi
1630 2511 1900 2572 fordeum
1959 2511 2261 2592 dicebaut,
2319 2531 2428 2572 nos
2475 2511 2791 2594 hordeum,
2847 2513 3020 2573 fario·

416 2617 536 2679 lum
567 2637 742 2698 quem
782 2638 891 2680 nos
929 2619 1251 2702 hariolum,
1299 2618 1568 2679 similiter
1610 2618 1846 2678 saedum
1884 2638 2061 2698 quem
2102 2638 2259 2679 nunc
2300 2638 2407 2680 nos
2454 2618 2706 2680 haedum
2755 2620 3024 2680 dicimuS.

416 2744 523 2806 per
577 2728 1059 2808 inmutationem,
1115 2735 1182 2789 ut
1229 2744 1362 2788 cum
1413 2735 1471 2787 at
1527 2727 2007 2787 coniunctionem
2047 2724 2056 2800 1
2099 2743 2206 2805 ρει*
2251 2725 2288 2786 d
2337 2725 2606 2788 scribunt
2653 2736 2712 2788 et
2757 2726 3024 2809 eandem,

417 2837 689 2912 quotiens
734 2837 1097 2914 praepositio
1144 2837 1246 2916 sit,
1291 2852 1400 2913 per
1448 2841 1502 2915 t,
1550 2851 1686 2893 cum
1732 2833 1953 2912 alioqui
1999 2853 2030 2893 e
2080 2836 2376 2895 contrario
2424 2833 2636 2897 debeat
2681 2835 2827 2894 fieri.
2910 2851 3019 2913 per

592 3013 624 3060 4
660 3007 872 3062 haedus
902 3024 964 3077 p.
1002 3011 1092 3075 13,
1130 3013 1183 3062 8.
1222 3010 1318 3071 23,
1354 3009 1429 3060 18

590 3168 645 3220 B
683 3168 850 3222 codex
884 3167 1185 3221 Beruenais
1223 3171 1333 3220 330

661 3249 694 3302 b
732 3249 967 3302 &uadem
1004 3247 1207 3301 codicis
1243 3253 1509 3301 corrector

595 3329 651 3381 P
683 3330 849 3383 codex
889 3327 1193 3381 Palatinus
1228 3331 1368 3380 1741

592 3429 635 3462 ω
673 3409 838 3462 editio
866 3406 1202 3460 Baaileensis
1239 3424 1290 3460 a.
1329 3411 1482 3463 1527
2927 3445 2932 3450 -

590 3488 864 3543 INCIPIT
901 3486 1124 3542 LIBER
1160 3486 1512 3541 TERENTII
1553 3485 1817 3541 SCAURI
1855 3486 1951 3540 DE
1992 3486 2516 3544 ORTOGRAPHIA
2544 3489 2599 3542 B
2649 3488 2858 3558 Incipit
2882 3488 3025 3543 liber

414 3569 687 3625 Terrentii
738 3568 931 3623 Scauri
981 3568 1051 3622 de
1098 3567 1420 3637 ortograuia
1465 3570 1622 3637 (corr.
1674 3567 2096 3637 orthographia.)
2147 3569 2201 3621 P
2245 3568 2307 3633 Q.
2360 3568 2712 3623 TERENTII
2762 3567 3026 3623 SCAVRI

412 3651 511 3705 DE
564 3647 1141 3704 ORTHOGRAPHIA
1198 3648 1297 3701 AD
1355 3648 1705 3702 THESEVM
1762 3668 1822 3702 ω.
1910 3647 2293 3702 INCIPIUNT
2350 3650 2591 3704 PAUCA
2648 3649 2747 3703 EX
2803 3647 3022 3703 LIBRO

411 3727 871 3784 TERENTIANI
922 3726 1183 3781 SCAURI
1235 3727 1624 3783 EXCERPTA
1675 3727 1771 3781 DE
1825 3725 2298 3781 ORTOGRAFIA
2349 3728 2665 3799 Ortografia
2712 3728 2887 3798 igitur
2940 3730 3025 3781 est

408 3808 559 3864 ratio
595 3809 651 3863 in
689 3807 919 3877 syllabis
955 3809 1108 3860 recte
1146 3807 1436 3862 scribendi.
1494 3805 1771 3861 scribendi
1818 3810 2008 3862 autem
2052 3809 2199 3863 ratio
2248 3810 2515 3878 quattuor
2561 3809 2743 3863 modis
2791 3808 3025 3862 uitiatur

409 3891 581 3943 codex
600 3887 977 3957 Sangallenais
994 3890 1125 3950 249,
1155 3885 1251 3938 DE
1283 3885 1858 3941 ORTHOGRAPHIA
1889 3886 2129 3942 TEREN
2139 3887 2232 3941 ΤΕ
2269 3888 2486 3944 SCauro
2515 3889 2716 3958 (ITEM
2747 3887 3022 3942 ORTHO-

411 3969 743 4024 GRAPHIA
780 3966 1125 4020 TERENTE
1164 3965 1369 4021 Scauro
1407 3969 1520 4022 cod.
1561 3967 1865 4036 Sanyerm.)
1908 3965 2322 4038 orthographia.
2356 3968 2531 4038 igitur
2567 3972 2655 4024 est
2690 3970 2835 4023 ratio
2873 3969 3023 4022 reete

410 4047 643 4119 syllabis
680 4046 977 4102 scribendi.
1035 4046 1312 4101 scribendi
1350 4050 1539 4102 autem
1576 4048 1722 4102 ratio
1762 4049 2030 4117 quattuor
2057 4047 2240 4102 modis
2277 4048 2511 4103 uitiatur
2548 4051 2715 4104 codem
2742 4049 3026 4103 Emmera-

408 4145 533 4184 mua
570 4134 686 4184 252
725 4133 775 4182 et
811 4127 1302 4195 Sanyermanensis
1327 4133 1477 4182 1180
1621 4135 1648 4181 1
1690 4126 1972 4182 uinciatur
2007 4143 2145 4183 corr.
2174 4128 2409 4183 uitiatur
2444 4130 2499 4183 B
2645 4135 2676 4183 2
2716 4129 3025 4198 querellam

411 4212 574 4278 (corr.
603 4208 793 4276 -elam)
830 4224 931 4276 per
968 4205 1078 4259 duo
1115 4204 1159 4258 ll
1198 4206 1451 4263 scribunt
1485 4225 1613 4263 cum
1651 4207 1936 4276 quer-ullus
1975 4208 2134 4273 (corr.
2164 4208 2336 4278 -ulus)
2375 4208 2450 4264 sit
2483 4211 2539 4264 B
2579 4210 2888 4280 querellam
2923 4225 3025 4279 per

409 4290 522 4344 duo
570 4289 591 4342 l
635 4287 886 4343 scribunt
930 4285 1195 4354 quoniam
1242 4290 1436 4356 (quum
1482 4292 1547 4356 ω)
1595 4287 1859 4357 querulus
1905 4285 1980 4341 sit
2017 4288 2124 4341 Ρω
2269 4294 2304 4342 4
2349 4291 2417 4343 ut
2451 4295 2580 4358 post
2616 4289 3024 4345 detractionem

411 4387 513 4424 om.
550 4368 727 4422 BPm
932 4366 1108 4420 hedus
1146 4367 1271 4420 BP
1315 4368 1487 4424 oedus
1525 4390 1567 4422 ω
1758 4385 1885 4421 eum
1932 4366 2130 4422 eadem
2175 4375 2428 4438 excerpta
2462 4369 2701 4425 Emmer.
2740 4369 3023 4438 Sanyerm.

423 4448 575 4503 Voss,
649 4453 680 4502 5
711 4446 905 4502 faedus
934 4453 1186 4515 excerpta
1205 4447 1485 4518 Sanqerm.
1508 4455 1558 4503 et
1589 4449 1757 4516 Vasa„
1784 4448 1982 4504 foedus
2008 4447 2117 4500 Bm
2146 4453 2196 4502 et
2223 4454 2475 4517 excerpta
2493 4449 2749 4514 Emmer„
2778 4447 2938 4501 fedus
2971 4448 3027 4501 P

500 4536 533 4582 6
570 4545 670 4584 nos
706 4530 897 4582 autem
932 4529 973 4581 h
1012 4528 1118 4581 Ρω
1264 4529 1665 4584 substituemus
1703 4535 1957 4598 excerpta
1992 4530 2229 4584 Evnmer.
2269 4535 2319 4583 et
2355 4530 2635 4598 Sanyerm.
2767 4533 2812 4582 ·7
2853 4545 3023 4597 quem

412 4607 503 4662 illi
544 4607 804 4662 fariolum
850 4623 953 4661 nos
999 4607 1276 4662 hariolum
1322 4608 1571 4663 dicamus
1607 4603 1861 4678 excerpta
1899 4609 2187 4664 Vossiana.
2242 4609 2442 4663 rectius
2477 4612 2595 4662 erat
2630 4607 2697 4661 ut
2740 4607 2891 4676 quod
2935 4607 3021 4662 illi

412 4687 665 4741 fordeum
702 4687 966 4743 dicebant
1000 4705 1101 4742 nos
1136 4687 1425 4758 hordeum,
1463 4705 1630 4757 quem
1666 4688 1751 4742 illi
1788 4689 2052 4745 fariolum
2089 4705 2190 4743 nos
2230 4688 2523 4755 hariolum,
2563 4687 2823 4742 similiter
2855 4705 3024 4759 quem

415 4768 504 4823 illi
537 4769 759 4823 faedum
797 4784 898 4822 nos
936 4768 1179 4823 haedum
1215 4767 1479 4824 dicimus:
1518 4770 1588 4836 cf.
1616 4785 1676 4837 p.
1705 4774 1797 4836 13,
1832 4774 1906 4824 10
2031 4766 2336 4836 hariolum]
2376 4766 2614 4820 ariolum
2649 4767 2705 4820 B
2831 4767 3024 4841 fedum

418 4853 666 4917 excerpta
710 4847 1021 4917 Sanyerm„
1066 4848 1256 4904 fedum
1299 4849 1355 4902 P
1396 4848 1624 4904 foedum
1660 4849 1770 4902 Bm
1917 4864 2063 4903 nunc
2099 4863 2199 4902 om.
2237 4846 2317 4913 B,
2357 4847 2486 4901 add.
2526 4847 2635 4900 Ρω
2686 4852 2736 4902 et
2770 4854 3025 4917 exem-pta

422 4926 695 4996 Sanyerm.
734 4926 971 4982 Emmer.
1116 4928 1321 4982 hedum
1359 4929 1482 4982 BP
1515 4933 1565 4983 et
1599 4934 1855 4997 excerpta
1890 4929 2193 4998 Sanyerm„
2229 4927 2474 4981 hoedum
2513 4947 2555 4979 ω
