3613 5528
1313 426 1451 481 Ans
1489 424 1979 482 GRAMMATICA
2862 427 2997 494 403

386 537 434 574 p.
461 525 529 565 ³2.
558 524 612 564 ss
639 524 699 564 Η.

389 611 562 670 istam
608 611 796 671 istanc
843 609 1001 672 istud
1050 618 1111 672 et
1155 613 1337 693 istuc,
1382 632 1418 671 ο
1464 614 1577 674 iste
1623 615 1733 674 ista
1780 612 1940 674 istud
1990 614 2174 696 istuc,
2220 613 2292 674 ab
2340 617 2454 675 isto
2502 624 2565 677 et
2609 615 2681 675 ab
2729 616 2879 676 istoc
2924 614 2997 675 ab

390 718 502 777 ista
549 716 620 778 ab
667 719 813 779 istac
861 717 935 779 ab
980 721 1096 780 isto
1143 718 1215 779 ab
1261 720 1441 780 istoc:
1494 719 1570 799 pl.
1618 704 1808 782 οὗτοι
1862 713 2129 783 τούτων
2183 711 2293 781 καὶ
2340 707 2536 783 αὗται
2580 715 2841 785 τούτων
2888 716 2998 783 καὶ

388 821 596 885 ταῦτα
649 816 908 887 τούτων
966 827 1065 886 isti
1119 828 1268 887 istae
1322 827 1435 886 ista
1489 834 1552 887 et
1605 825 1709 888 rel.
1766 817 1969 900 αὐτὸς
2012 817 2221 888 αὐτοῦ
2264 822 2375 889 καὶ
2421 819 2590 910 αὐτή
2639 820 2845 910 αὐτῆς
2886 824 2999 891 καὶ

391 922 554 994 αὐτὸ
599 922 809 995 αὐτοῦ
856 935 984 1014 ipse
1027 935 1157 1012 ipsa
1203 934 1398 1013 ipsum
1445 942 1505 994 et
1552 933 1686 995 rel.:
1743 933 1819 1014 pl.
1867 924 2060 995 αὐτοὶ
2108 925 2331 996 αὐτῶν
2376 931 2486 997 καὶ
2533 927 2730 998 αὐταὶ
2776 928 2999 999 αὐτῶν

341 1033 502 1100 ὁκαὶ
550 1030 715 1101 αὐτὰ
764 1028 988 1101 αὐτῶν
1037 1041 1150 1119 ipsi
1196 1041 1357 1120 ipsae
1405 1043 1534 1120 ipsa
1580 1049 1640 1102 et
1683 1040 1788 1101 rel.
1837 1043 2031 1120 ipsum
2081 1060 2263 1122 quare
2313 1062 2430 1105 non
2477 1043 2648 1124 ipsud
2662 1023 2693 1125 ‚‘
2735 1051 2801 1105 ut
2857 1043 2998 1105 illud

393 1155 454 1208 et
507 1143 711 1209 istud?
775 1149 1050 1227 quoniam
1111 1155 1345 1208 veteres
1400 1149 1825 1210 nominativum
1885 1148 2276 1211 masculinum
2334 1170 2449 1212 non
2516 1154 2644 1233 ipse
2710 1150 3002 1232 dicebant,

394 1255 497 1315 sed
543 1256 739 1336 ipsus,
784 1254 943 1335 quod
990 1257 1166 1316 ctiam
1204 1256 1264 1316 in
1305 1257 1626 1318 comoediis
1663 1256 1966 1318 veteribus
2007 1260 2357 1320 invenimus.
2449 1254 2701 1332 ἐκεῖνος
2738 1254 3003 1320 ἐκείνου

391 1356 501 1424 καὶ
548 1357 766 1442 ἐκείνη
814 1357 1067 1442 ἐκείνης
1110 1358 1222 1425 καὶ
1268 1359 1487 1430 ἐκεῖνο
1534 1359 1796 1426 ἐκείνου
1844 1363 1940 1426 ille
1989 1364 2085 1426 illa
2132 1365 2274 1427 illud
2313 1365 2453 1427 illuc
2490 1365 2564 1426 31)
2601 1365 2735 1427 illoc
2772 1376 2834 1427 et
2870 1364 3002 1428 rel:

392 1469 467 1551 pl.
515 1466 759 1533 ἐκεῖνοι
806 1465 1081 1532 ἐκείνων
1127 1465 1238 1533 καὶ
1285 1467 1534 1534 ἐκεῖναι
1580 1467 1859 1534 ἐκείνων
1903 1467 2015 1535 καὶ
2062 1469 2281 1536 ἐκεῖνα
2329 1471 2621 1536 ἐκείνων.
2808 1539 2815 1544 ,
2987 1538 2990 1542 .

301 1584 369 1628 ¹10
573 1578 863 1639 Infinitiva
908 1572 1008 1652 τὶς
1051 1566 1096 1658 ἦ
1143 1571 1336 1653 ποιὸς
1379 1570 1564 1653 τινὸς
1609 1570 1650 1660 ἢ
1697 1577 1900 1643 ποιοῦ
1943 1575 2054 1643 καὶ
2099 1576 2198 1655 τὶς
2233 1570 2275 1662 ἢ
2314 1569 2472 1643 ποιὰ
2508 1572 2693 1655 τινὸς
2727 1570 2771 1661 ἢ
2808 1576 3004 1653 ποιᾶς

393 1678 500 1748 καὶ
547 1678 612 1746 τὶ
657 1674 699 1766 ἢ
745 1676 944 1748 ποιὸν
989 1677 1173 1760 τινὸς
1216 1676 1258 1766 ἢ
1306 1684 1505 1748 ποιοῦ
1554 1680 1690 1765 [καὶ
1737 1677 1813 1761 ὃς
1856 1681 1967 1749 καὶ
2014 1687 2088 1750 αἳ
2126 1682 2237 1749 καὶ
2282 1677 2325 1750 ἃ
2370 1682 2481 1750 καὶ
2526 1681 2729 1766 ποσά]
2770 1689 2905 1768 quis
2942 1696 3003 1750 et

396 1795 500 1873 qui
556 1813 707 1874 quae
763 1793 952 1873 quod:
1010 1792 1087 1874 pl.
1142 1784 1319 1866 τινες
1373 1783 1416 1873 ἢ
1471 1787 1655 1856 ποιοὶ
1709 1792 1918 1856 τινῶν
1973 1784 2015 1875 ἢ
2070 1792 2287 1857 ποιῶν
2341 1789 2453 1857 καὶ
2506 1787 2685 1868 τινὲς
2726 1783 2769 1875 ἢ
2817 1789 3003 1856 ποιαὶ

393 1900 600 1966 τινῶν
645 1894 688 1985 ἢ
735 1899 950 1966 ποιῶν
993 1897 1103 1964 καὶ
1150 1892 1302 1964 τινὰ
1347 1890 1390 1983 ἢ
1436 1893 1595 1964 ποιὰ
1639 1900 1848 1965 τινῶν
1894 1892 1937 1983 ἢ
1984 1900 2198 1965 ποιῶν
2245 1905 2350 1983 qui
2396 1921 2546 1982 quae
2594 1921 2744 1982 quae
2791 1911 2851 1963 et
2897 1901 3000 1962 rel.

397 2010 501 2072 sed
556 2019 790 2072 veteres
851 2011 1273 2071 nominativum
1329 2009 1616 2091 pluralem
1674 2014 1809 2091 quis
1873 2010 2154 2073 dixerunt
2216 2009 2479 2091 regulam
2546 2012 2753 2071 secuti.
2846 2009 3001 2070 unde

319 2126 369 2167 1⁶
397 2120 573 2181 etiam
620 2119 848 2181 dativus
897 2120 1111 2180 mansit
1157 2120 1218 2179 in
1266 2118 1725 2180 consuetudine:
1784 2137 1917 2179 nam
1974 2118 2226 2180 dicimus
2285 2117 2503 2198 quibus
2558 2137 2668 2198 pro
2725 2119 2889 2197 quis,
2944 2124 3005 2179 et

399 2225 535 2307 [pro
574 2226 818 2306 quibus]
868 2228 1003 2307 quis
1041 2244 1160 2287 non
1200 2243 1520 2306 numquam
1561 2225 1829 2288 dicimus,
1904 2224 2158 2300 τίςποτε
2197 2216 2238 2306 ἢ
2275 2218 2626 2299 ποιόςποτε
2662 2216 3003 2297 τινόςποτε

395 2323 438 2414 ἢ
483 2326 842 2396 ποιούποτε
886 2327 998 2395 καὶ
1043 2332 1303 2408 τίςποτε
1346 2323 1389 2415 ἢ
1428 2327 1749 2396 ποιάποτε
1786 2326 2130 2407 τινόςποτε
2167 2322 2208 2413 ἢ
2246 2325 2598 2407 ποιάςποτε
2634 2326 2745 2393 καὶ
2781 2330 3002 2393 τίποτε

395 2429 438 2521 ἢ
502 2434 861 2504 ποιόνποτε
923 2433 1265 2516 τινόςποτε
1329 2430 1371 2521 ἢ
1434 2432 1828 2519 ποιούποτε,
1903 2435 2173 2513 ἕκαστος
2247 2432 2485 2520 ἑκάστη
2551 2434 2830 2501 ἕκαστον
2893 2433 3003 2500 καὶ

401 2540 712 2629 ἑκάτερον
760 2552 1011 2629 quisque
1061 2567 1328 2628 quaeque
1378 2547 1682 2628 quodque:
1728 2548 1804 2628 pl.
1834 2539 1914 2610 τὰ
1945 2540 2021 2609 δὲ
2051 2538 2361 2628 ἑλληνικὰ
2391 2544 2514 2609 τοῦ
2541 2543 3003 2629 πληθυντικοῦ

320 2664 374 2702 2⁰
399 2654 637 2736 ταῦτα,
690 2650 1025 2729 τινέςποτε
1071 2644 1114 2737 ἢ
1161 2654 1503 2719 ποιοίποτε
1557 2650 1926 2718 τινῶνποτε
1981 2645 2023 2736 ἢ
2079 2649 2452 2717 ποιώνποτε
2507 2649 2618 2717 καὶ
2670 2649 3004 2728 τινές-ποτε

397 2753 440 2846 ἢ
486 2762 828 2827 ποιαίποτε
873 2754 1240 2827 τινῶνποτε
1283 2754 1325 2845 ἢ
1373 2755 1750 2827 ποιοίνποτε
1793 2756 1905 2825 καὶ
1950 2755 2260 2826 τινάποτε
2308 2752 2350 2844 ἢ
2395 2754 2714 2826 ποιάποτε
2767 2753 3004 2825 τινών-

398 2890 556 2933 ποτε
598 2862 643 2952 ἦ
689 2888 1091 2952 ποιωνποτε,
1142 2868 1402 2935 ἔκαστοι
1452 2867 1716 2934 ἕκασται
1764 2866 2003 2933 ἕκαστα
2051 2874 2271 2951 quique
2318 2890 2591 2951 quaeque
2629 2889 2897 2951 quaeque
2946 2877 3006 2931 et

401 2981 502 3042 rel.
543 2969 1052 3061 ὁστιςδήποτε’“
1013 3000 1054 3059 η
1093 2970 1568 3060 ὁποιοςδήποτε
1608 2969 2116 3061 τινοςδήποτε’“
2077 3000 2117 3059 η
2155 2971 2602 3058 ποιουδήποτε
2638 2972 2750 3039 καὶ
2786 2970 3004 3057 τιςδή-

399 3104 556 3150 ποτε
627 3077 670 3168 ἢ
742 3080 1147 3169 ποιαδήποτε
1227 3078 1657 3166 τινοςδήποτε
1736 3076 1778 3167 ἢ
1861 3077 2302 3166 ποιαςδήποτε
2382 3079 2492 3146 καὶ
2572 3076 2882 3165 τιδήποτε
2962 3067 3004 3165 ἦ

321 3200 374 3240 ²⁵
400 3187 847 3275 ποιονδήποτε
936 3186 1366 3275 τινοςδήποτε
1447 3183 1489 3274 ἢ
1571 3185 2020 3273 ποιουδήποτε
2111 3195 2504 3273 quiscumque
2596 3210 3003 3271 quaecumque

402 3289 844 3383 qucdcumque:
907 3301 983 3383 pl.
1029 3294 1452 3382 τινεςδήποτε
1496 3290 1538 3382 ἢ
1585 3295 2015 3381 ποιοιδήποτε
2060 3292 2516 3380 τινωνδήποτε
2573 3288 2614 3379 ἢ
2670 3291 3003 3380 ποιωνδή-

399 3428 556 3472 ποτε
602 3403 714 3472 καὶ
757 3402 1181 3491 τινεςδήποτε
1226 3398 1266 3488 ἢ
1313 3401 1746 3489 ποιαιδήποτε
1791 3400 2245 3489 τινωνδήποτε
2291 3397 2333 3487 ἢ
2379 3398 2843 3487 ποιωνδήποτε
2895 3400 3006 3468 καὶ

401 3510 797 3598 τιναδήποτε
870 3506 910 3597 ἢ
985 3509 1392 3597 ποιαδήποτε
1464 3507 1918 3595 τινωνδήποτε
1990 3505 2035 3595 ἢ
2107 3506 2570 3594 ποιωνδήποτε
2645 3516 3003 3593 quicumque

403 3644 810 3705 quaecumque
857 3643 1283 3704 quaecumque.
1375 3615 1575 3697 ἄλλος
1612 3614 1822 3685 ἄλλου
1858 3616 1966 3683 καὶ
2004 3614 2169 3702 ἄλλη
2210 3613 2413 3701 ἄλλης
2448 3615 2559 3682 καὶ
2596 3613 2758 3682 ἄλλο
2796 3612 3006 3681 ἄλλου

327 3736 378 3776 30
406 3732 554 3793 alius
599 3730 710 3792 alia
756 3730 941 3792 aliud:
995 3730 1070 3811 pl.
1122 3725 1131 3810 Ι
1181 3721 1372 3792 ἄλλοι
1426 3722 1652 3792 ἄλλων
1704 3723 1815 3790 καὶ
1869 3719 2065 3790 ἄλλαι
2119 3719 2342 3790 ἄλλων
2397 3721 2508 3789 καὶ
2565 3719 2734 3789 ἄλλα
2779 3718 3004 3787 ἄλλων

405 3840 502 3901 alii
547 3840 689 3901 aliae
738 3838 864 3900 alia.
957 3833 1176 3918 ἔτερος
1224 3832 1453 3918 ἑτέρου
1498 3831 1608 3898 καὶ
1656 3832 1845 3916 ἑτέρα
1892 3830 2113 3915 ἑτέρας
2159 3830 2268 3897 καὶ
2317 3831 2544 3916 ἕτερον
2594 3827 2821 3915 ἑτέρου
2859 3833 3007 3895 alter

407 3946 587 4007 altera
651 3944 928 4006 alterum:
993 3943 1070 4025 pl.
1136 3939 1346 4023 ἕτεροι
1408 3938 1519 4005 καὶ
1585 3939 1797 4024 ἕτεραι
1851 3937 1961 4004 καὶ
2021 3938 2208 4023 ἔτερα
2265 3937 2509 4023 ἑτέρων
2565 3941 2734 4003 alteri
2789 3941 3006 4003 alterae

405 4053 603 4116 altera.
706 4043 1057 4132 οὐδέτερος
1114 4041 1472 4134 οὐδετέρου
1535 4044 1645 4111 καὶ
1703 4041 2023 4129 οὐδετέρα
2080 4041 2433 4129 οὐδετέρας
2488 4042 2597 4109 καὶ
2654 4039 3008 4128 οὐδέτερον

407 4151 766 4239 οὐδετέρου
810 4168 1022 4221 neuter
1069 4168 1280 4219 neutra
1326 4166 1607 4218 neutrum
1655 4157 1955 4217 neutrius:
2000 4154 2076 4235 pl.
2125 4146 2461 4234 οὐδέτεροι
2505 4151 2615 4217 καὶ
2665 4147 3009 4236 οὐδέτεραι

406 4261 517 4328 καὶ
564 4258 881 4347 οὐδέτερα
928 4258 1303 4346 οὐδετέρων
1341 4266 1540 4326 neutri
1579 4272 1825 4324 neutrae
1865 4271 2092 4325 neutra.
2128 4310 2142 4325 .
2169 4258 2437 4336 ἕκαστος
2465 4255 2699 4343 ἑκάστη
2732 4258 3008 4325 ἕκαστον

585 4475 767 4530 Codex
803 4472 1193 4544 Sanyallensis.
1273 4478 1297 4527 1
1341 4490 1374 4528 ο
1411 4473 1519 4527 iste
1557 4475 1617 4527 ta.
1651 4472 1753 4527 tud
1789 4471 1928 4527 istos
1967 4473 2039 4527 ab
2075 4470 2195 4526 istis
2231 4473 2391 4539 (corr.
2429 4469 2545 4539 isti)
2585 4472 2644 4526 et»
2680 4469 2752 4525 ab
2788 4469 2899 4526 ista
2932 4471 3004 4526 ab

410 4557 518 4615 isba.
553 4558 623 4612 ab
660 4555 800 4611 istac
837 4554 910 4609 ab
947 4554 1056 4609 isto
1091 4553 1165 4609 ab
1201 4554 1343 4608 istoc
1486 4558 1518 4607 8
1557 4552 1616 4607 et
1661 4551 1757 4606 rel.
1809 4569 2031 4605 εκεινου
2078 4567 2215 4605 corr.
2256 4581 2321 4590 —
2362 4569 2416 4606 οι
2559 4556 2590 4604 9
2629 4569 2864 4605 εκεινων
2901 4550 3004 4621 plr.

410 4634 686 4691 infinitiua·
804 4640 868 4689 15
888 4652 989 4704 pro
1010 4633 1156 4706 quis]
1173 4652 1274 4704 pro
1293 4634 1412 4689 cuis
1533 4640 1595 4688 19
1618 4628 1913 4704 ἑκάτερον]
1936 4648 2168 4698 εκατερο
2288 4636 2357 4684 34
2373 4624 2686 4702 οὐδέτεροι]
2706 4632 3006 4701 ονὸετερου

592 4848 654 4896 11
695 4841 793 4895 καὶ
830 4834 893 4902 ὅς
936 4869 1007 4880 -
1052 4835 1199 4893 ποσά
1229 4855 1328 4893 om.
1361 4837 1435 4891 M
1469 4824 1752 4893 .'relativa
1785 4837 2116 4909 pronomina
2152 4829 2216 4898 ὃς
2251 4830 2286 4906 ἣ
2324 4830 2355 4890 3
2396 4834 2450 4891 οἳ
2488 4833 2549 4889 αἳ
2584 4829 2622 4889 ἅ
2660 4837 3010 4908 adscripsisse

413 4922 627 4977 videtur
660 4921 1049 4992 yrammaticus
