3613 5528
591 414 718 480 190
1662 411 2120 470 CASSIODORII

589 529 631 565 p.
658 516 767 558 ssos
794 515 844 555 P.
1623 513 1637 530 ⁸

586 602 743 661 sicut
799 600 1077 679 superius
1131 598 1473 659 meminisse
1543 600 1975 677 cognoscimus,
2065 596 2178 658 bus
2238 596 2532 677 siquidem
2594 596 2906 658 masculini
2964 595 3201 674 generis
3262 639 3271 642 -
3333 669 3347 681 Ο

585 715 813 768 tautum
862 707 1098 767 nomina
1145 705 1395 785 fuerint,
1454 722 1561 783 per
1605 702 1643 763 b
1691 712 1915 766 mutam
1963 701 2332 783 scribentur,
2388 711 2455 765 ut
2500 701 2671 764 cibus
2718 701 2907 763 nebus
2954 700 3200 761 morbus

583 812 773 874 rubus
820 813 1030 892 globus
1068 811 1305 874 nimbus
1353 809 1586 870 lembus
1645 808 1914 892 lumbus,
1973 828 2156 871 nervo
2204 816 2406 871 notato
2453 809 2851 891 solummodo,
2904 808 3092 890 quod,
3149 809 3201 868 si

583 918 665 980 illi
725 939 758 980 e
819 920 991 1000 longa
1061 920 1243 980 fuerit
1316 918 1686 998 praeposita,
1755 916 1933 978 faciet
2002 916 2281 977 verbum:
2352 933 2570 977 enervo
2630 918 2788 977 enim
2849 911 3200 997 ἐκνευρίζω

583 1027 801 1105 positio
849 1025 1013 1087 verbi
1061 1025 1309 1106 dicitur,
1347 1025 1519 1085 cuius
1557 1025 1875 1104 rationem,
1923 1041 2058 1084 cum
2098 1022 2170 1083 de
2208 1021 2389 1098 verbo
2427 1022 2610 1084 locuti
2647 1024 2967 1104 fuerimuS,
3012 1030 3200 1083 matu-
3231 1035 3259 1075 ⁶

583 1131 848 1192 rahimus
889 1132 1155 1193 reddere.
1221 1115 1665 1193 observabimus
1705 1137 1928 1212 tamen,
1975 1133 2027 1191 si
2079 1127 2499 1209 disyllaborum
2538 1148 2657 1190 non
2695 1148 2932 1209 egressa
2979 1129 3204 1189 fuerint

585 1257 904 1299 numerum
942 1247 1044 1299 aut
1080 1237 1500 1319 paenultimam
1541 1257 1612 1299 ex
1649 1255 1769 1298 una
1805 1236 1991 1297 vocali
2031 1236 2378 1299 naturaliter
2414 1236 2646 1317 longam
2684 1239 2883 1298 minus
2918 1235 3204 1297 habeant:

586 1363 719 1405 nam
769 1344 1083 1406 mutabunt
1129 1346 1522 1427 scripturam,
1573 1354 1643 1405 ut
1697 1345 1862 1404 rivus
1909 1342 2097 1404 clivus
2143 1361 2390 1405 acervus
2438 1343 2832 1405 ndminativus
2877 1352 2940 1405 et
2984 1352 3201 1405 cetera.

583 1450 688 1511 sed
746 1453 882 1530 quia
938 1450 1245 1513 Coroel‘ms
1301 1451 1753 1532 supergreditur
1822 1468 2135 1511 numerum
2201 1449 2649 1533 disyllaborum,
2710 1469 2821 1531 per
2875 1449 2914 1509 b
2978 1458 3201 1511 mutam

585 1565 849 1640 notatur,
907 1539 1212 1620 sciendum
1272 1558 1428 1637 quod
1487 1558 1620 1620 ideo
1677 1559 1830 1619 hanc
1890 1557 2145 1619 litteram
2193 1560 2387 1620 tenuit
2430 1559 2492 1618 in
2539 1560 2862 1639 scriptura,
2916 1556 3007 1618 vel
3063 1559 3286 1636 quiam

582 1661 971 1745 peregrinum
1006 1682 1222 1726 nomen
1262 1667 1622 1745 minimeque
1661 1664 1909 1725 latinum
1948 1666 2166 1745 existit,
2203 1663 2295 1725 vel
2332 1666 2470 1744 quia
2507 1663 2927 1745 paenultimam
2967 1663 3201 1742 longam

591 1790 709 1831 non
764 1790 836 1831 ex
893 1789 1010 1832 una
1064 1772 1279 1854 vocali,
1333 1771 1436 1833 sed
1497 1791 1568 1832 ex
1625 1769 1992 1850 diphthongo
2049 1772 2286 1832 meruit.
2360 1772 2412 1831 si
2456 1788 2597 1832 vero
2643 1769 2883 1832 mobilia
2929 1768 3020 1830 vel
3066 1787 3202 1849 pro·

586 1881 811 1940 miscua
875 1880 1124 1962 fuerint,
1181 1897 1291 1960 per
1348 1897 1380 1938 v
1433 1876 1693 1938 vocalem
1753 1876 1885 1937 loco
1947 1857 2200 1956 posRam
2259 1878 2640 1939 consonantis
2699 1875 3069 1957 scribentur,
3134 1884 3204 1937 ut

767 2057 793 2104 1
836 2050 1222 2119 cognoscimus
1261 2050 1309 2104 0
1340 2048 1728 2121 cognoscimur
1764 2047 1886 2102 AB
2043 2054 2075 2101 3
2115 2049 2262 2116 quod
2299 2050 2464 2119 (quae
2504 2048 2575 2119 Ο)
2612 2048 2658 2104 si
2694 2048 2781 2103 illi
2818 2065 2849 2103 e
2884 2049 3056 2119 longa
3090 2047 3209 2101 BC

586 2129 677 2185 cui
713 2129 761 2185 si
797 2147 828 2185 e
864 2131 1038 2200 longa
1073 2132 1128 2184 A
1330 2136 1361 2185 7
1400 2132 1500 2185 aut
1533 2128 1904 2201 penultimam
1939 2126 1994 2180 Β
2035 2144 2070 2182 a.
2108 2128 2457 2197 paenultima
2490 2128 2609 2184 AG
2800 2130 2970 2199 longa
3004 2131 3060 2184 A

584 2217 618 2263 8
657 2213 844 2267 cetera
880 2212 934 2265 A
982 2210 1152 2266 ceteri
1188 2209 1244 2263 Β
1291 2210 1486 2281 ceterii
1530 2209 1575 2263 0
1714 2214 1747 2262 9
1794 2207 1893 2262 sed
1937 2205 2089 2275 qnia
2126 2210 2390 2265 coroebus
2424 2208 2481 2262 A
2526 2209 2624 2265 sed
2671 2226 2816 2280 quae
2853 2209 3122 2265 coroebus
3163 2209 3210 2262 0

584 2291 681 2346 sed
719 2291 869 2360 quod
907 2291 1179 2346 caroebus
1216 2290 1271 2344 Β
1448 2298 1514 2346 10
1553 2289 1852 2345 Sciendum
1888 2292 2080 2344 autem
2117 2290 2248 2359 quia.
2283 2289 2410 2347 ideo
2446 2289 2501 2343 Β
2673 2289 2765 2345 uel
2812 2288 2949 2358 quia
2993 2319 3060 2329 —
3113 2290 3206 2343 uel

586 2371 736 2440 quod
774 2370 830 2423 A
865 2369 959 2425 uel
997 2387 1142 2439 quae
1173 2401 1238 2410 —-
1268 2369 1361 2424 uel
1398 2369 1550 2439 quod
1589 2369 1636 2424 G
1667 2370 1761 2425 uel
1797 2385 1922 2439 qua.
1962 2386 2102 2425 corr.
2138 2370 2233 2425 uel
2269 2370 2406 2439 quia
2438 2375 2668 2440 utroque
2696 2370 2810 2425 loco
2836 2369 2892 2423 Β
3033 2374 3097 2422 12
3137 2386 3206 2424 ex

591 2450 903 2520 diptongon
949 2447 1137 2503 ABG

1490 2702 1857 2757 MARTYRII
1894 2702 1991 2757 DE
2030 2702 2075 2756 B
2112 2702 2207 2757 ET
2246 2703 2296 2758 V

583 2868 849 2951 lumbus,
896 2888 1078 2930 nervo
1117 2877 1320 2931 notato
1357 2868 1755 2952 solummodo,
1802 2872 1973 2952 quia,
2020 2861 2143 2931 si‘e
2180 2869 2351 2950 longa
2390 2870 2572 2931 suerit
2617 2871 2983 2951 praeposita,
3026 2868 3206 2929 faciet

585 2976 859 3037 verbum:
906 2995 1125 3038 enervo
1164 2979 1321 3037 enim
1360 2972 1712 3059 ἐκνευρίζω
1757 2980 1975 3058 positio
2013 2976 2180 3037 verbi
2218 2975 2463 3057 dicitur,
2511 2978 2682 3037 cuius
2721 2978 3029 3057 rationem,
3066 2993 3204 3036 cum

583 3081 655 3141 de
695 3081 876 3144 verbo
916 3082 1098 3144 locuti
1140 3083 1448 3165 fuerimus,
1478 3082 1906 3146 maturabimus
1936 3082 2204 3145 reddere.
2262 3081 2708 3145 observabimus
2738 3092 2934 3144 tamen
2971 3081 3205 3161 disylla-

582 3187 800 3250 borum
838 3198 907 3251 ut
942 3209 1062 3251 non
1100 3190 1462 3270 egredierint
1509 3209 1826 3252 numerum
1865 3199 1969 3252 aut
2012 3189 2433 3270 paenultimam
2481 3189 2713 3270 longam
2752 3209 2825 3251 ex
2863 3209 2980 3252 una
3018 3189 3204 3250 vocali

591 3298 787 3357 minus
825 3296 1172 3358 naturaliter
1209 3295 1488 3358 habeant:
1525 3315 1660 3358 nam
1687 3296 2004 3359 mutabunt
2042 3299 2418 3378 scripturam,
2445 3302 2513 3357 ut
2548 3298 2711 3358 rivus
2739 3295 2926 3358 clivus
2955 3315 3205 3358 acervus
3232 3307 3260 3347 ⁶

555 3387 891 3481 ⁸genetivus
937 3404 1331 3464 nominativus
1378 3411 1439 3463 et
1498 3410 1715 3464 cetera.
1789 3402 1895 3464 sed
1953 3405 2089 3482 quia
2137 3401 2443 3463 Coroebus
2489 3404 2948 3482 supergrediens
2995 3421 3203 3464 nume-

583 3526 717 3568 rum
763 3507 1183 3587 disyllaborum
1238 3527 1347 3588 per
1393 3508 1432 3568 b
1479 3517 1702 3569 mutam
1751 3517 2021 3590 notatur,
2078 3508 2386 3575 sciendum
2432 3508 2591 3588 quod
2647 3508 2780 3570 ideo
2838 3508 2989 3570 banc
3047 3509 3202 3571 litte-

583 3631 708 3675 ram
755 3618 949 3676 tenuit
993 3616 1054 3675 in
1098 3616 1425 3697 scriptura,
1470 3614 1562 3679 vel
1609 3617 1747 3694 quia
1792 3617 2176 3695 peregrinum
2216 3633 2458 3696 nomen,
2503 3615 2649 3676 haut
2694 3614 2940 3677 latinum
2979 3618 3205 3698 existit,

582 3719 675 3780 vel
722 3722 857 3800 quia
903 3720 1328 3800 paenultimam
1374 3721 1607 3801 longam
1645 3739 1766 3782 non
1804 3741 1877 3781 ex
1915 3739 2031 3781 una
2068 3720 2272 3803 vocali,
2309 3719 2413 3781 sed
2452 3739 2527 3781 ex
2564 3720 2927 3801 diphthongo
2964 3724 3201 3782 meruit.

583 3829 633 3888 si
691 3846 829 3888 vero
877 3826 1114 3889 mobilia
1171 3827 1260 3889 vel
1316 3848 1388 3890 ex
1444 3825 1613 3908 par'te
1662 3827 1898 3890 mobilia
1949 3826 2041 3888 vel
2096 3828 2434 3907 promiscua
2492 3827 2741 3909 luerint,
2796 3846 2906 3907 per
2952 3847 2985 3887 v
3032 3846 3200 3889 voca·
3232 3842 3286 3905 19

583 3934 700 3994 lem
745 3934 875 3996 loco
912 3938 1165 4015 positam
1202 3936 1611 4015 consonantiS,
1658 3941 1726 3996 ut
1763 3951 1951 3994 novus
1998 3950 2145 3993 nova
2192 3949 2436 4013 novum,
2485 3950 2695 3994 saevus
2735 3951 2903 3994 saeva
2943 3952 3202 4016 saevum,

587 4059 808 4102 curvus
854 4060 1035 4103 curva
1081 4060 1358 4124 curvum,
1404 4040 1609 4103 balvus
1655 4039 1821 4101 balva
1867 4038 2130 4121 balvum,
2175 4046 2381 4099 torvus
2420 4047 2584 4100 torva
2623 4048 2858 4101 torvum
2896 4048 2956 4101 et
3002 4039 3202 4102 clavus

584 4147 742 4208 clava
789 4147 1018 4209 clavum
1031 4197 1049 4230 ,
1099 4149 1238 4210 licet
1282 4148 1454 4209 aliam
1499 4166 1607 4228 per
1653 4165 1873 4228 genera
1919 4147 2407 4227 significationem
2454 4149 2820 4230 suscipiunt3
2867 4166 3009 4208 avus
3055 4149 3202 4228 avia,

685 4340 701 4353 “
761 4328 787 4375 1
828 4320 971 4375 facit
1006 4322 1066 4375 et
1101 4319 1334 4376 verbnm
1373 4317 1578 4374 enerbo
1610 4349 1674 4358 —
1716 4319 1786 4374 de
1815 4318 1987 4374 verbo
2017 4317 2074 4372 P
2099 4317 2272 4373 faciet
2320 4320 2379 4373 et
2404 4317 2634 4373 verbum
2664 4335 2868 4375 enervo
2900 4313 3200 4387 ἔκνευρίζω

584 4417 788 4457 enervo
824 4400 1033 4472 positio
1061 4399 1219 4456 verbi
1248 4397 1455 4453 dicitur
1483 4398 1639 4454 cuius
1675 4397 1952 4453 rationem
1982 4436 1995 4451 .
2024 4415 2061 4451 n
2093 4438 2106 4451 .
2134 4413 2261 4450 cum
2288 4395 2359 4450 de
2385 4397 2557 4452 verbo
2584 4398 2653 4451 N
2771 4404 2803 4452 3
2844 4399 3203 4453 observamus

582 4485 776 4537 tamen
818 4480 1223 4551 disyllaborum
1268 4481 1334 4533 nt
1378 4495 1488 4533 non
1534 4475 1875 4548 egredierint
1906 4476 1974 4530 N
2012 4475 2431 4532 observabimus
2477 4479 2668 4531 autem
2704 4476 2752 4531 si
2800 4476 3205 4546 disyllaborum

582 4577 696 4616 non
742 4560 1083 4632 egredierint
1129 4560 1185 4613 P
1356 4563 1389 4611 5
1435 4559 1500 4611 ut,
1544 4554 1722 4611 trivus
1768 4555 1949 4611 clivus
1995 4573 2225 4612 acervus
2269 4554 2651 4610 nominativus
2698 4557 2758 4611 et
2803 4555 3098 4626 genetibus
3144 4558 3205 4611 et

583 4642 772 4697 cetera.
799 4640 854 4694 P
873 4642 939 4696 ut
964 4640 1144 4696 trivus
1173 4637 1350 4694 clivus
1379 4652 1575 4692 cervus
1605 4633 1898 4704 genetivus
1927 4634 2306 4690 nominativus
2335 4636 2394 4690 et
2421 4636 2593 4691 ceteri
2620 4635 2688 4689 N
2781 4641 2811 4691 7
2841 4635 2991 4704 quod
3022 4652 3124 4692 om.
3156 4635 3213 4689 P

655 4726 690 4774 8
727 4720 907 4792 haud]
944 4720 1047 4775 aut
1081 4718 1138 4772 P
1240 4722 1307 4771 10
1344 4714 1439 4769 vel
1473 4713 1789 4784 promiscua
1826 4713 1882 4766 P
1909 4731 1983 4769 an
2017 4714 2337 4785 promiscua
2370 4714 2438 4769 N
2540 4721 2606 4768 12
2643 4714 2844 4770 valvus
2878 4715 3050 4771 vulva
3082 4715 3203 4770 vul·

585 4815 718 4853 vum
754 4799 811 4853 P
932 4802 992 4854 et.
1026 4798 1218 4853 clavus
1255 4796 1417 4851 clava.
1453 4794 1676 4849 clavum
1713 4793 1761 4848 si
1798 4796 1859 4848 et.
1893 4794 2064 4850 aliam
2102 4794 2159 4848 P
2187 4796 2247 4850 et
2281 4789 2477 4865 glovus
2513 4810 2586 4850 va.
2621 4794 2852 4864 glavum
2888 4794 3023 4850 lieet
3059 4838 3074 4852 .
3112 4813 3149 4849 n
3189 4837 3201 4849 .

593 4878 764 4932 aliam
799 4878 881 4931 N·
