3613 5528
579 423 611 486 1
623 423 706 487 86
1657 417 2118 475 CASSIODORII

576 535 618 572 p.
648 524 759 563 2³04
786 524 836 562 P.

573 626 683 688 per
729 607 767 668 b
814 614 1035 668 mutam
1083 606 1406 687 scribetur,
1453 606 1833 667 discretionis
1877 607 2089 685 gratia,
2137 605 2271 666 ideo
2309 624 2385 666 ne
2433 624 2550 667 non
2589 606 2785 686 soreS,
2832 603 2940 665 sed
2984 605 3182 665 ineffa-

574 714 722 775 biles
752 732 927 775 voces
955 714 1282 775 denuntiet.
1323 731 1456 774 nam
1486 715 1538 774 si
1565 732 1674 793 per
1702 714 1739 773 b
1769 720 1992 773 mutam
2021 708 2383 793 enuntiatur,
2409 705 2631 794 θύρας
2666 704 2881 792 ἤγουν
2909 709 3188 773 πυλῶνα

573 813 901 903 λαμπρόν,
947 841 1059 902 ρει·
1094 841 1130 881 v
1176 822 1509 902 digammon
1548 821 1752 882 ultima
1799 820 2027 882 scilicet
2063 818 2308 901 syllaba,
2354 819 2427 881 de
2465 838 2580 899 qua
2619 821 2958 881 etiamnunc
2995 819 3185 899 loqui-

572 946 734 1011 mur,
777 921 897 1003 τὰς
941 919 1190 1003 aalide
1235 929 1549 1007 significat:
1604 927 1849 988 Persius
1896 923 2128 987 ‘balva
2187 926 2269 987 de
2317 945 2483 988 nare
2538 921 2874 987 locutus'.
2948 927 2999 987 si
3045 945 3187 987 vero

570 1033 741 1117 haec,
786 1034 846 1095 id
893 1043 988 1096 est
1033 1035 1078 1117 l,
1125 1053 1243 1096 non
1289 1034 1656 1115 praefulgeat
1698 1034 1896 1096 littera
1943 1034 2034 1095 vel
2069 1016 2153 1095 'ex
2198 1053 2314 1097 una
2354 1033 2538 1095 vocali
2583 1041 2796 1095 natura
2841 1034 3014 1115 longa
3061 1053 3180 1095 non
3211 1048 3239 1088 5

570 1144 686 1203 erit
730 1142 1119 1223 paenultima,
1164 1141 1202 1202 b
1236 1148 1472 1203 ‘mutam
1520 1140 1804 1202 decenter
1850 1142 1912 1201 in
1960 1142 2255 1221 scriptura
2303 1140 2553 1222 tenebit,
2599 1143 2680 1201 ita
2724 1148 2922 1202 tamen
2969 1142 3019 1201 si
3066 1158 3187 1202 non

572 1266 604 1308 a
641 1248 969 1310 masculino
1006 1267 1226 1329 genere
1265 1250 1500 1310 nomina
1539 1249 1763 1310 suerint
1799 1249 2076 1328 figurata,
2122 1256 2188 1309 ut
2233 1246 2416 1307 herba
2455 1246 2597 1308 tuba
2635 1246 2810 1308 turba
2847 1247 2985 1308 iuba
3022 1246 3186 1308 larba

573 1354 785 1430 barba,
824 1356 975 1417 obba
1012 1347 1353 1439 ποτήριον,
1391 1356 1620 1437 glaeba,
1660 1355 1959 1436 pronuba,
1997 1355 2155 1414 orba.
2223 1356 2602 1434 excipiuntur
2639 1363 2872 1415 caterva
2909 1353 3187 1435 Minerva,

571 1478 722 1541 quae
770 1461 1189 1543 disyllaborum
1238 1462 1415 1525 huius
1465 1461 1701 1543 regulae
1745 1463 2086 1543 superantia
2125 1479 2439 1523 numerum
2487 1460 2706 1523 habent
2752 1460 2983 1540 longam
3029 1462 3184 1540 posi·

580 1571 739 1630 tione
788 1568 1221 1649 paenultimam.
1686 1618 1697 1625 .
2675 1576 2680 1581 ’
3219 1585 3272 1623 ιο

756 1748 781 1795 1
821 1741 1134 1798 ineffabiles
1162 1756 1328 1797 uoces
1364 1745 1419 1797 A
1457 1742 1741 1798 ineffabile
1769 1759 1936 1798 uoces
1965 1741 2014 1797 C
2045 1740 2324 1797 ineffabile
2353 1741 2508 1797 uocis
2541 1741 2598 1795 Β
2712 1748 2744 1797 2
2781 1755 2909 1795 nam
2940 1738 2989 1795 si
3024 1756 3124 1810 per
3152 1740 3190 1794 b

569 1823 787 1878 mutam
827 1821 1084 1877 enuntiat
1120 1819 2165 1883 ΕΥΡὸΕΗΤΟΥΝΙΤΥΛΟΝὸὸΜΤΙΡΟΝ
2206 1840 2304 1891 per
2334 1841 2371 1877 u
2399 1822 2726 1893 digammon
2753 1819 3014 1875 ultimam
3043 1818 3210 1899 scili-x

568 1904 660 1957 cet
694 1901 972 1972 syllabam
999 1903 1069 1958 de
1097 1920 1210 1973 qua
1238 1906 1299 1958 et
1332 1922 1479 1957 nunc
1516 1902 1799 1972 loquimur
1826 1898 2146 1961 TACYellas
2184 1902 2467 1972 significat
2501 1901 2723 1956 Persius
2759 1900 2931 1955 ualba
2965 1899 3186 1955 locutus

568 1983 637 2037 de
659 1998 791 2037 nare
810 1981 858 2036 si
877 1999 1012 2040 nero
1029 1984 1086 2038 Β
1114 2001 1245 2039 nam
1272 2002 1373 2055 per
1391 1985 1428 2041 b
1457 1986 1672 2040 mutam
1701 1982 2023 2037 enuntiatur
2050 1976 2498 2040 ΕΥΡὸΕΝΤΟΥΝ
2531 1976 3183 2041 ΡΥΛΕΟΝΛΛὰΜΠΡΟΝ

567 2079 667 2131 ρει·
703 2080 741 2115 u
786 2062 1041 2119 uocalem
1088 2064 1213 2119 loco
1260 2063 1618 2120 consonantis
1666 2063 1868 2119 ultima
1913 2063 2132 2134 syllaba.
2178 2063 2247 2119 de
2293 2079 2406 2133 qua
2442 2065 2502 2117 et
2545 2079 2693 2116 nunc
2737 2062 3022 2132 loquimur
3054 2062 3187 2117 ΤΛ(

568 2142 760 2198 Vellas
807 2142 1090 2214 significat
1123 2143 1347 2199 Persius
1393 2143 1566 2199 nalba
1611 2144 1680 2198 de
1728 2159 1860 2197 nare
1904 2142 2173 2212 loquutus
2212 2143 2260 2197 si
2295 2158 2428 2198 uero
2465 2144 2520 2196 A
2566 2142 2713 2197 Nam
2761 2160 2861 2213 per
2895 2144 2933 2197 b
2970 2145 3185 2196 mutam

569 2223 841 2279 enuntiat.
907 2224 966 2279 Si
1004 2240 1137 2280 uero
1177 2224 1244 2293 0,
1282 2242 1415 2280 nam
1449 2224 1498 2279 si
1532 2218 1723 2292 θύρας
1758 2216 1796 2294 ἢ
1834 2217 1936 2279 τὸν
1971 2223 2189 2278 πιλῶνα
2225 2218 2562 2294 ἀμφίθυρον
2598 2221 2962 2294 significabit,
3015 2239 3114 2292 per
3149 2240 3188 2277 v

568 2303 894 2374 digammon
930 2304 1191 2360 nltimam
1228 2305 1445 2360 scilicet
1492 2304 1794 2374 syllabam,
1842 2304 1911 2359 de
1951 2319 2061 2372 qua
2097 2305 2156 2358 et
2190 2320 2337 2357 nunc
2385 2302 2666 2372 loquimur
2702 2303 2989 2359 scribetur.
3053 2303 3186 2357 Per·

569 2382 685 2437 sius
722 2383 891 2438 balva
926 2383 997 2439 de
1033 2400 1168 2439 nare
1204 2383 1440 2441 locutus.
1498 2385 1546 2439 si
1582 2400 1716 2440 vero
1755 2382 1953 2438 Carrio
2132 2387 2164 2436 5
2211 2381 2376 2454 haec]
2426 2380 2514 2440 .h.·
2535 2384 2592 2438 Β
2771 2382 2965 2438 littera
3014 2398 3112 2452 per
3152 2382 3190 2435 b

574 2464 791 2517 mutam
840 2461 1153 2517 scribentur
1197 2464 1291 2518 uel
1337 2481 1406 2519 ex
1452 2482 1566 2520 una
1598 2465 1654 2518 B
1819 2471 1851 2518 6
1886 2460 2105 2518 tenebit
2139 2462 2327 2517 locum
2353 2480 2389 2516 u
2425 2464 2510 2518 ita
2543 2465 2734 2518 tamen
2767 2463 2824 2517 Β
2988 2468 3018 2517 ’1
3058 2461 3193 2516 iuba

570 2544 755 2615 larba]
805 2543 960 2599 iubal
1008 2543 1147 2599 arba
1180 2544 1299 2598 BC
1337 2545 1473 2600 iuba
1508 2546 1646 2600 arba
1682 2545 1763 2611 A,
1800 2542 1962 2598 larba
1997 2536 2298 2612 δαιμόνιον
2336 2544 2564 2598 editores
2742 2549 2775 2598 8
2822 2541 3000 2597 barba
3043 2541 3193 2595 obba

565 2625 924 2679 ΤΙΟΤΗΡΙΟΝ
976 2623 1145 2692 gleba
1177 2624 1250 2683 Β,
1280 2624 1456 2679 barba
1500 2623 1649 2679 abba
1691 2623 2016 2678 ΠΟΙΝΡΙΟΝ
2065 2622 2233 2693 gelba
2278 2624 2331 2677 A
2381 2623 2560 2677 barba
2605 2622 2753 2678 abba
2797 2621 2967 2692 gelba
3005 2620 3054 2675 G
3181 2652 3191 2660 =

571 2709 604 2757 9
644 2702 810 2773 qnae]
850 2701 999 2772 quod
1038 2702 1087 2757 0
1226 2707 1493 2774 superant
1529 2721 1821 2760 numerum
1859 2701 2045 2758 ABG
2180 2703 2500 2772 habentque
2537 2703 2593 2756 A

1478 2953 1845 3009 MARTYRII
1883 2942 1979 3008 DE
2018 2954 2063 3007 B
2100 2953 2196 3008 ΕΤ
2234 2954 2285 3008 V

572 3130 779 3183 natura
845 3121 1015 3199 longa
1072 3123 1132 3181 in
1199 3121 1557 3201 paenultima
1624 3122 1834 3202 suerit,
1897 3139 2007 3201 per
2062 3140 2096 3180 v
2151 3121 2485 3200 digammon
2544 3120 2867 3201 scribetur,
2922 3127 2991 3179 ut
3045 3119 3189 3179 silva

570 3229 754 3289 malva
792 3228 949 3289 calva
990 3245 1099 3288 uva
1138 3226 1313 3308 oliva,
1360 3236 1596 3307 praeter
1641 3226 1877 3309 balbas,
1923 3229 1975 3287 si
2023 3234 2218 3287 tamen
2264 3229 2429 3306 prior
2468 3225 2685 3306 syllaba
2733 3245 2840 3306 per
2878 3225 2915 3285 b
2964 3232 3189 3286 mutam

570 3334 893 3416 scribetur,
940 3334 1318 3395 discretionis
1364 3336 1575 3412 gratia,
1625 3334 1758 3395 ideo
1796 3353 1872 3394 ne
1911 3353 2029 3394 non
2068 3343 2186 3396 tam
2224 3335 2384 3395 sores
2423 3351 2598 3414 quam
2646 3327 2975 3393 ineffabiles
3014 3350 3189 3392 voces

569 3442 940 3502 denuntient.
1004 3458 1139 3500 nam
1176 3459 1286 3519 per
1321 3439 1359 3500 b
1399 3450 1621 3502 mutam
1660 3442 1998 3502 enuntiatae
2036 3432 2257 3522 θύρας
2294 3433 2508 3521 ἤγουν
2523 3437 2822 3501 ’πυλῶνα
2859 3430 3188 3519 λαμπρόν,

569 3566 679 3628 ρει·
726 3567 758 3606 v
804 3546 1139 3625 digammon
1188 3546 1390 3608 ultima
1437 3547 1666 3609 scilicet
1712 3546 1957 3629 syllaba,
1999 3547 2076 3610 ‚de
2126 3565 2240 3626 qua
2278 3549 2452 3608 etiam
2502 3565 2660 3607 nunc
2707 3545 3023 3625 loquimur,
3069 3536 3190 3616 τὰς
3217 3562 3242 3600 5

570 3645 819 3729 ψελλοές
866 3652 1225 3731 significant:
1272 3652 1514 3714 Persius
1563 3649 1800 3715 ‘balva
1837 3637 1932 3714 ‘de
1979 3662 2147 3714 nare
2196 3648 2531 3714 locutus'.
2605 3654 2656 3712 si
2703 3669 2842 3712 vero
2899 3651 3072 3732 haec,
3127 3650 3188 3711 id

568 3768 662 3822 est
694 3757 753 3839 ·l,
800 3777 917 3819 non
965 3758 1332 3840 praefulgeat
1377 3760 1573 3822 littera
1615 3760 1699 3822 vel
1740 3781 1814 3821 ex
1853 3779 1967 3822 uua
2005 3759 2191 3820 vocali
2229 3768 2436 3820 natura
2484 3759 2656 3838 longa
2693 3776 2813 3819 non
2852 3761 2967 3819 erit
3012 3776 3189 3837 paen-

570 3866 805 3946 ultima,
850 3864 889 3925 b
938 3874 1160 3927 mutam
1199 3867 1483 3928 decenter
1518 3869 1580 3928 in
1618 3870 1915 3946 scriptura
1964 3866 2218 3942 tenebit,
2265 3869 2346 3928 ita
2385 3874 2580 3926 tamen
2619 3867 2667 3926 si
2715 3883 2830 3925 non
2881 3883 2912 3924 a
2961 3882 3228 3954 mascug
3304 3893 3327 3908 -

567 3971 688 4034 lino
736 3990 954 4052 genere
997 3975 1233 4035 nomina
1281 3975 1505 4035 suerint
1550 3975 1826 4055 figurata,
1872 3982 1941 4035 ut
1981 3972 2169 4034 herba
2217 3972 2357 4035 tuba
2404 3970 2579 4034 turba
2623 3970 2788 4052 iuba,
2833 3970 2997 4032 larba
3046 3968 3189 4030 dae.-

570 4072 831 4160 μόνιον,
858 4077 1057 4160 barba,
1086 4078 1236 4140 obba
1265 4073 1606 4162 ποτήριον,
1636 4079 1876 4162 glaebas
1896 4078 2183 4160 pronuba.
2240 4082 2620 4160 excipiuntur
2648 4087 2881 4140 caterva
2909 4077 3189 4157 Minerva,
3221 4095 3272 4133 ιο

573 4188 709 4267 quia
755 4184 1174 4266 disyllaborum
1222 4185 1400 4247 buius
1438 4186 1676 4266 regulae
1715 4187 2056 4266 superantia
2094 4205 2411 4248 numerum
2458 4185 2719 4247 habuere
2756 4185 2989 4265 longam
3028 4186 3186 4264 posi·

571 4295 730 4354 tione
776 4291 1213 4373 paenultimam.

752 4398 831 4459 Ve
880 4397 1099 4477 syllaba
1145 4407 1421 4479 correpta
1464 4418 1575 4479 per
1619 4418 1655 4458 v
1700 4398 2037 4478 digammon
2085 4399 2213 4460 sine
2260 4399 2441 4461 dubio
2489 4398 2815 4481 scribetur,
2872 4401 2993 4461 sive
3042 4417 3074 4458 a
3123 4419 3187 4459 se

718 4576 745 4625 1
796 4573 861 4625 ut
905 4573 1035 4626 sunt
1084 4569 1228 4626 silva
1271 4570 1461 4625 malva
1503 4569 1671 4625 valva
1716 4570 1880 4625 calva
1926 4587 2039 4625 uva
2084 4570 2232 4626 stiva
2275 4571 2428 4626 oliva
2471 4570 2651 4626 saliva
2689 4572 2745 4625 P
2918 4577 2950 4625 2
2998 4570 3187 4641 calva]

575 4650 738 4706 clava
772 4650 838 4704 N
976 4657 1008 4705 3
1056 4667 1127 4705 ne
1155 4665 1282 4726 ,non
1326 4649 1475 4705 fores
1521 4665 1691 4719 quam
1734 4650 2040 4706 ineffabilis
2084 4650 2238 4706 vocis
2284 4651 2616 4707 denuntient
2659 4652 2725 4705 N
2764 4668 2834 4705 ne
2881 4665 2993 4705 non
3043 4649 3191 4704 fores

572 4749 741 4802 qnam
777 4731 1058 4808 ineffavile
1096 4730 1250 4787 vocis
1286 4729 1580 4786 denuntiet
1614 4729 1671 4784 P
1785 4736 1818 4785 5
1856 4730 2116 4785 ultimam
2147 4731 2370 4797 scilicet
2404 4730 2678 4801 syllabam
2712 4730 2843 4786 NP
2946 4737 2979 4785 6
3017 4730 3191 4802 signi·

572 4813 709 4868 ficat
744 4812 799 4866 P
933 4810 1125 4881 balva]
1178 4810 1329 4865 Pers.
1365 4815 1469 4865 sat.
1506 4816 1559 4876 1,
1595 4815 1669 4865 33
1827 4817 1857 4866 ’1
1895 4811 1989 4865 vel
2025 4828 2093 4867 ex
2132 4817 2243 4866 nna
2280 4811 2337 4866 P
2369 4828 2444 4867 an
2480 4828 2548 4868 ex
2584 4829 2697 4866 una
2731 4810 2799 4865 N
2947 4815 3012 4865 12
3049 4826 3188 4881 pen—

572 4889 806 4946 ultimae
843 4889 909 4942 N
1048 4897 1112 4945 13
1150 4890 1458 4946 scribentur
1494 4891 1621 4946 NP
