3613 5528
557 395 688 461 222
1738 395 1983 450 BEDAE

731 578 930 640 Libri
975 578 1058 639 de
1105 577 1625 659 orthographia
1671 588 1955 660 quattuor
1999 579 2119 642 vidi
2165 577 2401 639 codices
2448 596 2624 640 manu
2673 580 2955 658 scriptoS,
3000 575 3161 638 Pari-

556 689 752 748 sinum
802 675 1000 767 7530,
1054 684 1639 764 montepessulanum
1694 684 1853 768 306,
1911 685 2260 747 Leidensem
2313 683 2467 760 122,
2526 684 2966 765 Sangallensem
3014 679 3162 746 249.

554 811 808 872 quorum
856 793 1306 871 antiquissimus
1350 800 1444 852 est
1479 792 1863 855 Parisinus
1903 790 2077 855 7530
2122 801 2328 853 octavo
2367 790 2603 853 saeculo
2650 793 2939 873 scriptuS,
2986 809 3164 870 quem

554 899 845 980 descripsi
882 917 1124 979 gramm.
1154 898 1249 960 lat.
1279 917 1330 960 v.
1361 897 1434 957 lv
1463 918 1519 978 p.
1549 897 1693 960 XLI.
1767 898 1961 960 Bedae
1999 897 2153 960 liber
2190 898 2407 977 legitur
2443 901 2503 958 in
2545 916 2615 958 eo
2654 897 2692 958 f.
2723 892 3163 958 290*—301*

554 1010 734 1085 incip.
773 1008 1007 1068 libellus
1045 1007 1182 1067 beta
1222 1001 1404 1086 (corr.
1435 1005 1504 1065 al.
1536 1025 1611 1067 m.
1642 1000 1820 1088 bede)
1851 1008 2204 1084 presbyteri
2238 1008 2314 1067 de
2342 1006 2475 1066 ort‘o
2509 1006 2562 1065 Α
2599 1009 2805 1066 littera
2840 1036 2915 1047 —
2942 1021 3162 1080 perue-

554 1107 741 1196 nit*).
816 1116 876 1173 in
926 1112 1129 1173 codice
1176 1112 1408 1172 Monte
1426 1111 1821 1191 pessulano
1869 1108 1999 1173 306
2047 1130 2199 1172 saec.
2245 1110 2356 1191 IX,
2412 1113 2583 1173 cuius
2631 1129 2807 1191 supra
2864 1130 2922 1190 p.
2970 1105 3057 1172 85
3103 1112 3164 1169 in

554 1220 729 1301 Capri
785 1227 846 1280 et
891 1219 1163 1299 Agroecii
1217 1216 1386 1279 libris
1443 1221 1806 1279 mentionem
1865 1220 2004 1300 feci,
2060 1218 2156 1279 hic
2210 1217 2363 1279 liber
2408 1221 2628 1279 omisso
2675 1217 2867 1279 Bedae
2923 1218 3163 1278 nomine

556 1346 692 1388 cum
738 1325 870 1387 aliis
917 1325 990 1386 de
1028 1324 1446 1404 orthographia
1490 1323 1659 1384 libris
1698 1326 1959 1403 scriptus
1997 1333 2090 1384 est
2137 1326 2244 1405 ita,
2291 1324 2328 1385 f.
2374 1313 2815 1385 102‘*—107*.
2854 1325 2965 1384 Me.
3003 1327 3167 1398 leuat

556 1437 840 1508 antiquas
890 1464 971 1475 —-
1018 1434 1261 1493 sabbati
1312 1450 1367 1510 p.
1416 1426 1880 1491 2327-2350
1924 1428 2017 1509 Ρ.,
2074 1430 2111 1490 s.
2163 1426 2569 1491 low—109
2627 1431 2720 1491 De
2764 1431 3187 1505 ortoqraphia.

565 1540 977 1615 Ortoqraphia
1027 1556 1217 1613 qrece
1271 1540 1460 1597 latine
1504 1543 1679 1596 recta
1724 1539 2041 1612 scriptura
2097 1529 2334 1616 (isidor.
2382 1535 2434 1618 1,
2483 1529 2598 1618 26)
2661 1569 2736 1580 —
2791 1555 2908 1613 per
2954 1555 2993 1596 a
3039 1544 3099 1596 et
3145 1539 3170 1595 i

553 1647 943 1707 scribendum
980 1653 1092 1720 est,
1140 1645 1178 1704 f.
1213 1639 1601 1704 109*—116
1641 1646 1855 1720 incipit
1895 1643 2052 1704 liber
2089 1645 2166 1703 de
2202 1646 2604 1720 ortographia
2643 1645 2696 1703 Α
2733 1646 2938 1705 littera
2984 1646 3165 1713 etiam

555 1760 700 1814 nota
735 1787 820 1794 ——
858 1770 1055 1812 sermo
1094 1754 1395 1827 peruenit.
1470 1748 1738 1810 codicem
1777 1747 2202 1809 Leidensem
2250 1747 2386 1810 bibl.
2424 1748 2585 1828 publ.
2631 1746 2754 1811 122
2801 1758 2927 1811 tres
2971 1749 3164 1810 Bedae

554 1857 738 1919 libros
776 1861 1179 1919 continentem
1219 1855 1394 1918 modo
1433 1857 1905 1916 commemoravi.
1973 1853 2160 1915 codex
2200 1855 2282 1916 Sa
2302 1854 2701 1934 ngallensis
2739 1852 2869 1916 249
2914 1874 2985 1916 ex
3024 1855 3164 1916 dua-

557 1963 668 2023 bus
716 1964 988 2044 partibus
1025 1965 1390 2042 compositus
1429 1970 1550 2038 est,
1598 1980 1852 2044 quarum
1899 1964 2066 2041 prior
2103 1969 2336 2042 octavo,
2379 1963 2677 2040 posterior
2725 1979 2881 2022 nono
2930 1961 3165 2023 saeculo

557 2072 778 2149 scripta
834 2089 964 2131 esse
1029 2070 1249 2130 dicitur
1313 2071 1375 2129 in
1439 2067 1634 2129 indice
1704 2067 1980 2129 codicum
2039 2066 2505 2147 Sangallensium
2562 2061 3004 2150 (Verzeichniss
3058 2068 3167 2129 der

555 2175 1019 2237 Handscbriften
1068 2176 1174 2237 der
1223 2174 1718 2237 Stiftsbibliothek
1767 2192 1881 2234 von
1930 2174 2014 2238 St.
2061 2167 2296 2257 Gallen)
2355 2193 2408 2253 p.
2455 2171 2559 2235 92.
2633 2176 2694 2235 iu
2749 2177 2950 2255 priore
2990 2184 3166 2255 parte

556 2281 746 2342 Bedae
793 2281 943 2343 liber
990 2284 1249 2361 scriptus
1296 2289 1388 2342 est
1433 2300 1487 2360 p.
1533 2276 1773 2361 1—41,
1820 2280 2008 2341 Liber
2053 2281 2260 2341 Bedae
2298 2279 2524 2356 famuli
2573 2282 2802 2342 Christi
2843 2284 2920 2343 de
2965 2284 3165 2343 ortho-

552 2382 761 2463 &rasta
806 2389 860 2447 Α
906 2391 1111 2450 littera
1149 2422 1235 2431 —
1275 2391 1590 2465 peruenit:
1637 2396 1973 2466 sequuntur
2011 2386 2186 2467 Capri
2232 2395 2292 2448 et
2333 2387 2604 2466 Agroecii
2651 2387 2804 2450 libri.
2875 2392 2939 2449 in
2984 2388 3166 2450 altera

556 2503 723 2573 parte
773 2497 1029 2574 primum
1076 2492 1495 2573 orthographia
1540 2492 1733 2553 Albini
1781 2495 2001 2573 scripta
2050 2502 2142 2554 est
2198 2512 2254 2572 p.
2303 2490 2592 2576 62—91,
2648 2497 2949 2557 Aeternus
2995 2503 3168 2557 aetas

557 2619 776 2661 aeuum
815 2620 934 2677 per
980 2605 1099 2662 duo
1144 2620 1185 2662 u
1232 2634 1302 2643 —
1354 2602 1602 2661 sabbati
1643 2580 1820 2660 ff
1848 2619 1967 2676 per
2014 2601 2083 2661 X
2122 2607 2181 2661 et
2225 2600 2478 2660 Xrisma
2518 2605 2659 2675 finit
2704 2620 2904 2676 amen,
2951 2600 3165 2661 deinde

557 2718 835 2788 excerpta
873 2707 1140 2769 Terentii
1179 2707 1416 2790 Scauri,
1455 2707 1528 2769 cf.
1559 2726 1737 2787 supra
1775 2727 1832 2788 p.
1861 2705 1922 2769 4.
1994 2715 2304 2789 praeterea
2340 2708 2401 2768 in
2441 2707 2646 2775 coslice
2682 2707 2953 2769 Parisino
2988 2704 3163 2771 4841

558 2814 791 2878 decimo
830 2814 1069 2878 saeculo
1106 2817 1330 2894 scripto
1367 2833 1554 2894 pauca
1591 2794 1664 2875 ex
1703 2817 1872 2876 initio
1910 2814 2048 2876 libri
2085 2815 2381 2895 leguntur,
2420 2819 2635 2892 incipit
2669 2818 2825 2877 liber
2862 2818 2938 2877 de
2964 2816 3165 2876 ortho-

552 2925 822 3001 9raphia
860 2923 1067 2984 Bedae
1096 2923 1448 2998 presbyteri
1481 2925 1535 2981 A
1571 2926 1779 2982 littera
1827 2926 2007 2983 etiam
2052 2930 2197 2985 nota
2236 2926 2654 2999 praenominis
2701 2930 2787 2983 est
2829 2941 2957 3001 sqq.
3016 2920 3167 2982 duos

556 3028 793 3089 codices
840 3027 1184 3089 Harleianos
1231 3024 1406 3089 3826
1454 3038 1515 3089 et
1560 3025 1735 3089 3969
1798 3031 2283 3090 commemoravit
2328 3028 2583 3090 Gilesius
2629 3028 2821 3090 Bedae
2868 3046 2961 3108 op.
3005 3046 3054 3087 v.
3094 3025 3167 3085 VI

555 3135 738 3214 praef.
776 3154 843 3214 p:
871 3134 940 3194 11.
1015 3135 1271 3213 denique
1322 3152 1498 3194 manu
1547 3138 1769 3214 scripto
1820 3135 2024 3196 codice
2073 3155 2219 3196 usus
2259 3144 2348 3196 est
2397 3124 2955 3215 Caspar·BarthiuS.
3030 3151 3166 3193 nam

558 3259 628 3302 ex
666 3240 780 3301 hoc
819 3240 969 3301 libro
1007 3243 1192 3320 petita
1229 3247 1371 3301 sunt
1408 3257 1558 3318 quae
1598 3240 1692 3300 ille
1733 3249 2034 3320 tamqnam
2071 3239 2293 3302 inedita
2330 3243 2532 3321 posuit
2573 3241 2798 3302 advers.
2839 3241 2876 3301 l.
2903 3238 3167 3300 XXXVII

557 3366 607 3408 c.
660 3344 743 3407 14
787 3366 844 3426 p.
896 3344 1082 3408 1693.

732 3452 960 3514 Horum
998 3453 1270 3514 codicum
1308 3462 1436 3515 tres
1482 3473 1632 3534 quos
1677 3456 1871 3535 primo
1918 3454 2049 3515 loco
2096 3457 2299 3536 posui,
2343 3453 2681 3515 Parisinum
2719 3462 2780 3516 et
2816 3453 3167 3514 Leidensem

556 3579 588 3621 a
614 3578 728 3620 ‚me
776 3559 914 3621 olim
963 3578 1100 3621 cum
1145 3559 1417 3621 Putschii
1463 3560 1722 3622 editione
1761 3560 2007 3622 collatos
2053 3571 2113 3622 et
2149 3560 2733 3641 Montepessulanum
2780 3580 2813 3621 a
2849 3557 3168 3621 Duebnero

556 3685 903 3748 excussum,
951 3666 1022 3727 ad
1069 3666 1390 3727 editionem
1427 3666 1686 3728 adhibui.
1754 3686 1786 3728 e
1827 3666 2045 3747 quibus
2080 3667 2387 3728 Parisinus
2426 3658 2611 3727 codex
2660 3668 2925 3747 quamvis
2970 3663 3166 3743 negle-

555 3781 765 3852 genter
804 3775 1064 3853 scriptus
1102 3782 1326 3855 tamen,
1374 3775 1652 3853 quoniam
1692 3773 1923 3835 diversa
1963 3792 1995 3834 a
2033 3774 2280 3853 reliquis
2327 3772 2562 3835 duobus
2608 3774 2835 3851 origine
2884 3780 3001 3853 est,
3046 3789 3168 3832 non

558 3879 736 3941 nullis
782 3880 929 3941 locis
977 3899 1172 3941 veram
1214 3882 1571 3959 scripturam
1611 3879 1773 3941 solus
1813 3883 2084 3942 servavit.
2156 3880 2712 3960 Montepessulanus
2759 3888 2820 3939 et
2864 3877 3169 3938 Leidensis

556 4006 627 4047 ex
674 4006 794 4048 uno
841 3989 1162 4069 archetypo
1210 3985 1484 4048 videntur
1542 3986 1827 4066 descripti
1886 4004 2033 4047 esse.
2111 4005 2293 4067 quare
2342 4005 2409 4047 ea
2458 4004 2607 4066 quae
2655 3989 2715 4047 in
2761 3984 3050 4046 alterutro
3096 4002 3170 4044 ex

555 4094 649 4155 his
689 4093 813 4154 solo
850 4092 1131 4173 leguntur
1167 4094 1353 4156 altero
1393 4113 1531 4156 cum
1571 4096 1868 4173 scriptura
1904 4091 2161 4154 Parisini
2198 4093 2418 4155 codicis
2457 4095 2869 4155 consentiente
2913 4092 3168 4154 auctori·

558 4209 739 4262 tatem
767 4220 887 4262 non
925 4200 1163 4282 habent,
1201 4200 1305 4261 sed
1344 4205 1537 4263 errori
1578 4180 1668 4261 {rel
1708 4200 1954 4261 arbitrio
1985 4200 2303 4262 scribentis
2339 4199 2656 4262 tribuenda
2691 4210 2847 4262 sunt.
2895 4199 3172 4269 Leidensi

556 4307 772 4390 codici,
830 4310 932 4386 qui
979 4310 1229 4371 maxime
1289 4307 1402 4367 hoc
1462 4325 1680 4388 genere
1731 4309 2124 4368 mutationum
2172 4315 2232 4368 et
2279 4306 2804 4386 interpolationum
2851 4314 3171 4384 corruptus

557 4423 673 4497 est,
722 4413 931 4475 similis
969 4416 1081 4475 suit
1118 4416 1171 4475 is
1210 4433 1281 4474 ex
1320 4433 1439 4494 quo
1477 4413 1619 4475 olim
1658 4430 1795 4474 cum
1832 4411 2081 4493 reliquis
2118 4412 2310 4474 Bedae
2350 4415 2589 4494 scriptis
2634 4413 2731 4474 hic
2776 4412 2929 4474 liber
2974 4412 3171 4473 editus

735 4612 788 4683 *)
833 4612 917 4669 De
962 4612 1177 4683 origine
1223 4611 1429 4669 codicis
1473 4608 1836 4666 memorabile
1883 4611 1969 4665 esi:
2026 4609 2177 4680 quod
2221 4612 2351 4680 post
2398 4629 2451 4667 v.
2497 4612 2727 4667 diastole
2769 4626 2956 4680 qraece
2999 4609 3173 4664 latine

554 4693 907 4749 interdictum
940 4710 993 4762 p.
1024 4697 1165 4747 2784
1203 4691 1399 4746 eadem
1434 4708 1605 4746 manu
1642 4689 1854 4757 scripta
1881 4691 1968 4743 est
2003 4689 2324 4760 germanica,
2358 4690 2750 4760 interpretatio
2784 4690 3047 4756 sorbeten.
3101 4705 3171 4743 ex

556 4790 668 4841 quo
707 4773 944 4841 apparet
978 4773 1071 4827 vel
1106 4771 1292 4841 ipsum
1330 4770 1576 4825 codicem
1615 4768 1705 4824 vel
1742 4784 1870 4822 eum
1908 4784 1975 4822 ex
2012 4785 2124 4837 quo
2160 4769 2298 4824 haee
2334 4786 2464 4839 pars
2502 4769 2782 4840 descripta
2817 4770 2907 4825 est
2940 4769 3000 4824 in
3037 4768 3172 4823 Ger-

559 4851 749 4906 mania.
786 4849 1056 4921 scriptum
1093 4867 1227 4906 esse.
