3613 5528
1389 419 1528 476 ARS
1567 415 2060 476 GRAMMATICA
2889 414 3019 483 389

420 542 466 579 p.
500 524 563 566 ιε.
593 525 645 566 20
672 521 734 563 H.

425 607 556 670 dico
602 610 770 671 facio.
862 607 1147 688 quaedam
1194 607 1486 669 dictiones
1533 615 1674 670 sunt
1718 606 2045 689 simplices»,
2099 613 2167 667 ut
2220 607 2398 689 facio,
2454 606 2740 687 quaedam
2786 626 3018 687 compo-

425 718 599 798 sitae,
663 724 731 778 ut
784 717 1051 778 conficio:
1151 734 1224 776 ex
1283 716 1626 795 compositis
1681 712 2040 776 dictionibus
2098 714 2380 793 quaedam
2439 715 2590 776 fiunt
2652 733 2725 775 ex
2790 713 3022 776 duobus

426 824 816 903 imperfectis,
881 831 949 883 ut
1005 823 1289 902 sinciput,
1354 839 1489 882 cum
1552 820 1930 900 intellegatur
1986 828 2276 882 sematum
2342 830 2544 903 caput3
2606 821 2893 901 quaedam
2948 840 3020 882 ex

426 931 776 1011 imperfecto
806 939 866 991 et
892 932 1152 1011 integro,
1198 936 1265 990 ut
1302 936 1393 989 est
1431 933 1707 1011 cismare‚
1755 948 1873 1010 quo
1912 930 2277 1008 significatur
2314 932 2461 991 citra
2501 948 2687 1011 mare3
2733 929 3018 1009 quaedam

346 1053 373 1093 5
427 1056 497 1098 ex
544 1040 776 1116 integro
823 1044 884 1097 et
927 1037 1304 1119 imperfecto,
1350 1044 1416 1098 ut
1461 1045 1554 1098 est
1590 1056 1917 1120 cornucen‚
1965 1056 2102 1100 cum
2139 1036 2514 1117 intellegatur
2550 1052 2738 1097 cornu
2776 1055 3020 1117 canens;

427 1142 713 1223 quaedam
759 1161 831 1203 ex
879 1142 1110 1204 duobus
1156 1145 1431 1223 integris»,
1480 1152 1547 1204 ut
1590 1154 1683 1205 est
1727 1146 2118 1226 omnipotens.
2161 1141 2171 1225 Ι

1408 1333 1528 1401 DE
1577 1336 2026 1403 ORATIONE

602 1482 804 1544 Oratio
860 1490 954 1544 est
1007 1500 1110 1543 ore
1166 1483 1379 1543 emissa
1437 1491 1497 1543 et
1549 1501 1658 1563 per
1715 1483 2005 1546 dictiones
2050 1485 2314 1545 ordinata
2369 1486 2799 1567 pronuntiatio,
2862 1484 3022 1545 velut

428 1593 550 1651 oris
587 1592 754 1651 ratio.
830 1591 1114 1651 orationis
1149 1598 1349 1668 partes
1387 1597 1525 1649 sunt
1562 1597 1724 1670 octo,
1772 1608 1987 1651 nomen
2015 1609 2342 1670 pronomen
2373 1591 2617 1654 verbum
2644 1593 3019 1672 participium

351 1716 399 1755 ιο
428 1696 766 1758 adverbium
858 1698 1215 1777 praepositio
1308 1698 1645 1757 coniunctio
1747 1698 2110 1778 interiecti03
2201 1697 2551 1777 quibusdam
2641 1699 2872 1760 videtur
2962 1707 3023 1759 et

427 1805 752 1886 appellatio.

1465 1960 1583 2026 DE
1630 1960 1980 2028 NOMINE

602 2108 830 2169 Nomen
886 2115 979 2170 est
1030 2124 1170 2189 pars
1225 2110 1508 2170 orationis
1569 2127 1705 2171 cum
1771 2127 1912 2170 casu
1968 2111 2095 2171 sine
2155 2119 2418 2191 tempore
2474 2129 2600 2171 rem
2658 2110 3023 2191 corporalem

430 2223 536 2278 aut
598 2219 1044 2293 incorporalem
1107 2218 1444 2298 significans
1507 2219 1746 2298 proprie
1813 2219 2306 2280 communiterve:
2379 2220 2646 2299 proprie,
2708 2226 2776 2279 ut
2840 2218 3024 2279 Roma

609 2387 792 2442 Codex
828 2388 1221 2460 Sanyallenaia.
1322 2396 1352 2444 3
1390 2391 1456 2444 ut
1501 2388 1761 2459 sinoaput
1932 2395 1963 2445 7
2002 2389 2098 2444 DE
2138 2389 2512 2446 ORATIONE
2550 2407 2651 2447 om.
2826 2396 2890 2446 12
2928 2390 3024 2445 DE

430 2466 718 2524 NOMINE
758 2483 859 2522 om.
1008 2473 1075 2523 14
1111 2471 1212 2524 aut
1244 2468 1652 2540 incorporalem
1689 2487 1789 2526 om.
1934 2471 2193 2541 propriae
2231 2471 2615 2528 communiter.
2664 2487 2730 2527 ae
2766 2470 3025 2541 propriae

500 2551 566 2604 ut
599 2554 725 2604 ante
760 2549 939 2603 Roma.
975 2553 1025 2602 et
1062 2553 1189 2604 ante
1225 2548 1424 2605 civitae
1459 2566 1559 2605 om.

605 2715 635 2766 7
675 2708 772 2764 DE
815 2708 1215 2782 ORATIONE]
1255 2727 1366 2767 exc.
1406 2710 1618 2767 Charis.
1648 2728 1708 2782 p.
1748 2715 1909 2781 533,1
1952 2710 2162 2769 Charis.
2196 2729 2252 2782 p.
2282 2717 2487 2781 152,10
2521 2712 2705 2769 Diom.
2735 2729 2797 2783 p.
2825 2716 3025 2779 300,19

504 2797 565 2845 12
602 2790 701 2845 DE
738 2789 1054 2862 NOMINE]
1094 2808 1204 2847 exc.
1245 2792 1456 2847 Charis.
1488 2809 1547 2862 p.
1590 2797 1756 2864 533‚6
1795 2793 2009 2850 Charis.
2039 2813 2102 2864 p.
2141 2798 2346 2861 152,16

427 2985 601 3066 τινὲς
662 2987 868 3068 λέξεις
933 2988 1105 3057 εἰσὶν
1160 2986 1392 3076 ἁπλαῖ,
1452 2986 1546 3070 ὥς
1603 2989 1681 3058 τό
1845 3042 1862 3077 ,
1933 2990 2111 3071 τινες
2184 2989 2509 3060 σύνθεται
2680 3046 2694 3060 .
2759 2993 2831 3060 ἐκ
2891 2995 3026 3059 τῶν

431 3093 781 3161 συνθέτων
838 3097 1082 3177 λέξεων
1136 3123 1312 3177 τινες
1364 3103 1667 3184 γίνονται
1722 3099 1795 3165 ἐκ
1851 3096 1975 3166 δύο
2021 3096 2572 3183 ἀπολειπόντων,
2607 3095 2696 3178 ὡς
2751 3096 2826 3166 τὸ
2880 3096 3027 3186 ἡμι-

428 3201 744 3286 κέφαλον,
801 3202 1000 3274 ὁπότε
1062 3217 1313 3272 νοεῖται
1366 3201 1633 3292 ἡμίσεια
1686 3204 1972 3292 κεφαλή·
2037 3205 2214 3285 τινὲς
2271 3208 2337 3287 ἐξ
2392 3203 2871 3286 ἀπολείποντος
2913 3207 3024 3273 καὶ

430 3319 683 3384 τελείου
836 3365 856 3399 ,
921 3304 973 3406 ᾧ
1039 3315 1427 3400 σημαίνεται
1489 3310 1673 3392 ἐκτὸς
1727 3310 2103 3398 θαλάσσης·
2174 3311 2387 3394 τινὲς
2458 3315 2528 3381 ἐκ
2599 3318 2857 3382 τελείου
2917 3312 3029 3380 καὶ

380 3447 407 3488 ε
432 3419 937 3507 ἀπολείποντος,
986 3416 1074 3500 ὥς
1117 3417 1192 3488 τὸ
1238 3416 1676 3506 κεραταύλης,
1723 3416 1920 3488 ὁπότε
1968 3433 2219 3488 νοεῖται
2257 3417 2293 3489 ὁ
2332 3422 2555 3510 κέρατι
2596 3419 2808 3512 ᾄδων·
2853 3418 3030 3499 τινὲς

433 3532 504 3598 ἐκ
549 3528 673 3599 δύο
721 3532 1007 3597 τελείων.
1048 3534 1058 3608 Ι

1439 3692 1668 3754 ΠΕΡΙ
1708 3693 1769 3754 Λ
1783 3692 2026 3755 oro?

610 3822 828 3910 Λόγος
891 3822 1073 3890 ἐστὶν
1129 3817 1454 3907 στόματος
1518 3816 1851 3907 ἀφεθεῖσα
1908 3821 2018 3888 καὶ
2077 3818 2188 3888 διὰ
2243 3823 2485 3902 λέξεων
2541 3822 3029 3911 συντεταγμένη

436 3929 837 4017 ἐκφωνησις,
894 3922 1042 3996 οἷον
1090 3929 1215 4012 [ἐκ]
1264 3925 1589 4015 στόματος
1632 3925 1953 4015 λογισμὸς
1998 3922 2039 4014 ἢ
2089 3926 2304 4013 λόγος.
2393 3927 2602 4016 λόγου
2647 3929 2811 4017 μέρη
2861 3928 3030 3995 εἰσὶν

360 4065 413 4105 ιο
443 4034 635 4123 ὀκτώ,
682 4033 896 4124 ὄνομα
940 4033 1327 4123 ἀντωνυμία
1384 4036 1561 4122 ῥῆμα
1616 4031 1856 4122 μετοχὴ
1914 4035 2240 4122 ἐπίρρημα
2294 4035 2617 4123 πρόθεσις
2663 4034 3033 4122 σύνδεσμος

440 4146 867 4232 παρένθεσις·
911 4144 1089 4212 τισὶν
1137 4143 1211 4212 δὲ
1259 4146 1446 4211 δοκεῖ
1484 4143 1594 4210 καὶ
1639 4147 2073 4231 προσηγορία.

1326 4345 1554 4407 ΠΕΡΙ
1614 4344 1944 4407 ΟΝΟΜΑ
1961 4345 2150 4406 ΤΟΣ

593 4461 847 4553 Ὅνομά
904 4465 1084 4532 ἐστιν
1140 4464 1339 4551 μέρος
1394 4462 1601 4550 λόγου
1656 4460 1817 4551 μετὰ
1877 4461 2184 4543 πτώσεως
2240 4460 2408 4531 ἄνευ
2460 4461 2712 4551 χρόνου
2766 4463 3034 4550 πρᾶγμα

442 4570 822 4658 ἐνσώματον
868 4566 909 4658 ἢ
956 4569 1382 4657 ἀσώματον
1421 4584 1753 4658 σημαῖνον
1789 4577 2036 4661 κυρίως
2070 4565 2111 4657 ἢ
2153 4574 2339 4650 ἰδίως
2373 4565 2415 4656 ἢ
2452 4573 2721 4654 κοινῶς,
2767 4572 3034 4654 κυρίως,

618 4757 645 4804 1
686 4753 924 4805 συθεται
1085 4756 1118 4804 2
1156 4752 1376 4805 συθετω
1538 4756 1574 4804 4
1608 4747 1758 4812 τινὲς
1794 4766 1896 4805 om.
2057 4754 2089 4804 5
2129 4753 2530 4812 απολειποντος
2576 4750 2640 4803 ut
2683 4752 2715 4803 ὃ
2761 4762 3035 4803 cornuoen

443 4845 565 4883 cnm
598 4826 963 4900 intellegatur
998 4848 1383 4886 οποτενοειται
1421 4845 1590 4884 cornu
1627 4846 1830 4886 canens
1859 4833 2203 4899 κεραταυλης
2230 4849 2261 4885 ο
2291 4830 2618 4899 κεραταὸων
2763 4834 2794 4882 6
2833 4826 3037 4881 εκὸουο

511 4915 543 4965 8
581 4927 826 4980 στοματα
864 4913 1112 4980 φεθεισα
1260 4916 1323 4965 12
1363 4912 1549 4965 ΠΕΡΙ
1584 4911 2019 4966 ΟΝΟΜΑΤΟΣ
2050 4927 2153 4967 om.
2298 4915 2365 4964 14
2398 4903 2436 4981 ἢ
2472 4903 2774 4981 ἀσώματον
2810 4923 2911 4963 om.
