3613 5528
1336 414 1433 467 DE
1475 412 2058 470 ORTHOGRAPHIA
2910 408 2994 476 57

393 528 437 565 p.
464 517 581 557 2821.
610 516 662 556 ss
689 516 739 556 P.

1158 556 1169 577 ι

397 608 525 662 roto
571 610 732 662 rotas
772 599 1001 681 [rotat],
1049 608 1108 660 et
1144 600 1269 661 sera
1306 598 1463 659 feras
1503 608 1563 660 et
1599 599 1730 660 fero
1769 599 1943 660 feras
2019 600 2105 660 sic
2143 617 2253 659 nec
2291 598 2461 659 aliter
2498 582 2794 661 scribitur
2817 615 3001 679 amor,

396 715 454 769 et
501 726 572 768 ex
619 709 856 768 nomine
895 708 1037 768 facit
1074 709 1308 787 amoriS,
1356 725 1429 766 ex
1467 705 1646 766 verbo
1684 707 1917 794 amaris
1993 707 2137 766 satis
2174 723 2315 785 ergo
2354 705 2668 767 collectum
2714 704 2999 784 quaedam

394 833 500 896 per
545 833 578 875 e
622 822 683 875 et
718 816 740 873 i
777 832 897 874 non
943 812 1162 874 debere
1210 813 1409 895 scribi,
1455 812 1559 873 sed
1598 820 1828 874 tautum
1867 830 1975 892 per
2013 814 2051 894 i,
2100 830 2237 872 cum
2274 811 2428 891 apud
2467 811 2724 872 Graecos
2762 828 2999 889 quoque

395 937 465 981 ex
496 922 681 982 veteri
710 919 805 981 illa
844 919 1275 981 consuetudine
1312 922 1689 981 inveniantur
1726 902 1965 980 nomina
2004 937 2155 998 quae
2191 937 2299 998 per
2336 920 2359 979 i
2394 917 2759 999 scribuntur,
2796 934 2999 996 quam-

343 1041 369 1081 5
397 1030 480 1089 vis
525 1028 816 1108 producte
863 1029 1268 1089 enuntientur.

571 1134 893 1205 Quaeritur
938 1116 1099 1209 item,
1146 1133 1278 1196 lulii
1325 1142 1385 1196 et
1431 1133 1658 1197 Claudii
1712 1141 1774 1194 et
1821 1132 2082 1196 Cornelii
2140 1141 2340 1195 utrum
2395 1150 2502 1212 per
2559 1150 2742 1193 tinum
2790 1133 2809 1192 i
2863 1148 3000 1210 pro-

401 1241 642 1303 ductum
690 1259 763 1301 an
801 1259 910 1322 per
948 1241 1065 1303 duo
1105 1240 1359 1304 debeant
1404 1241 1602 1303 scribi.
1682 1247 1742 1301 et
1789 1242 1938 1300 ratio
1987 1241 2168 1318 exigit
2215 1246 2280 1299 ut
2325 1238 2502 1299 huius
2549 1236 2681 1298 Iulii
2726 1254 2835 1316 per
2881 1235 2999 1297 duo

395 1352 415 1409 i
460 1346 788 1409 scribamus
800 1395 817 1428 ,
873 1355 990 1407 tam
1036 1347 1280 1410 hercule
1337 1366 1514 1429 quam
1568 1347 1746 1408 huius
1801 1345 1962 1426 pallii
2007 1353 2068 1406 et
2113 1345 2291 1406 huius
2347 1343 2593 1424 graphii.
2677 1360 2796 1403 non
2843 1343 3001 1403 enim

397 1464 624 1516 tantum
661 1457 723 1515 in
762 1453 1103 1515 masculinis
1139 1455 1253 1517 hoc
1293 1456 1618 1536 quaeritur,
1656 1453 1759 1514 sed
1799 1456 1975 1514 etiam
2015 1450 2075 1513 in
2114 1454 2363 1532 neutriS,
2401 1452 2678 1529 quoniam
2707 1448 2766 1509 id
2801 1455 2999 1528 postu-

319 1576 371 1616 ιο
397 1562 476 1622 lat
521 1564 689 1623 ratio.
781 1579 918 1622 nam
965 1580 1374 1642 quaecumque
1421 1560 1616 1622 datIvo
1663 1560 1949 1639 singulari
1995 1578 2030 1619 o
2077 1558 2272 1619 littera
2321 1559 2742 1632 terminantur,
2788 1573 2824 1615 o
2870 1557 2932 1616 in
2978 1556 3000 1613 i

402 1675 628 1729 mutant
683 1668 1058 1730 manentibus
1113 1671 1330 1731 ceteris
1386 1668 1600 1729 litteris
1659 1675 1719 1728 et
1772 1669 1858 1727 sic
1917 1667 2258 1745 genetivum
2312 1665 2562 1745 faciunt,
2623 1670 2692 1724 ut
2748 1664 3002 1722 maximo

399 1774 948 1855 maximiscandido
996 1775 1245 1837 candidi.
1324 1777 1411 1836 sic
1459 1793 1601 1853 ergo
1648 1776 1709 1834 iu
1756 1773 1905 1835 lulio
1954 1771 2099 1833 nihil
2144 1770 2300 1832 aliud
2349 1788 2524 1849 quam
2570 1788 2605 1830 o
2654 1768 2831 1829 debet
2876 1786 3003 1829 mu-

404 1884 514 1944 tari
566 1890 627 1943 et
670 1883 734 1942 in
779 1881 973 1963 pallio,
1023 1879 1252 1961 [atque]
1304 1892 1369 1943 ut
1414 1883 1513 1942 fiat
1555 1878 1686 1941 Iulii
1723 1887 1785 1941 et
1830 1878 2005 1959 pallii.
2093 1897 2278 1959 aeque
2326 1877 2477 1938 hanc
2523 1876 2769 1938 eandem
2817 1879 3004 1937 ratio-

402 2006 534 2050 nem
583 2007 818 2049 servare
865 1986 1153 2049 debemus
1199 1989 1259 2047 in
1307 1988 1684 2048 nominativis
1729 1984 2075 2068 pluralibuS,
2121 1987 2353 2047 etiamsi
2397 1986 2710 2064 pauciores
2751 1980 3007 2043 habeant

326 2106 373 2147 1⁵
402 2093 650 2174 syllabas
697 2097 759 2155 in
806 2096 1164 2155 nominativo
1211 2093 1514 2172 singulari.
1605 2091 1710 2153 sed
1764 2093 2044 2171 quoniam
2097 2093 2428 2153 invenimus
2476 2098 2536 2151 et
2581 2089 3003 2150 nominativum

401 2200 687 2280 pluralem
736 2209 795 2261 et
842 2199 1101 2261 dativum
1150 2198 1415 2260 eiusdem
1463 2200 1697 2260 numeri
1743 2216 1895 2281 esse,
1940 2207 2009 2259 ut
2045 2200 2065 2259 i
2102 2197 2298 2260 littera
2344 2199 2696 2258 terminatus
2740 2196 3004 2255 nomina-

402 2309 552 2367 tivus
594 2301 603 2388 Ι
643 2307 954 2388 adsumpta
1000 2325 1029 2367 s
1076 2306 1251 2368 saciat
1297 2306 1575 2387 dativum,
1627 2305 1889 2367 detracta
1937 2305 2140 2367 redeat
2186 2323 2399 2366 rursus
2444 2303 2517 2365 ad
2563 2303 3005 2381 nominativum,

403 2422 466 2475 ut
510 2416 573 2474 in
620 2432 690 2473 eo
740 2412 898 2493 quod
945 2421 1038 2474 est
1084 2413 1224 2475 boni
1271 2412 1470 2495 boniS,
1516 2411 1653 2473 mali
1700 2411 1896 2493 maliS,
1942 2409 2103 2472 docti
2149 2411 2358 2493 doctis,
2404 2413 2490 2472 sic
2537 2428 2749 2471 rursus
2788 2427 2820 2470 e
2867 2425 3003 2469 con·

402 2522 608 2602 trario,
655 2519 820 2581 Iuliis
866 2527 927 2580 et
972 2519 1231 2582 Claudiis
1276 2524 1328 2581 si
1366 2519 1696 2581 detraxeris
1742 2536 1799 2600 S,
1848 2517 2221 2597 relinquetur
2266 2517 2398 2579 Iulii
2446 2525 2506 2578 et
2554 2515 2799 2578 Claudii.

321 2639 375 2680 ²⁰
575 2624 723 2688 lllud
781 2628 959 2686 etiam
1013 2624 1411 2687 adnotandum
1470 2627 1628 2686 circa
1675 2627 1697 2685 i
1742 2624 1999 2685 litteram
2047 2632 2165 2705 est,
2221 2622 2377 2704 quod
2427 2642 2493 2684 ea
2543 2640 2691 2702 quae
2744 2640 2853 2682 nos
2898 2640 3007 2702 per

404 2752 468 2794 ae
514 2735 742 2813 antiqui
787 2751 896 2814 per
942 2734 997 2793 ai
1044 2735 1545 2812 scriptitaverunt,
1590 2738 1657 2792 ut
1693 2730 1861 2802 luliai
1900 2729 2176 2792 Claudiai.
2251 2729 2356 2791 sed
2403 2738 2463 2791 et
2510 2728 2746 2810 quidam
2794 2729 2856 2788 in
2897 2727 3007 2789 hac

405 2858 635 2920 quoque
684 2841 1007 2920 scriptione
1057 2837 1371 2899 voluerunt
1415 2856 1546 2898 esse
1580 2837 2018 2918 differentiam,
2074 2845 2140 2898 ut
2184 2836 2438 2924 pluralis·
2487 2835 2727 2916 quidem
2772 2837 3007 2896 numeri

406 2948 794 3007 nominativus
842 2964 1017 3006 casus
1062 2962 1172 3024 per
1217 2964 1249 3004 a
1296 2953 1357 3005 et
1404 2963 1436 3004 e
1484 2943 1870 3025 scriberetur,
1916 2946 2223 3023 genetivus
2269 2961 2409 3004 vero
2458 2942 2775 3023 singularis
2821 2930 2927 3022 per
2975 2960 3007 3002 a

406 3063 464 3113 et
509 3055 546 3135 i,
590 3053 703 3113 hoc
752 3070 987 3133 quoque
1035 3056 1543 3131 argumentantes,
1591 3047 1747 3129 quod
1797 3048 2108 3129 diaeresis,
2163 3052 2284 3110 sive
2333 3049 2569 3130 dialysis
2614 3049 2710 3110 illa
2757 3046 3007 3130 dicetur,

322 3170 378 3212 2⁵
407 3180 439 3220 a
484 3161 837 3220 nominativo
884 3156 1097 3238 plurali
1145 3175 1264 3217 non
1302 3157 1383 3237 fit,
1431 3155 1533 3217 sed
1579 3174 1651 3217 ex
1701 3153 1987 3235 singulari
2032 3154 2290 3236 obliquo,
2337 3172 2472 3216 cum
2520 3154 2738 3217 dicitur
2787 3149 3009 3216 ‘aulai

406 3269 470 3327 in
517 3260 784 3327 medio'
833 3273 894 3325 et

718 3371 916 3432 dives
964 3390 1248 3453 equum,
1299 3371 1499 3432 dives
1544 3371 1768 3449 pictai
1818 3370 2043 3430 vestis
2091 3377 2161 3430 et
2206 3370 2390 3451 auri,

407 3484 546 3541 item
593 3481 681 3541 rei
726 3479 980 3558 nostrai,
1038 3477 1352 3561 faciendai,
1408 3478 1655 3556 magnai.
1739 3475 1845 3536 sed
1893 3475 2039 3537 nihil
2094 3475 2288 3560 obstat
2344 3493 2460 3555 quo
2507 3478 2706 3537 minus
2751 3474 2865 3535 hoc
2911 3482 3014 3536 aut

543 3678 725 3734 Codex
743 3676 1037 3731 Parrhasii
1090 3684 1124 3731 4
1142 3676 1458 3733 scribantur
1476 3673 1732 3745 quamuis
1751 3673 2059 3743 productae
2075 3673 2436 3729 enuntientur
2510 3680 2540 3729 7
2562 3674 2766 3729 debeat
2836 3680 2869 3728 8
2890 3674 3013 3728 her-

406 3757 584 3813 culem
710 3755 859 3811 enim
896 3771 997 3810 om.
1030 3755 1089 3824 0,
1125 3758 1186 3811 in
1223 3774 1394 3827 mary.
1425 3758 1553 3813 add.
1592 3771 1621 3810 c
1748 3759 1815 3807 10
1851 3752 2185 3808 terminatur
2312 3760 2377 3808 12
2417 3753 2622 3809 debeat
2740 3760 2806 3809 13
2843 3753 3013 3808 ratio·

402 3855 528 3892 nem
564 3853 664 3892 om.
798 3841 863 3890 1ss
901 3836 1236 3891 terminatur
1364 3843 1430 3892 18
1468 3852 1657 3890 rursus
1689 3833 1986 3901 posteriore
2022 3834 2135 3888 loco
2171 3848 2272 3889 om.
2314 3833 2382 3902 Ο,
2420 3834 2545 3888 add.
2585 3851 2614 3888 c
2744 3839 2808 3888 19
2845 3832 3011 3888 reliu-

404 3918 604 3986 quetnr
630 3918 695 3970 ut
721 3915 856 3970 Iulis
885 3918 944 3970 et
972 3915 1198 3970 Claudis
1310 3921 1374 3969 21
1409 3913 1870 3984 scriptitauerunt
1897 3911 2062 3967 Iuliai
2181 3917 2266 4033 23(l
2280 3912 2633 3983 scriberetur]
2665 3912 3014 3968 scribebatur

2188 4004 2236 4034 Ιθ

474 4055 543 4103 24
580 4047 850 4103 diheresis
880 4047 998 4104 siue
1028 4048 1301 4120 dialypsis
1329 4049 1432 4104 illa
1458 4048 1737 4104 diceretur
1849 4050 1917 4100 28
1954 4044 2182 4116 magnai
2218 4064 2243 4117 s
2277 4045 2422 4100 nihil
2459 4046 2526 4101 C:
2567 4047 2666 4101 sed
2690 4062 2959 4117 super-scr.
2987 4061 3015 4115 ς

545 4242 574 4290 1
603 4238 836 4303 foetasse
855 4236 914 4289 et
939 4235 1058 4290 fera
1083 4235 1231 4291 feras
1250 4239 1310 4292 et
1334 4236 1513 4291 feram
1536 4235 1683 4291 feras
1781 4239 1817 4287 4
1844 4231 2157 4288 scribantur
2173 4232 2230 4286 R
2330 4239 2363 4288 6
2391 4251 2492 4304 ρει·
2508 4234 2722 4288 unumi
2747 4232 3013 4302 producte

402 4332 474 4370 an
493 4332 593 4386 per
612 4316 721 4371 duo
741 4316 948 4370 debeat
962 4314 1019 4369 R
1130 4322 1194 4371 13
1216 4319 1404 4387 atque,
1426 4317 1571 4387 quod
1587 4315 1799 4380 seclusi,
1819 4330 1887 4370 ea·
1904 4330 1962 4369 eo
1981 4316 2127 4384 quod
2142 4314 2388 4383 κριθέων
2404 4330 2584 4383 aeque
2600 4314 2818 4368 videtwr
2835 4317 3016 4366 ortum

402 4411 510 4450 esse
649 4395 795 4451 hanc
833 4394 1068 4450 eandem
1105 4413 1328 4451 seruare
1364 4396 1629 4451 debemus
1663 4393 1940 4449 rationem
1976 4394 2037 4449 in
2072 4393 2432 4450 nominatiuis
2469 4392 2803 4463 pluralibus,
2841 4392 3014 4446 etiam

404 4475 451 4529 si
488 4476 779 4545 panciores
816 4475 1028 4530 habent
1063 4475 1314 4546 syllabas
1350 4474 1406 4529 R
1535 4470 1600 4529 16
1638 4475 1869 4540 fortasse
1898 4471 2143 4528 eiusdem
2172 4471 2388 4527 numeri
2415 4472 2759 4542 syllabarum
2787 4487 2906 4526 esse

404 4561 471 4609 21
510 4554 971 4624 scriptitauerunt
998 4554 1162 4610 Iuliai
1192 4554 1464 4610 Claudiai.
1505 4553 1603 4608 sed
1639 4551 1871 4622 quidam
1908 4553 1965 4607 R
2091 4559 2160 4608 23
2197 4570 2298 4623 per
2326 4569 2362 4608 a
2389 4553 2448 4606 et
2474 4566 2505 4605 e
2541 4549 2817 4605 scribatur
2852 4550 2908 4605 R

404 4641 473 4689 24
511 4634 775 4690 diaeresis
804 4635 924 4689 siue
952 4634 1216 4704 dialepsis
1252 4634 1356 4688 illa
1381 4634 1660 4688 diceretur
1686 4632 1756 4689 R.
1817 4633 2048 4703 dialysis
2077 4633 2292 4701 scripsi,
2319 4646 2649 4700 quamquam
2674 4629 2773 4682 hoc
2797 4633 3017 4686 nomine

404 4715 468 4769 de
506 4715 739 4769 dicensi
773 4731 910 4782 quae
944 4714 1107 4782 vulyo
1143 4714 1351 4768 dicitur
1381 4715 1610 4785 proprie
1644 4730 1759 4768 non
1785 4715 1878 4769 usi
1902 4718 2034 4768 swnt
2067 4710 2414 4781 yrammatici
2548 4713 2616 4762 25
2645 4707 2820 4781 aulai]
2857 4708 3013 4781 Very.

406 4793 542 4848 Aen.
584 4793 711 4848 III
744 4798 853 4848 354
890 4792 1040 4848 aulai
1075 4792 1261 4848 medio
1406 4798 1474 4847 27
1512 4791 1691 4863 dives]
1738 4792 1892 4861 Very.
1921 4793 2062 4849 Aen.
2095 4791 2313 4846 VIIII
2335 4795 2416 4846 26
2558 4792 2628 4842 28
2665 4788 2765 4843 sed
2800 4787 3018 4846 sciIicet

408 4872 548 4927 nihil
583 4873 771 4930 obstat
807 4872 863 4926 R
