3613 5528
1364 428 1462 483 DE
1501 385 2080 487 ORTHOGRAPHIA
2910 427 3037 492 163

429 544 473 581 p.
500 534 618 575 2293.
646 533 699 574 94
721 532 773 571 P.

430 616 673 678 subesse
721 613 1201 677 subauscultare:
1246 612 1549 676 interdum
1597 622 1783 677 mutat
1829 617 1891 675 in
1939 613 2185 675 eandem
2231 612 2488 673 litteram
2538 630 2569 672 a
2617 631 2732 693 qua
2779 629 3037 691 sequens

430 724 665 785 inchoat
706 721 984 803 verbum,
1037 729 1107 783 ut
1151 720 1373 782 sufficit
1431 722 1678 784 suffudit
1724 722 2042 783 summovit
2097 721 2527 781 sumministrat
2573 721 2858 800 supponit
2902 737 3038 798 sup-

428 834 630 912 primit
684 831 981 911 suggerit:
1051 835 1337 908 sequente
1386 846 1417 888 r
1462 826 1659 889 littera
1718 831 1946 907 integra
1995 835 2219 908 manet,
2274 836 2340 888 ut
2385 825 2641 887 subrado
2699 825 3039 904 subremigo

428 937 736 1019 subrideo,
791 956 901 999 nec
958 953 1237 1016 umquam
1294 944 1581 1015 sequente
1638 955 1669 996 r
1722 935 1919 996 littera
1974 935 2394 1014 corrumpitur.
2483 931 2522 993 b
2577 935 2637 993 in
2694 951 2722 993 s
2778 940 3041 993 mutatur

376 1064 403 1105 5
430 1044 815 1124 sequentibus
860 1052 888 1104 t
931 1052 992 1104 et
1038 1061 1097 1124 c,
1142 1050 1211 1104 ut
1256 1043 1501 1105 sustulit
1545 1045 1826 1123 suscepit.
1869 1037 1879 1122 Ι

606 1150 690 1211 De
749 1152 1110 1231 praepositio
1171 1158 1273 1212 aut
1332 1149 1507 1230 plena
1567 1152 1628 1211 in
1690 1148 2219 1230 compositionibus
2280 1151 2550 1230 ponitur,
2611 1156 2677 1210 ut
2743 1147 3039 1209 deducere

429 1258 836 1320 demonstrare
875 1256 1222 1339 detrudere3
1269 1264 1372 1318 aut
1408 1258 1787 1337 correptione
1827 1275 1860 1316 e
1897 1255 2129 1318 litterae
2167 1257 2597 1336 corrumpitur,
2641 1263 2708 1315 ut
2744 1254 3039 1316 deorsum.

432 1384 568 1427 nam
616 1365 849 1446 quando
896 1366 957 1426 in
1004 1366 1023 1424 i
1070 1363 1327 1425 litteram
1377 1366 1620 1443 transit,
1669 1372 1736 1425 ut
1780 1372 1874 1424 est

746 1477 909 1533 aera
956 1470 1261 1533 dimovit
1306 1469 1773 1532 tenebrosum
1823 1477 1892 1530 et
1938 1469 2248 1550 dispulit
2294 1469 2608 1552 umbras,

350 1600 403 1638 ιο
432 1595 550 1638 non
595 1587 689 1639 est
733 1597 764 1638 a
811 1580 1250 1659 praepositione
1298 1575 1399 1659 de,
1446 1576 1550 1638 sed
1598 1576 1718 1657 dis,
1764 1584 1834 1637 ut
1878 1576 2142 1637 distraho
2189 1576 2481 1657 dispereo.

604 1684 708 1746 Dis
744 1664 1105 1765 praepositio
1135 1704 1164 1743 s
1193 1692 1481 1763 sequente
1519 1683 1777 1746 litteram
1806 1702 1836 1744 s
1874 1701 1992 1744 non
2022 1685 2271 1757 amittit,
2310 1691 2378 1743 ut
2405 1683 2714 1764 disspicio,
2743 1686 3042 1763 sequenti·

428 1790 541 1852 bus
604 1810 743 1852 vero
801 1790 839 1851 b
885 1791 922 1852 d
969 1810 1007 1871 g
1052 1791 1070 1852 l
1117 1808 1177 1850 m
1223 1808 1263 1850 n
1310 1809 1342 1850 r
1406 1792 1648 1871 amittit,
1713 1796 1780 1849 ut
1848 1780 2155 1848 dibucinat
2208 1788 2437 1851 diducit
2492 1789 2708 1869 digerit
2763 1789 3043 1852 dilacerat

430 1897 709 1960 dimovet‘
738 1900 996 1960 dinoscit
1049 1897 1253 1976 diripit
1309 1889 1641 1979 (interdum
1697 1913 1727 1955 s
1781 1895 1975 1957 littera
2036 1902 2323 1974 sequente
2380 1915 2411 1954 r
2466 1897 2527 1956 in
2585 1895 2832 1957 eandem
2889 1896 3044 1957 litte·

429 2023 556 2066 ram
610 2014 901 2087 mutatur,
956 2013 1024 2066 ut
1079 1997 1442 2087 dirrumpo)3
1499 2009 1786 2081 sequente
1844 2002 1871 2061 Γ
1922 2010 2125 2063 nostra
2180 2001 2612 2064 consuetudine
2671 2004 2732 2063 in
2796 2003 3044 2065 eandem

352 2131 405 2171 ιε
434 2120 621 2174 mutat
664 2111 950 2195 litteram,
996 2120 1064 2173 ut
1108 2110 1392 2173 diffundo.

607 2219 692 2280 Re
729 2221 1089 2300 praepositio
1119 2236 1239 2278 non
1268 2225 1500 2277 tantum
1527 2215 1698 2296 plena
1728 2217 2116 2296 praeponitur
2145 2215 2498 2295 quibusdam
2526 2216 2798 2298 partibus
2827 2220 3043 2280 oratio·

433 2327 550 2404 nis,
595 2335 663 2387 ut
709 2333 974 2387 removet
1017 2326 1262 2386 refricat
1309 2302 1589 2403 respirat,
1637 2321 1741 2383 sed
1788 2332 1850 2384 et
1896 2323 1930 2384 d
1979 2323 2234 2384 litteram
2276 2327 2554 2404 assumit,
2602 2334 2669 2387 ut
2706 2332 2799 2386 est
2843 2324 3042 2386 redire

434 2432 715 2494 redolere.
790 2431 892 2493 sed
931 2432 1231 2493 interdum
1269 2430 1304 2491 d
1355 2429 1499 2491 haec
1538 2430 1735 2491 littera
1772 2432 2134 2511 geminatur,
2181 2433 2458 2510 quotiens
2495 2430 2568 2491 ab
2606 2432 2813 2493 eadem
2849 2431 3044 2493 littera

435 2556 687 2617 sequens
732 2540 943 2618 incipit
987 2537 1205 2619 syllaba
1250 2544 1311 2598 et
1357 2554 1474 2597 una
1520 2554 1659 2616 pars
1705 2536 1991 2596 orationis
2037 2534 2336 2619 expletur,
2382 2545 2450 2598 ut
2496 2536 2745 2599 reddere
2795 2537 3046 2598 dicimus

358 2664 415 2704 so
440 2648 727 2724 geminata
773 2644 838 2727 d3
884 2645 1173 2707 reducere
1220 2652 1416 2705 autem
1465 2641 1719 2722 simplici
1764 2644 2008 2704 utimur.

607 2752 797 2814 Trans
832 2755 1192 2835 praepositio
1229 2752 1530 2814 interdum
1569 2748 1740 2831 plena
1780 2757 1899 2832 est,
1946 2758 2013 2812 ut
2049 2750 2354 2813 transtulit
2397 2759 2760 2815 transactum
2807 2761 3044 2816 transeo

438 2862 743 2941 transitus,
788 2860 1087 2922 interdum
1137 2860 1452 2938 minuitur,
1499 2865 1565 2917 ut
1613 2857 1811 2917 traicit
1857 2856 2133 2918 traducit.

601 2965 672 3026 Se
687 2969 1044 3047 praepositio
1059 2964 1356 3027 interdum
1374 2963 1776 3041 assumptione
1792 2962 2022 3023 litterae
2040 2963 2075 3024 d
2093 2968 2505 3048 corrumpitur,
2515 2975 2582 3027 ut
2598 2967 2810 3027 seditio
2827 2967 3045 3029 sedulo.

611 3146 643 3194 6
680 3139 764 3193 De
800 3136 1144 3209 praepositio
1184 3136 1295 3191 Vel.
1333 3134 1508 3204 Lonq,
1549 3137 1639 3200 64,
1676 3139 1746 3187 19
1894 3139 1958 3187 11
1998 3133 2097 3188 Dis
2135 3135 2477 3205 praepositio
2515 3136 2627 3192 Vel.
2665 3138 2841 3208 Lony.
2882 3144 2973 3206 65,
3013 3146 3048 3193 5

543 3224 608 3274 16
644 3219 726 3273 Re
760 3217 1101 3289 praepositio
1140 3217 1251 3273 Vel.
1281 3217 1455 3286 Lonq.
1495 3219 1585 3281 65,
1615 3219 1694 3270 20
1839 3219 1906 3267 21
1945 3213 2124 3268 Trans
2160 3216 2503 3286 praepositio
2543 3217 2651 3273 Vel.
2681 3218 2856 3288 Lonq.
2887 3223 2980 3286 66,
3011 3225 3047 3274 9

617 3367 645 3415 1
685 3362 1104 3417 subauscultare
1132 3376 1272 3415 corr.
1303 3356 1724 3413 subabscultare
1750 3355 1806 3408 B
1836 3354 2258 3413 subabscultare
2285 3358 2339 3411 A
2353 3358 2401 3412 G
2537 3362 2722 3416 mutat
2749 3376 2782 3420 ς
2795 3360 2844 3414 O
2865 3364 3048 3417 muta·

439 3441 529 3494 tur
562 3441 680 3495 AB
837 3449 869 3497 2
918 3439 1171 3510 suffudit]
1219 3436 1436 3493 suffidit
1461 3434 1641 3489 ABG
1672 3435 1886 3505 suffigit
1922 3452 1981 3504 ς,
2020 3438 2248 3493 suffodit
2284 3438 2469 3493 Velius
2495 3439 2745 3510 Lonyws,
2784 3442 3053 3499 suffundit

442 3521 667 3577 Marius
712 3522 1032 3578 Victorinus
1057 3539 1119 3591 p.
1158 3524 1250 3586 19,
1285 3523 1320 3573 3
1492 3516 1881 3573 subministrat
1920 3518 1968 3572 0
2132 3523 2164 3572 5
2204 3535 2234 3573 c
2273 3520 2330 3573 et
2366 3521 2392 3573 t
2431 3519 2478 3573 G
2630 3527 2660 3576 7
2701 3524 3050 3595 correptione

440 3617 470 3654 e
504 3600 722 3658 litterae
758 3602 815 3656 A
853 3602 1206 3673 corruptione
1244 3600 1403 3667 (corr.
1444 3596 1792 3667 correptione
1829 3598 1906 3665 B)
1946 3616 1977 3652 e
2011 3598 2205 3653 littera
2237 3597 2354 3651 ΒΟ
2502 3601 2568 3653 ιιι
2602 3599 2827 3657 dorsum
2868 3602 2916 3656 G'

442 3686 473 3733 9
509 3683 663 3753 aera]
712 3682 867 3752 Ver-9.
907 3679 1044 3737 Aen.
1096 3679 1148 3734 V
1171 3683 1283 3734 839
1432 3683 1497 3731 10
1534 3681 1600 3733 ut
1634 3678 1884 3735 distraho
1922 3678 2219 3748 dispertior
2253 3680 2320 3734 de
2354 3680 3054 3749 ort1m9r.p.2333.duo

440 3763 683 3831 exempla
711 3762 1145 3832 praepositionis
1182 3759 1267 3814 dis
1293 3758 1630 3828 neyleqentia
1664 3760 2014 3827 yrammatici
2049 3759 2155 3813 hue
2180 3760 2438 3814 videntur
2464 3762 2741 3816 translata
2770 3779 2892 3831 esse,
2931 3780 3054 3819 eum

441 3842 502 3894 in
527 3841 599 3895 iis
625 3857 763 3911 quae
781 3847 976 3911 postea
1002 3842 1068 3896 de
1092 3842 1197 3895 hac
1213 3838 1625 3909 praepositione
1651 3839 1922 3893 adnotata
1948 3843 2079 3893 sunt
2103 3840 2314 3908 scripta
2344 3845 2530 3906 essent,
2557 3846 2621 3894 ut
2647 3858 2766 3896 eam
2791 3845 3054 3911 sequenti-

441 3922 538 3978 bus
582 3924 608 3975 t
639 3926 704 3978 et
748 3939 786 3991 p
833 3922 1071 3976 litteram
1116 3938 1143 3974 s
1191 3934 1308 3973 non
1344 3918 1588 3972 amittere
1615 3918 1976 3985 probaretur.-
2013 3917 2084 3985 cf.
2126 3917 2303 3973 Prisc.
2342 3920 2378 3974 l.
2419 3918 2670 3988 XIVp.
2711 3927 2912 3988 56,18

441 4002 677 4072 disperio
706 4002 761 4057 B
871 4007 935 4055 11
969 4000 1068 4055 Dis
1094 3996 1437 4069 praepositio
1466 4014 1491 4050 s
1520 3997 1785 4064 sequente
1814 3994 2062 4050 litteram
2092 4015 2118 4051 s
2143 4014 2256 4051 non
2283 3996 2498 4054 amittit
2524 4001 2590 4055 ut
2617 3999 2852 4070 dispicio
2869 4001 2926 4055 A
2954 4001 3055 4055 Dis

442 4082 779 4152 praepositio
805 4082 1075 4150 sequente
1095 4098 1121 4134 s
1149 4079 1341 4134 littera
1367 4093 1476 4130 non
1505 4072 1719 4129 amittit
1746 4077 1812 4128 ut
1837 4074 2069 4144 dispicio
2090 4078 2248 4143 (corr.
2271 4076 2534 4147 disspicio
2555 4081 2601 4147 e)
2634 4079 2682 4133 G
2705 4080 2803 4135 Dis
2823 4097 3056 4151 praepo-

442 4160 568 4217 sitio
586 4164 909 4232 sequentem
937 4160 1184 4216 litteram
1205 4177 1231 4213 s
1248 4174 1361 4212 non
1381 4155 1596 4211 amittit
1620 4156 1686 4208 ut
1713 4153 1949 4225 dispicio
1980 4157 2138 4224 (corr.
2161 4155 2449 4228 disspicio)
2467 4157 2548 4214 B:
2582 4160 2650 4227 cf.
2672 4176 2783 4215 exc.
2808 4160 3056 4216 Caesellii

438 4276 492 4327 p.
521 4265 672 4315 2316
811 4265 875 4313 13
915 4257 1191 4328 dimovet]
1236 4233 1456 4311 diffouit
1484 4251 1532 4306 G
1554 4250 1776 4306 diuouit
1800 4251 1858 4305 A
1987 4257 2055 4307 14
2087 4252 2144 4307 in
2172 4254 2407 4309 eandem
2435 4255 2687 4311 litteram
2713 4260 2965 4313 mutatur
2993 4262 3057 4312 ut

445 4338 724 4410 disrumpo
751 4339 808 4393 A
845 4339 904 4394 in
935 4338 1169 4394 eandem
1200 4341 1360 4404 (corr.
1390 4334 1448 4387 in
1476 4331 1691 4400 eadem)
1728 4332 1922 4386 littera
1951 4335 2201 4388 mutatur
2227 4336 2292 4389 ut
2318 4334 2605 4406 dirrumpe
2645 4336 2692 4390 C
2722 4337 2779 4391 in
2819 4338 3053 4392 eandem

444 4418 685 4474 litteram
721 4420 975 4474 mutatur
1009 4419 1076 4471 ut
1112 4414 1371 4484 dirumpo
1408 4412 1509 4469 Bs
1687 4413 1958 4480 sequente
1994 4412 2023 4465 f
2052 4429 2184 4466 nam
2235 4415 2387 4481 (nam
2426 4431 2526 4470 om.
2566 4419 2620 4484 ς)
2658 4417 3055 4472 consuetudine

444 4498 684 4566 ΛΒΟς,
721 4516 854 4554 nam
892 4500 1161 4567 sequente
1196 4497 1226 4549 f
1263 4489 1662 4551 'consuetudine
1697 4489 1920 4546 Cam-io:
1967 4493 2037 4559 cf.
2068 4509 2243 4562 supra
2270 4511 2332 4562 p.
2360 4500 2495 4561 162,
2523 4501 2598 4550 18
2744 4503 2808 4550 15
2847 4497 3053 4568 mutat]

446 4582 687 4632 mutatur
730 4577 787 4631 A
954 4583 1018 4631 16
1065 4573 1422 4645 quibusdam]
1470 4571 1698 4640 quidam
1751 4572 1797 4624 G
1958 4579 2022 4627 18
2074 4574 2211 4629 haec
2257 4575 2294 4627 d
2339 4572 2532 4628 littera
2579 4574 2765 4630 Velius
2811 4577 3052 4645 Lemnis,

446 4656 483 4709 d
526 4655 715 4711 littera
761 4657 829 4711 de
874 4658 1109 4725 orthoyr.
1154 4672 1210 4723 p.
1247 4657 1395 4708 2344
1540 4657 1604 4704 21
1667 4651 1844 4706 Trans
1886 4653 2166 4708 interdum
2210 4655 2554 4723 praepositio
2600 4655 2770 4724 plena
2803 4655 2918 4709 Aa

350 4755 361 4762 ·
442 4739 514 4788 *23
553 4734 624 4789 Se
659 4735 1001 4806 praepositio
1038 4736 1094 4788 A
1131 4734 1263 4790 Sine
1299 4731 1641 4804 praepositio
1674 4732 1860 4800 Bos,
1909 4733 1971 4800 83
2009 4733 2349 4803 praepositio
2393 4733 2527 4791 Par.
2683 4736 3057 4803 corrumpitur

450 4829 549 4868 om.
587 4813 633 4866 G
767 4815 987 4882 sedulo,
1024 4816 1170 4885 quod
1206 4813 1324 4868 sine
1362 4813 1492 4868 dolo
1530 4827 1639 4866 esse
1672 4813 1963 4867 voluerunt
1997 4814 2368 4882 mumuratici,
2407 4830 2517 4882 pro
2554 4816 2793 4884 exernplo
2821 4833 3053 4884 praepo—

450 4895 664 4949 saionis
699 4912 811 4950 non
844 4899 1088 4949 mutatae
1116 4894 1366 4963 posuisse
1400 4893 1616 4947 videtur
1652 4890 2000 4961 Papirianae

2522 4985 2631 5039 11*
