3613 5528
1213 431 1562 488 EXEMPLA
1597 432 2067 488 ELOCVTIONV
2070 433 2127 487 M
2847 433 2978 497 503

367 542 416 580 p.
443 532 522 573 256
550 530 604 570 L.

549 616 755 696 Pugno
801 617 863 676 in
912 615 1102 698 illum,
1150 615 1265 677 Sal.
1314 616 1479 679 Catil.
1527 619 1779 693 (52,30)
1829 625 2079 679 contra
2134 617 2512 697 imperium
2568 619 2640 678 in
2700 616 2976 680 hostem

371 733 819 805 pugnaverat
863 771 877 784 .

550 829 930 903 Pollens,illa
975 849 1069 912 re,
1118 830 1231 892 Sal.
1279 831 1402 910 lug.
1453 832 1610 907 (631)
1657 831 1941 912 pollens
1987 831 2273 893 viribus
2318 878 2332 892 .

548 936 758 999 Privus
803 937 962 999 illius
1008 941 1128 1013 rei,
1186 937 1299 998 Sal.
1349 938 1482 999 bist.
1531 938 1556 997 1
1603 957 2044 1018 numeroque
2092 949 2471 1018 praestans
2518 943 2766 1020 privus
2821 944 2975 1021 ipse

319 1044 675 1107 5militiae
722 1092 736 1106 .

548 1151 806 1213 Pavesco
853 1151 950 1212 illa
996 1170 1092 1234 re,
1139 1150 1251 1212 Sal.
1302 1151 1422 1231 lug.
1471 1151 1678 1226 (72,2)
1727 1154 1914 1212 omni
1961 1156 2279 1234 strepitu
2326 1173 2734 1235 pavescere.

547 1257 819 1320 Prudens
856 1258 1087 1320 illarum
1118 1278 1348 1342 rerum,
1388 1257 1502 1319 Sal.
1532 1258 1666 1319 hist.
1698 1257 1723 1318 1
1761 1259 2077 1338 prudens
2115 1264 2427 1323 omnium
2464 1281 2641 1342 quae
2679 1272 2975 1326 senatus

369 1374 821 1427 censuerat.

545 1472 884 1534 Praeminet
927 1472 1026 1533 illa
1072 1491 1137 1533 re
1185 1472 1341 1535 illam
1389 1492 1546 1555 rem,
1591 1472 1704 1534 Sal.
1751 1473 1888 1535 hist.
1929 1473 1980 1533 ΙΙ
2027 1493 2270 1536 omnes
2317 1476 2440 1554 qui
2484 1477 2761 1537 circum
2809 1488 2976 1539 sunt

293 1593 344 1634 ιο
368 1582 771 1661 praeminet
815 1579 1206 1641 altitudine
1255 1580 1528 1642 milium
1574 1599 1911 1662 passuum
1960 1581 2257 1643 duorum
2306 1630 2320 1642 .

547 1684 861 1748 Pertinens
925 1690 987 1748 in
1051 1687 1210 1748 illam
1275 1706 1430 1770 rem,
1496 1687 1609 1749 Sal.
1670 1687 1806 1750 hist.
1863 1687 1943 1749 111
2009 1688 2191 1750 unde
2256 1708 2432 1770 pons
2500 1692 2568 1751 in
2635 1693 2973 1772 oppidum

368 1797 752 1875 pertinens
797 1795 1231 1874 explicatur.

546 1901 865 1981 Promptus
901 1900 1061 1962 illius
1099 1903 1214 1976 rei,
1264 1900 1377 1961 Sal.
1415 1899 1551 1962 hist.
1590 1900 1642 1960 11
1683 1920 1912 1981 neque
1953 1904 2275 1982 virgines
2314 1913 2611 1985 nuptum
2650 1924 2683 1966 a
2718 1924 2970 1986 paren-

367 2009 565 2070 tibus
611 2007 1117 2089 mittebantur,
1162 2007 1284 2068 sed
1334 2009 1529 2087 ipsae
1578 2006 1751 2069 belli
1798 2012 2384 2089 promptissimos
2430 2010 2868 2091 deligebant.

290 2129 342 2169 15
547 2114 870 2177 Praeluceo
918 2114 1062 2176 mihi
1105 2114 1359 2196 lumine,
1417 2113 1531 2175 Sal.
1577 2113 1714 2176 hist.
1762 2114 1869 2175 1111
1928 2134 2108 2195 quae
2166 2118 2640 2197 praedatores
2695 2119 2976 2181 facibus

370 2223 509 2284 sibi
554 2222 1070 2305 praelucentes
1115 2220 1465 2282 ambustis
1511 2224 1729 2283 tectis
1777 2225 1932 2283 sine
1980 2242 2150 2284 cura
2196 2224 2649 2305 reliquerant
2695 2274 2709 2287 .

546 2329 660 2391 Per
715 2331 1007 2410 geminata
1074 2331 1461 2413 praepositio,
1528 2329 1645 2391 Cic.
1703 2350 1813 2411 pro
1870 2330 2094 2393 Scauro
2158 2330 2288 2393 hoc
2354 2335 2635 2395 nomine
2702 2334 2976 2416 audito,

369 2436 554 2517 quod
602 2455 731 2518 per
776 2455 1019 2522 omnes
1063 2447 1320 2517 gentes
1365 2448 1828 2518 pervagatum
1876 2449 1985 2499 est
2030 2486 2044 2500 .

545 2544 834 2606 Profiteor
879 2547 941 2606 in
988 2544 1107 2626 his,
1154 2544 1287 2605 Ter.
1335 2543 1485 2605 Eun.
1535 2547 1713 2622 (prol.
1759 2547 1832 2618 3)

290 2665 343 2706 20
821 2653 890 2713 in
937 2651 1048 2712 bis
1093 2660 1303 2731 poeta
1348 2651 1466 2712 1110
1515 2670 1767 2712 nomen
1816 2653 2220 2732 profitetur
2267 2673 2469 2715 suum
2516 2702 2528 2714 .

546 2758 693 2820 Prae
742 2768 810 2820 ut
852 2757 953 2820 ille
1001 2778 1151 2839 quae
1188 2760 1354 2841 facit,
1399 2759 1532 2821 Ter.
1573 2759 1720 2821 Eun.
1763 2761 1869 2833 (II
1897 2760 2030 2834 3,9)
2073 2759 2241 2842 [prae
2279 2771 2347 2824 111
2383 2761 2478 2823 1110
2519 2781 2668 2842 quae
2709 2763 2848 2824 13011
2888 2761 2973 2841 10]

757 2865 998 2928 ludum
1043 2869 1422 2947 iocumque
1472 2869 1702 2929 fuisse
1750 2868 1942 2929 dicet
1986 2868 2188 2931 illum
2236 2870 2568 2950 alterum,

756 2991 928 3054 prae
974 2983 1053 3034 ut
1099 2974 1312 3036 buius
1360 2973 1604 3035 rabies
1652 2992 1830 3054 quae
1877 2975 2091 3038 dabit.

546 3080 787 3141 Postilla
825 3100 944 3158 pro
989 3089 1221 3161 postea,
1268 3080 1401 3142 Ter.
1450 3080 1622 3141 Phor.
1671 3084 1708 3155 (
1715 3082 1766 3140 V
1806 3082 1980 3159 929)

289 3199 344 3239 2⁵
372 3205 515 3248 eam
546 3190 1007 3269 compressit,
1037 3187 1220 3248 unde
1248 3187 1421 3248 haec
1450 3197 1610 3248 nata
1632 3196 1770 3270 est,
1800 3208 2030 3268 neque
2060 3191 2355 3271 postilla
2387 3211 2691 3270 unquam
2713 3194 2975 3272 attigit.

545 3272 786 3356 Proruit
832 3312 896 3354 se
943 3313 1052 3373 pro
1100 3296 1369 3373 immisit,
1428 3293 1562 3354 Ter.
1609 3294 1761 3356 Eun.
1810 3297 1954 3368 (III
1991 3299 2162 3373 5,51)
2220 3300 2412 3359 foras
2469 3301 2679 3361 simul
2735 3320 2976 3362 omnes

368 3411 726 3482 proruunt
768 3419 858 3461 se.

547 3556 728 3611 Codeae
764 3555 1058 3610 Parrhasii
1128 3561 1162 3610 3
1199 3554 1384 3610 Polles
1421 3554 1523 3609 illa
1557 3572 1617 3610 re
1761 3562 1796 3609 4
1833 3556 1915 3611 101
1951 3574 2051 3614 om.
2220 3566 2253 3615 6
2293 3558 2404 3615 Sal.
2442 3561 2589 3632 Iug.]
2630 3561 2742 3617 Sal.
2780 3560 2913 3618 hist.
2951 3561 2979 3615 I

443 3642 508 3690 10
545 3635 862 3704 preminent
886 3637 1189 3705 posteriore
1225 3637 1338 3691 loco
1481 3634 1843 3691 multitudine
1878 3654 2015 3693 corr.
2055 3639 2353 3695 altitudine
2512 3648 2577 3695 14
2614 3643 2713 3697 sed
2748 3641 2869 3712 ipse

372 3721 437 3769 15
477 3716 576 3785 qui
611 3718 857 3786 pretores
894 3716 1107 3771 facibus
1146 3716 1252 3771 sibi
1287 3718 1638 3788 prelucentes
1675 3718 1962 3774 ambustas
1999 3718 2057 3773 in
2086 3720 2251 3776 tectis
2394 3728 2458 3775 21
2491 3720 2632 3777 Prae
2662 3723 2802 3777 utile
2830 3740 2975 3792 quae

367 3794 506 3850 facit
543 3796 665 3850 Ter.
705 3794 843 3850 Eun.
883 3796 1160 3866 praeutile
1197 3815 1340 3866 quae
1377 3796 1518 3853 facit
1551 3798 1609 3852 te
1647 3797 1842 3851 ludum
1879 3798 2175 3870 locumque
2328 3807 2397 3855 22
2435 3801 2692 3856 alterum.
2766 3803 2872 3858 Pre
2910 3807 2974 3859 ut

277 3867 288 3871 ’
368 3875 531 3929 huius
569 3874 784 3931 scabies
927 3881 997 3931 24
1033 3892 1136 3946 pro
1170 3894 1269 3931 om.
1415 3883 1485 3933 28
1523 3894 1583 3933 00
1619 3894 1721 3932 om.

550 4033 616 4081 10
652 4026 968 4097 praeminet
1025 4026 1322 4083 altitudine
1368 4029 1603 4099 Lipsius
1647 4030 1801 4098 apud
1835 4029 2088 4085 Dousam
2132 4030 2196 4084 in
2233 4031 2368 4086 Sall.
2406 4032 2530 4087 ht'st.
2566 4034 2765 4103 fraym.
2801 4051 2859 4103 p.
2899 4040 2975 4091 52

368 4108 448 4161 ed.
504 4107 681 4174 Hav„
738 4106 1092 4177 praeminent
1144 4108 1503 4164 altitudinem
1561 4110 1635 4163 M
1815 4114 1882 4161 14
1936 4108 2413 4178 promittebantur
2466 4114 2550 4167 vel
2614 4113 2978 4170 tradebantur

369 4188 595 4242 coniecit
642 4186 875 4241 Vrsinus
911 4188 975 4241 in
1011 4187 1149 4242 Sall.
1185 4189 1310 4243 hist.
1349 4190 1547 4258 fraym.
1579 4205 1638 4257 p.
1679 4194 1751 4244 50
1787 4189 1868 4241 ed.
1907 4188 2054 4243 Hav.
2229 4190 2542 4261 diligebant
2580 4194 2653 4247 M
2687 4199 2737 4248 et
2772 4195 2977 4250 Linde-

366 4283 632 4335 mamms,
668 4265 1005 4338 delegabant
1038 4269 1265 4324 editores
1301 4269 1559 4324 Sallustii
1602 4287 1669 4325 ex
1714 4270 1895 4325 codice
1930 4270 2237 4326 Frontonis
2410 4277 2475 4326 15
2513 4273 2650 4342 quia
2692 4277 2979 4344 praetores

375 4346 451 4413 P,
506 4364 678 4415 quum
734 4349 1017 4416 praetores
1073 4349 1299 4404 coniecit
1351 4349 1770 4406 Lindemannus
1967 4369 2108 4419 quae
2173 4352 2531 4422 praedatores
2594 4354 2807 4410 facibus
2871 4355 2978 4411 sibi

376 4428 760 4497 praelucentes
832 4428 1103 4484 ambustis
1173 4427 1339 4484 tectis
1411 4427 1530 4483 sine
1604 4447 1738 4485 cura
1806 4429 2148 4499 reliquerant
2217 4434 2417 4500 scripsi
2477 4434 2594 4490 ind.
2661 4436 2774 4490 lect.
2839 4436 2977 4491 Hal.

368 4512 499 4562 aest.
553 4524 604 4561 a.
662 4513 809 4563 1879
857 4525 918 4577 p.
975 4507 1061 4573 X,
1117 4509 1250 4577 quia
1302 4506 1664 4578 praedatores
1718 4509 1938 4565 facibus
1993 4510 2098 4565 sibi
2152 4512 2539 4582 praelucentes
2576 4513 2863 4570 ambustas
2918 4515 2976 4569 in

366 4586 533 4642 metis
571 4586 689 4641 sine
736 4603 870 4641 cura
913 4587 1258 4656 reliquerant
1303 4589 1603 4644 coniecerat
1637 4591 1914 4645 In'nlcerus
1956 4592 2158 4646 mend.
2196 4590 2422 4647 Sallust.
2467 4610 2523 4661 p.
2564 4597 2635 4647 33
2671 4592 2976 4664 (8110111190-

368 4667 598 4721 berichte
633 4667 685 4721 d.
737 4666 914 4722 Wicn.
952 4666 1133 4723 Akad.
1162 4668 1234 4721 Β.
1274 4672 1362 4723 13.
1391 4670 1559 4737 1854)
1589 4671 1706 4725 coll.
1737 4670 2023 4726 Plutarch.
2052 4671 2271 4727 Lucull.
2300 4689 2343 4728 c.
2372 4677 2471 4740 19,
2508 4674 2633 4726 item
2672 4673 2979 4743 Waynerus

369 4745 631 4800 Zeitschr.
667 4747 710 4814 f.
754 4744 1144 4817 Gymnasialw.
1182 4748 1366 4803 Berol.
1404 4767 1455 4804 a.
1495 4754 1725 4819 185512.
1750 4754 1864 4804 193
2007 4756 2075 4805 22
2107 4751 2258 4807 dicet
2283 4749 2454 4805 fuisse
2484 4752 2651 4806 codex
2675 4753 2980 4810 Bembinus

371 4825 644 4891 Terentii,
680 4825 831 4880 dices
868 4824 1037 4881 fuisse
1073 4828 1273 4897 reliqui
1308 4829 1513 4883 codices
1548 4835 1599 4884 ct
1633 4831 1962 4887 Priscianus
1998 4831 2034 4885 l.
2075 4830 2201 4884 XV
2223 4849 2284 4901 p.
2324 4836 2397 4886 50
2541 4838 2608 4886 27
2648 4850 2748 4903 pro
2787 4835 2978 4889 emisit

368 4906 597 4962 coniecit
636 4905 1060 4962 Lindemannus
1100 4949 1112 4962 .
1150 4926 1228 4963 an
1262 4926 1364 4979 pro
1400 4909 1660 4966 immittit
1695 4919 1789 4967 se?
