3613 5528
581 412 713 476 334
1725 414 2037 471 AVDACIS

581 526 623 562 p.
656 516 705 554 14
750 515 799 554 15
825 515 885 554 Η.

583 598 950 679 Simplicium
987 602 1219 679 species
1256 608 1403 680 quot
1440 597 1623 661 sunt‘?
1686 601 1847 663 Duae
1898 649 1911 662 .
1959 600 2123 672 Quae
2170 598 2354 663 sunt?
2428 601 2705 682 Disyllabi
2752 612 2813 664 et
2858 603 3188 683 trisyllabi.

581 706 857 786 Disyllabi
913 715 1060 786 quot
1114 703 1299 769 sunt?
1383 707 1678 779 Quattuor
1734 754 1750 771 .
1805 708 1923 780 Qui
1978 704 2163 769 sunt?
2247 708 2588 789 SpondeuS‚
2652 712 2754 789 qui
2819 719 3053 772 constat
3115 729 3187 771 ex

581 812 811 874 duabus
866 813 1084 894 longis,
1142 821 1209 875 ut
1264 813 1458 876 heros.
1544 813 1858 894 Spondeus
1915 815 2071 876 unde
2127 815 2323 877 dictus
2367 812 2401 876 Ῥ
2444 806 2599 878 Ἀπὸ
2658 814 2796 879 τῶν
2850 816 3188 896 σπονδῶν,

582 921 740 1000 quod
788 921 1145 1001 spondiacus
1193 928 1402 982 cantus
1449 923 1638 982 sacris
1685 923 1987 1002 convenit,
2042 921 2202 983 unde
2249 923 2443 983 fertur
2489 923 2856 1007 Phemonoe,
2912 924 3192 1004 Delphica

585 1027 891 1109 sacerdos,
937 1030 1127 1107 prima
1166 1031 1230 1089 in
1276 1029 1464 1088 sacris
1511 1027 1798 1108 Apollinis
1845 1028 2006 1090 hunc
2053 1045 2292 1090 versum
2339 1030 2585 1112 dixisse,
3247 1044 3275 1083 ὅ

760 1130 1152 1214 σπένδωμεν
1194 1127 1513 1208 Μούσαις
1554 1129 1666 1197 καὶ
1710 1131 1802 1220 τῷ
1850 1129 2208 1219 μουσάρχῳ
2261 1135 2489 1222 Φοίβῳ
2538 1183 2553 1199 .

582 1243 722 1303 huic
787 1244 1124 1304 contrarius
1189 1250 1283 1304 est
1342 1243 1683 1323 pyrrichius
1746 1245 1870 1304 sive
1934 1242 2280 1324 dibrachys,
2354 1247 2457 1324 qui
2529 1251 2761 1306 constat
2826 1264 2899 1306 ex
2962 1244 3195 1306 duabus

584 1348 893 1411 brevibus:
958 1349 1320 1430 exemplum,
1384 1359 1454 1412 ut
1516 1349 1676 1413 Cato.
1769 1350 2115 1431 Pyrrichius
2182 1351 2340 1413 unde
2406 1353 2744 1413 nominatus
2797 1348 2831 1413 ?
2885 1351 2932 1411 A
2987 1352 3195 1433 Pyrro,

584 1457 826 1519 Achillis
874 1457 1018 1538 filio,
1074 1459 1178 1537 qui
1230 1456 1559 1540 Eury-pylo,
1614 1457 1862 1538 Telephi
1919 1458 2064 1540 filio,
2120 1460 2437 1520 interfecto
2496 1456 2628 1536 [ob]
2687 1466 2863 1521 cantu
2922 1458 3195 1540 quodam,

585 1567 689 1645 qui
737 1584 806 1625 ex
846 1567 961 1626 isto
998 1564 1149 1645 pede
1188 1565 1522 1646 constabat,
1568 1567 1630 1626 in
1676 1567 1857 1627 armis
1905 1565 2136 1628 saltavit
2180 1557 2305 1646 τὴν
2353 1565 2641 1627 ἔνοπλον
2690 1556 2988 1646 ὄρχησιν,
3034 1564 3202 1654 unde,
3225 1579 3278 1618 1⁰

586 1680 646 1732 et
690 1671 964 1752 pyrricha
1013 1671 1167 1732 dicta
1207 1719 1218 1731 .
1258 1670 1577 1734 trochaeus
1614 1683 1705 1734 est
1744 1674 1848 1753 qui
1895 1681 2130 1734 constat
2174 1691 2247 1734 ex
2293 1673 2466 1753 longa
2505 1681 2566 1734 et
2601 1671 2767 1734 brevi
2797 1694 2813 1735 z
2842 1672 3194 1754 exemplum,

585 1786 652 1841 ut
697 1781 841 1861 vita,
886 1778 1074 1840 Roma
1122 1826 1136 1839 .
1184 1778 1525 1841 Trochaeus
1572 1779 1729 1840 unde
1787 1777 2028 1842 dictus?
2101 1780 2355 1861 Propter
2412 1798 2657 1842 cursum
2713 1789 2775 1841 et
2828 1778 3196 1841 celeritatem

586 1904 752 1947 suam
802 1907 816 1948 ε
864 1894 1120 1947 metrum
1168 1889 1325 1948 enim
1374 1887 1485 1947 hoc
1524 1888 1739 1968 currit,
1786 1906 1923 1949 cum
1970 1887 2141 1968 longa
2189 1906 2221 1948 a
2268 1887 2435 1948 brevi
2482 1889 2778 1967 excipitur
2817 1934 2830 1947 .
2869 1886 3010 1949 huic
3057 1904 3195 1948 con·

587 1995 807 2055 trarius
855 2002 945 2054 est
990 1992 1248 2075 iambus,
1303 1996 1406 2074 qui
1462 2000 1696 2055 constat
1749 2012 1824 2054 ex
1869 1991 2035 2054 brevi
2082 2002 2143 2054 et
2188 1993 2384 2072 longa:
2450 1993 2812 2075 exemplum,
2866 2001 2938 2054 ut
2990 2010 3197 2074 nepos,

585 2099 774 2160 honos
823 2147 836 2160 .
883 2099 1120 2161 [ambus
1168 2100 1325 2162 unde
1374 2117 1589 2160 nomen
1637 2096 1910 2180 accepit?
1982 2097 2070 2160 Ab
2116 2099 2342 2183 Iamba,
2388 2100 2645 2162 Thressa
2695 2100 3196 2188 muliere,·quam
3225 2113 3278 2152 1⁵

586 2205 794 2268 dicunt
838 2209 900 2267 in
948 2207 1258 2270 maledicto
1304 2210 1686 2269 exercitatam
1732 2209 1849 2268 isto
1895 2206 2045 2287 pede
2094 2225 2262 2268 usam
2309 2255 2322 2269 .

411 2315 559 2367 ²⁰⁷215
764 2313 955 2374 Pedes
1028 2313 1315 2395 trisyllabi
1388 2322 1536 2394 quot
1608 2311 1791 2376 sunt‘?
1886 2313 2036 2377 Octo
2103 2362 2116 2375 .
2185 2314 2300 2386 Qui
2360 2316 2370 2392 Ι
2428 2310 2612 2376 sunt?
2714 2313 3023 2396 Dactylus,
3096 2316 3198 2393 qui

587 2428 820 2481 constat
874 2439 946 2480 ex
1002 2420 1175 2500 longa
1230 2428 1292 2482 et
1346 2421 1576 2483 duabus
1632 2421 1941 2503 brevibuS,
1997 2430 2066 2483 ut
2120 2424 2287 2502 copia
2336 2468 2350 2482 .
2398 2421 2678 2502 Dactylus
2738 2424 2906 2485 unde
2960 2418 3199 2484 dictus?

581 2518 736 2589 Ἀπὸ
781 2525 920 2589 τῶν
959 2518 1224 2590 Ἰδαίων
1272 2522 1678 2608 Δακτύλων,
1738 2531 1843 2610 qui
1889 2549 1960 2590 eo
2007 2531 2102 2591 usi
2148 2537 2291 2590 sunt
2338 2527 2630 2610 [musae],
2687 2532 2791 2609 qui
2839 2539 2904 2592 et
2951 2529 3201 2592 Curetes

587 2644 901 2716 vocantur,
957 2637 1162 2697 matris
1215 2636 1396 2698 deum
1452 2638 1729 2718 comites,
1793 2639 1898 2717 qui
1954 2637 2232 2697 feruntur
2287 2644 2465 2697 cantu
2531 2635 2786 2716 quodam
2852 2646 2919 2699 et
2979 2639 3198 2700 tinnitu
3227 2648 3282 2688 2⁰

587 2744 742 2804 aeris
790 2744 1049 2823 vagitum
1095 2743 1249 2806 lovis
1295 2743 1518 2806 celasse
1566 2791 1580 2806 .
1628 2744 1770 2806 huic
1827 2746 2166 2806 contrarius
2223 2752 2317 2806 est
2370 2752 2751 2828 anapaestus,
2807 2748 2916 2825 qui
2971 2754 3203 2808 constat

589 2862 662 2911 ex
707 2848 938 2912 duabus
984 2849 1265 2912 brevibus
1312 2859 1372 2913 et
1416 2850 1607 2934 longa,
1653 2859 1724 2913 ut
1769 2853 2024 2931 sapiens.
2098 2851 2469 2931 Anapaestus
2515 2852 2672 2913 unde
2718 2850 2967 2915 dictus?
3030 2852 3200 2925 Quod

589 2976 661 3018 ex
710 2960 1012 3019 contrario
1060 2976 1239 3038 quam
1293 2957 1559 3039 dactylus
1619 2960 1870 3020 feriatur
1936 2956 2302 3036 [contrarius
2357 2957 2503 3036 fiat}
2587 2959 2913 3036 molossus,
2976 2963 3080 3040 qui
3142 2968 3205 3023 et

767 3208 799 3256 3
837 3200 1026 3273 heros]
1074 3203 1245 3257 herus
1279 3202 1336 3256 Β
1385 3202 1581 3256 herum
1622 3200 1697 3254 M
1840 3218 1948 3271 apo
1993 3203 2095 3256 ton
2140 3199 2415 3270 spondion
2464 3201 2539 3255 M
2573 3217 2786 3271 apozon
2833 3203 3108 3273 spondion
3142 3204 3198 3258 Β

661 3282 857 3337 4nnde
893 3281 1303 3337 deferturBM
1394 3283 1672 3351 phemone
1707 3280 1976 3353 delphica.
1999 3281 2054 3335 B
2082 3281 2338 3336 femonoe
2367 3281 2570 3336 deifica.
2600 3283 2675 3336 M
2779 3288 2811 3337 5
2840 3282 2901 3337 in
2928 3299 3030 3339 om.
3059 3283 3206 3338 ΒΜ

661 3360 937 3430 apollonis
964 3361 1109 3415 ΒΜ
1241 3368 1274 3416 6
1310 3360 1653 3432 spondomen
1682 3378 1808 3416 mus
1835 3363 2183 3417 aeacetomua
2212 3360 2566 3430 arcophoebo
2591 3361 2660 3415 Β
2676 3363 3202 3432 spondomenmuses

591 3442 790 3495 cetom'
821 3442 1137 3510 arcophebo
1169 3442 1244 3495 M
1259 3462 1276 3494 .·
1296 3442 1364 3508 cf.
1392 3442 1592 3511 fraym.
1622 3442 1872 3496 Ambros.
1901 3439 2031 3510 περὶ
2067 3440 2164 3511 τῆς
2201 3441 2312 3495 τῶν
2347 3441 2542 3496 ποδῶν
2582 3436 2890 3513 ὀνομασίας
2917 3460 2978 3514 p.
3009 3451 3145 3512 256,
3165 3450 3200 3500 5

582 3527 711 3591 post
748 3521 900 3576 lexic.
952 3521 1184 3577 Vindob.
1223 3522 1301 3578 ed.
1339 3522 1543 3577 Nauck
1580 3523 1879 3584 σπονδεῖος
1916 3515 2196 3590 δ’ἔκλήθη
2243 3515 2359 3575 ἀπὸ
2407 3520 2509 3576 τοῦ
2559 3518 2787 3592 ἆυθμοῦ
2835 3523 2935 3578 τοῦ
2977 3521 3042 3579 ἕν
3077 3529 3202 3586 ταῖς

592 3603 863 3664 σπονδαῖς
900 3596 1289 3673 ἐπαυλομένου
1327 3621 1385 3657 τε
1424 3600 1523 3656 καὶ
1561 3597 1947 3676 ἐπᾳδομὲνου,
1994 3600 2117 3657 οἷον
2167 3598 2498 3669 σπένδωμεν
2541 3607 2668 3663 ταῖς
2711 3597 2964 3672 Μνάμας
3007 3603 3202 3658 παισὶν

591 3677 854 3743 Μούσαις
892 3682 989 3736 καὶ
1025 3682 1100 3755 τῷ
1141 3678 1439 3755 μουσάρχῳ
1477 3682 1698 3745 Λατοῦς
1733 3679 1876 3751 υἱεῖ,
1921 3683 2084 3738 schol.
2136 3682 2427 3752 Hephaest.
2476 3698 2526 3738 v.
2578 3688 2611 3735 I
2638 3698 2697 3751 p.
2735 3687 2846 3739 170
2892 3682 3074 3751 Gaias.
3121 3685 3202 3741 ed.

592 3778 693 3817 sec.
734 3761 1050 3831 Terpandri
1082 3779 1268 3818 versus
1303 3780 1411 3819 esse
1457 3764 1801 3818 coniecerunt
1836 3762 2112 3832 Berykius
2147 3768 2292 3832 poet.
2341 3763 2445 3833 lyr.
2492 3778 2574 3831 qr.
2619 3762 2820 3832 fraym.
2867 3765 3056 3819 incert.
3093 3770 3205 3821 108

593 3849 643 3898 ct
680 3842 1006 3897 Leutschius
1053 3844 1258 3900 Philol.
1304 3861 1353 3900 υ.
1408 3844 1513 3898 ΧΙ
1560 3847 1634 3915 (a.
1682 3844 1856 3912 1856)
1896 3860 1956 3913 p.
1997 3847 2109 3897 336
2254 3849 2284 3896 7
2334 3842 2625 3913 pyrrycius
2671 3843 2790 3898 siue
2835 3843 3105 3900 dribracis
3148 3844 3204 3898 Β

592 3923 857 3994 phiritius
895 3922 1013 3977 siue
1051 3923 1295 3980 dibi-acis
1337 3925 1414 3978 M
1554 3930 1587 3979 8
1625 3923 1776 3994 cato]
1817 3925 1981 3978 cauto
2019 3922 2095 3976 M
2231 3923 2339 3980 lut.
2386 3922 2660 3993 pyrricins
2705 3923 2853 3979 unde
2890 3926 3208 3982 nominatus

593 4006 658 4061 R.
698 4020 935 4073 capyrro
973 4004 1155 4060 acillis
1191 4002 1307 4059 filio
1348 4002 1448 4074 qni
1472 4003 1741 4075 eriphilot
1775 4002 2028 4074 thelephi
2062 4003 2119 4057 Β
2155 4004 2260 4059 lut.
2299 4002 2566 4074 pyrritius
2601 4004 2751 4060 unde
2786 4005 3107 4063 nominatus
3141 4007 3206 4061 R.

595 4098 829 4153 capyrro
886 4082 1005 4138 oilli
1058 4083 1173 4140 filio
1224 4084 1321 4154 qui
1367 4090 1398 4140 ὃ
1444 4083 1604 4155 philo
1650 4083 1907 4154 thelephi
1955 4084 2031 4137 M
2066 4126 2078 4139 .
2116 4084 2405 4156 Ewypyli
2456 4101 2651 4140 nomem
2704 4086 2859 4155 apud
2914 4087 3208 4142 Iulianum

602 4164 924 4219 Toletanmn
958 4165 1198 4220 restituit
1226 4165 1517 4236 Hauptius
1543 4181 1725 4236 opusc.
1752 4181 1802 4220 υ.
1826 4164 1954 4218 III
1961 4181 2024 4232 p.
2043 4167 2152 4219 540
2251 4164 2485 4230 sortasse
2503 4163 2606 4219 sub
2626 4165 2797 4219 cantu
2887 4171 2955 4220 10
2992 4168 3211 4223 constat

594 4245 738 4299 ΒΜ
878 4243 1112 4300 saltauit
1145 4245 1391 4302 theneno
1429 4248 1713 4316 (thenemo
1749 4244 1828 4312 B)
1875 4243 2072 4313 plonor
2110 4243 2264 4298 cesin
2298 4243 2449 4299 unde
2487 4245 2546 4299 et
2581 4260 2842 4314 pyrrema.
2878 4242 3032 4301 dicta
3068 4246 3122 4299 Β
3138 4247 3214 4301 M

671 4332 735 4380 13
774 4325 879 4380 hoc
918 4324 1115 4397 currit]
1156 4326 1397 4380 occurrit
1431 4325 1487 4379 Β
1501 4324 1577 4378 M
1681 4323 1979 4395 excipitur]
2018 4322 2297 4395 accipitur
2330 4324 2475 4378 ΒΜ
2583 4328 2648 4378 15
2687 4323 2874 4379 abiam
2909 4324 3212 4382 batharasa

596 4407 652 4460 B
689 4404 762 4461 ab
799 4404 858 4460 ia.
890 4404 1223 4460 bathataesa.
1263 4407 1336 4460 M
1475 4406 1672 4478 quam]
1713 4404 1850 4475 quia
1882 4404 1939 4458 Β
2086 4410 2153 4459 16
2190 4406 2424 4471 fortasse
2468 4403 2528 4458 in
2563 4403 2870 4460 maledicta.
2906 4406 3210 4461 excitatam

668 4487 777 4540 isto
814 4483 960 4554 pede
995 4502 1159 4538 usum
1200 4485 1280 4540 M
1309 4488 1396 4541 sto
1432 4486 1578 4556 pede
1614 4502 1753 4541 osan
1787 4485 1845 4539 Β
1993 4489 2060 4540 18
2097 4484 2164 4538 ut
2208 4482 2373 4554 copia.
2415 4483 2537 4540 dac.
2584 4484 2825 4540 dactilns
2871 4486 3056 4542 dictus
3101 4505 3209 4558 apo

598 4569 699 4621 ton
743 4564 909 4620 ideon
955 4564 1204 4620 dactilon
1253 4583 1368 4636 quo
1414 4566 1503 4622 usi
1550 4567 1682 4623 sunt
1725 4582 1920 4620 musae
1966 4565 2064 4636 qui
2110 4567 2169 4621 et
2213 4567 2432 4621 curetes
2481 4568 2755 4621 uocantur
2800 4567 2998 4623 matris
3043 4567 3209 4624 deum

600 4644 833 4701 comites
871 4661 983 4714 qno
1018 4645 1275 4701 fecerunt
1309 4650 1479 4703 cantu
1504 4647 1560 4701 Β
1588 4648 1654 4702 ut
1679 4647 1846 4716 copia
1873 4647 1994 4702 dac.
2034 4645 2273 4701 dactilus
2302 4644 2509 4701 dicitur
2544 4662 2652 4715 apo
2689 4647 2790 4700 ton
2826 4645 2983 4701 idion
3019 4647 3209 4717 dacty-

600 4729 696 4783 lon
733 4745 844 4797 quo
881 4726 971 4782 uei
1006 4728 1136 4782 sunt
1169 4744 1325 4784 muse
1361 4744 1471 4798 que
1509 4732 1567 4784 et
1602 4729 1819 4783 curetes
1854 4728 2130 4782 uocantur
2162 4725 2363 4782 matris
2399 4726 2568 4781 deum
2619 4725 2916 4795 comiteaqt
2961 4726 3213 4784 fecerunt

603 4809 773 4863 cantu
822 4807 898 4861 M
1044 4813 1117 4862 20
1162 4805 1371 4862 tinnitu
1419 4806 1587 4879 aeris]
1635 4806 1931 4865 innitueris
1974 4806 2030 4860 Β
2048 4806 2123 4860 Μ
2272 4812 2340 4861 22
2388 4806 2594 4878 dictus]
2655 4806 2857 4861 ductus
2916 4807 2991 4861 M
3141 4814 3210 4865 23

601 4885 859 4958 feriatur]
897 4886 1111 4943 feratur
1144 4887 1290 4941 ΒΜ
1429 4887 1674 4943 moloeus
1711 4886 1811 4957 qui
1845 4887 2139 4942 trimacrus
2178 4888 2253 4941 M
2285 4887 2558 4941 molossus
2597 4885 2696 4956 qui
2732 4885 3049 4943 trimacrius
3083 4889 3141 4944 Β
