3613 5528
1371 416 1511 472 Ans
1548 416 2043 473 GRAMMATICA
2874 417 3007 481 423

399 533 449 571 p.
479 515 546 558 ω.
575 517 627 558 52
656 515 718 558 11.

828 601 1002 664 felix
1048 604 1167 681 qui
1212 604 1453 682 potuit
1499 620 1739 665 rerum
1786 620 2232 683 cognoscere
2278 621 2565 686 causas,

829 710 1249 772 fortunatus
1296 717 1367 771 et
1412 709 1539 770 iile
1588 710 1759 771 deos
1805 712 1928 790 qui
1974 712 2172 771 novit
2217 720 2564 790 agrestes,

582 818 699 878 Aut
764 818 1103 878 coniunctio
1172 815 1582 898 dubitativam,
1656 820 1706 877 si
1771 818 2133 899 geminetur,
2196 816 2374 879 habet
2438 827 2805 898 potestatem.
2905 822 3007 900 qui

405 926 563 985 enim
619 923 762 986 dicit
816 919 950 986 ‘aut
1004 922 1221 985 librum
1277 923 1409 984 volo
1456 934 1556 986 aut
1611 919 1916 1006 pretium',
1980 931 2302 1006 utrumque
2359 944 2422 986 se
2480 944 2550 987 ex
2610 944 2799 1006 aequo
2855 926 3006 988 desi-

326 1045 352 1086 ⁵
407 1030 615 1092 derare
663 1031 996 1113 significat,
1026 1038 1094 1091 ut
1139 1033 1201 1092 in
1246 1031 1390 1113 illis,

769 1147 890 1199 aut
933 1137 1184 1219 pelago
1231 1137 1538 1200 Danaum
1585 1137 1889 1200 insidias
1935 1147 2419 1219 suspectaque
2468 1139 2647 1201 dona

768 1247 1255 1326 praecipitare
1304 1245 1504 1307 iubet
1549 1245 2055 1325 subiectisque
2101 1263 2315 1307 urere
2363 1246 2673 1308 flammis

770 1362 889 1414 aut
934 1352 1309 1429 terebrare
1357 1372 1560 1415 cavas
1607 1354 1798 1414 uteri
1847 1360 1919 1414 et
1962 1359 2314 1433 temptare
2361 1352 2708 1435 latebras3

408 1467 535 1541 aut,
598 1460 650 1519 si
715 1459 900 1521 semel
962 1458 1282 1534 subicitur,
1347 1460 1693 1522 diminutiva
1757 1469 1850 1522 est
1912 1468 1975 1523 et
2036 1460 2216 1522 habet
2277 1462 2524 1542 gradum
2592 1461 2662 1522 ad
2728 1462 3011 1522 inferiora

333 1581 383 1621 ιο
409 1565 776 1649 tendentem,
824 1575 893 1628 ut

726 1676 970 1737 incute
1016 1676 1152 1737 vim
1197 1678 1434 1738 ventis
1480 1676 2045 1756 submersasque
2091 1674 2318 1738 obrue
2366 1659 2667 1758 p'uppeS,

727 1791 846 1843 aut
890 1800 1017 1862 age
1064 1782 1388 1844 diversas
1433 1793 1510 1846 et
1552 1784 1784 1845 disice
1832 1802 2137 1864 corpora
2182 1792 2429 1864 ponto:
2467 1779 2478 1864 Ι

410 1906 543 1949 nam
591 1889 797 1950 furens
843 1888 991 1950 luno
1037 1897 1099 1950 et
1135 1891 1283 1950 irata
1320 1888 1478 1969 quod
1512 1894 1939 1965 oravissimum
1977 1891 2271 1952 credebat
2307 1894 2559 1968 optavit,
2607 1893 2828 1953 deinde
2852 1896 3019 1967 quod

411 1995 737 2057 secundum
783 1994 997 2057 intulit.
1092 1995 1554 2075 [coniunctionis
1602 1995 1859 2074 tantum]
1909 1997 2083 2059 modo
2129 1999 2537 2058 comminativa
2585 2006 2705 2081 est,
2762 1992 2896 2060 ‘aut
2939 1998 3013 2059 da

331 2115 383 2155 ιε
412 2100 581 2183 mihi,
628 2112 730 2164 aut
775 2098 982 2184 rapio’,
1027 2113 1095 2165 ut

630 2208 1013 2292 Nymphae,
1060 2219 1307 2274 noster
1353 2231 1575 2293 amor,
1619 2210 2114 2294 LibethrideS,
2158 2220 2279 2273 aut
2326 2211 2502 2273 mihi
2549 2228 2836 2273 carmen

633 2317 839 2396 quale
887 2336 1035 2380 meo
1082 2318 1315 2380 Codro
1363 2320 1743 2382 concedite
1790 2312 2150 2403 (proxima
2194 2316 2475 2379 Phoebi

632 2423 965 2485 versibus
1011 2423 1132 2485 ille
1180 2418 1421 2509 facit),
1467 2433 1615 2507 aut,
1661 2427 1723 2486 si
1767 2443 1905 2486 non
1952 2442 2337 2505 possumus
2382 2443 2651 2508 omnes,

630 2528 745 2590 hic
792 2537 1042 2611 arguta
1090 2550 1292 2594 sacra
1337 2530 1685 2613 pendebit
1731 2530 1983 2594 fistula
2029 2534 2227 2614 piuu3
2269 2605 2277 2614 Δ
2609 2595 2617 2605 ,

332 2634 587 2696 somodo
633 2635 948 2720 hortativa,
1001 2647 1069 2699 ut
1125 2635 1276 2701 ‘aut
1334 2650 1705 2719 tumagne
1753 2646 1977 2716 pater
2031 2624 2268 2700 divum
2315 2635 2700 2701 miserere’
2747 2648 2807 2703 et
2852 2639 3017 2723 iilud,

775 2753 894 2807 aut
938 2754 1042 2829 tu,
1087 2745 1271 2828 quod
1320 2753 1689 2827 superest,
1733 2745 2003 2807 infesto
2051 2744 2348 2808 fulmine
2397 2743 2641 2830 morti,

775 2855 835 2914 si
881 2871 1186 2936 mereor,
1232 2854 1546 2936 dimitte3

417 2958 589 3021 modo
636 2962 1009 3022 coniunctiva
1054 2979 1164 3041 pro
1211 2968 1300 3044 et,

731 3066 970 3129 moliri
1017 3075 1138 3128 aut
1185 3087 1450 3129 moram
1496 3077 1616 3130 aut
1661 3068 2001 3129 veniendi
2046 3056 2352 3149 poscere
2399 3087 2680 3151 causas;

336 3186 389 3227 25
416 3180 476 3233 et
503 3191 612 3253 pro
649 3192 792 3255 que,
831 3183 898 3235 ut
934 3169 1283 3254 ‘liquidas
1320 3192 1572 3255 presso
1611 3184 1719 3236 ter
1756 3183 2052 3254 gutture
2092 3194 2302 3237 voces
2346 3178 2548 3237 corvi
2594 3185 2714 3237 aut
2759 3184 3016 3257 quater

415 3275 891 3360 ingeminant’
939 3298 1048 3361 pro
1094 3288 1451 3363 quaterque3
1495 3278 1671 3341 modo
1717 3298 1828 3359 pro
1875 3283 2229 3364 separativa,

724 3396 843 3449 aut
888 3406 1104 3449 onera
1149 3388 1521 3468 accipiunt
1567 3388 1981 3449 venientum
2026 3397 2144 3450 aut
2190 3392 2469 3470 agmine
2518 3390 2715 3451 sacto

594 3666 773 3723 Codex
809 3667 1202 3737 Sanyallemis.
1240 3673 1274 3721 3
1312 3664 1629 3720 dubitatiuo
1665 3664 1827 3736 signo
1862 3669 2087 3723 tenetur
2124 3668 2294 3723 habet
2435 3668 2535 3738 qui
2569 3669 2741 3741 enim]
2779 3669 2914 3741 quia

421 3752 485 3800 12
522 3749 621 3802 aut
656 3763 803 3818 auge
945 3746 1143 3803 dissice
1290 3752 1355 3801 13
1393 3745 1538 3801 irata.
1575 3746 1725 3815 quod
1771 3748 1885 3802 scd'
1921 3747 2116 3803 intulit
2260 3754 2328 3802 14
2365 3749 2769 3805 comminatius
2814 3754 2901 3805 est.
2947 3750 3020 3805 da

417 3824 557 3879 mihi
721 3832 787 3881 16
823 3826 1074 3896 nympha.
1232 3825 1521 3881 libetrides
1687 3832 1752 3882 19
1789 3828 1907 3899 hic]
1947 3828 2036 3882 hir
2203 3827 2339 3898 pina.
2505 3834 2576 3884 20
2612 3846 2815 3901 magne
2852 3829 3018 3885 deum

417 3904 680 3975 miserens
840 3905 1047 3962 inferto
1081 3907 1315 3962 fulmine
1353 3907 1545 3962 mortis
1697 3914 1767 3962 25
1803 3924 1994 3977 presso
2030 3909 2139 3980 ter]
2176 3909 2408 3977 §tendet
2567 3915 2636 3964 26
2674 3909 3017 3982 separatius]

419 4002 582 4056 seper
723 3991 790 4041 27
830 3985 1208 4056 accipiuntum
1244 3989 1347 4042 aut
1382 3985 1604 4056 agmine

601 4258 628 4306 1
668 4252 827 4323 felix]
876 4251 1032 4324 Vei-9.
1068 4269 1246 4323 yoory.
1286 4254 1372 4307 II
1403 4257 1529 4310 490.
1566 4258 1676 4309 493
1818 4261 1852 4309 3
1889 4257 2005 4309 Aut
2040 4256 2385 4327 coniunctio]
2423 4256 2607 4312 Diem.
2637 4273 2700 4326 p.
2737 4261 2938 4324 417βο

422 4331 820 4402 dubitativam,
858 4333 905 4388 si
940 4334 1282 4404 geminetur,
1319 4334 1491 4389 habet
1525 4336 1891 4405 pot-estatem:
1929 4336 2027 4405 qui
2062 4336 2211 4391 enim
2248 4335 2387 4392 dicit
2422 4337 2711 4392 Diomedes
2851 4344 2884 4393 6
2922 4339 3022 4392 aut

421 4411 647 4484 pelago]
688 4411 844 4483 Very.
873 4414 1011 4470 Aen.
1042 4413 1126 4467 II
1151 4418 1225 4468 36
1372 4421 1430 4468 11
1474 4413 1687 4488 incute]
1736 4413 1894 4486 Very.
1933 4418 2073 4472 Aen.
2105 4417 2147 4470 I
2172 4422 2245 4471 69
2392 4424 2456 4472 13
2496 4433 2626 4472 nam
2661 4416 2848 4471 furens
2888 4418 3021 4473 Iuno

423 4497 482 4549 et
515 4493 662 4549 irata
697 4494 848 4565 quod
885 4493 1271 4566 gravissimum
1308 4496 1573 4551 credebat
1599 4495 1842 4566 optavit,
1880 4494 2079 4551 deinde
2107 4495 2259 4565 quod
2286 4496 2588 4552 secuudum
2616 4495 2827 4553 intulit.
2856 4496 3022 4552 huius

423 4573 826 4631 coniunctionis
865 4574 1168 4646 qualitates
1205 4578 1336 4631 sunt
1369 4576 1596 4632 multae.
1670 4577 1837 4632 modo
1874 4575 2276 4632 comminativa.
2311 4578 2424 4644 est,
2461 4592 2587 4630 cum
2626 4574 2859 4629 dicimus
2900 4577 3023 4631 ‘aut

423 4655 497 4710 da.
531 4653 672 4710 mihi
706 4658 807 4711 aut
839 4653 1021 4725 rapio'
1059 4654 1348 4711 Diomedes
1518 4661 1583 4709 16
1620 4655 1940 4729 Nymphae]
2001 4656 2154 4726 Verq.
2194 4657 2365 4712 bucol.
2404 4661 2531 4722 7,21
2704 4661 2775 4710 20
2811 4657 2912 4711 aut
2959 4660 3023 4712 tu

422 4734 651 4806 magne]
713 4734 866 4806 Verq.
916 4736 1052 4790 Aen.
1103 4733 1323 4791 VIIII
1354 4740 1463 4792 495
1629 4743 1697 4792 21
1744 4740 1846 4792 aut
1887 4739 1952 4792 tu
1997 4735 2171 4807 quod]
2232 4735 2386 4806 Ver-9.
2427 4736 2566 4792 Aen.
2616 4736 2670 4790 V
2700 4741 2806 4792 691
2952 4743 3023 4791 24

421 4814 633 4887 moliri]
683 4814 838 4885 Ver-9.
876 4817 1015 4875 Aen.
1054 4816 1098 4870 I
1129 4819 1236 4870 414
1404 4820 1473 4870 25
1509 4816 1778 4889 liquidas]
1820 4817 1982 4887 ‘Vera
2020 4831 2197 4887 yeory.
2237 4815 2281 4869 I
2311 4820 2420 4872 410
2588 4822 2656 4873 27
2695 4817 2796 4871 aut
2830 4817 3022 4889 onera]

434 4894 588 4966 Verq.
625 4911 801 4965 qeory.
841 4896 1008 4951 IIII
1041 4903 1153 4954 167
1190 4899 1324 4954 Aen.
1366 4897 1408 4950 I
1439 4900 1546 4951 434
