3613 5528
1228 395 1233 400 ’
1322 415 1420 471 DE
1459 416 2034 471 ORTHOGRAPHIA
2856 417 2982 480 141

551 603 722 665 Manu
772 605 979 684 scripti
1027 612 1223 664 autem
1271 602 1407 664 libri
1456 606 1515 665 in
1564 603 1656 664 bis
1702 601 1973 684 partibus
2021 621 2169 681 quas
2206 602 2364 664 edidi
2401 603 2545 664 mihi
2591 605 2779 682 parati
2818 611 2988 663 erant

376 720 528 786 treS,
582 710 1136 790 Bambergensis
1193 710 1260 772 ΙΙ.
1309 710 1350 770 1.
1407 709 1480 770 1v
1546 707 1653 793 15,
1708 710 2352 789 wirceburgensis
2407 711 2445 772 s.
2492 707 2622 791 5a,
2679 709 2986 788 Sanger-

375 819 735 878 manensis
784 814 929 878 782.
996 807 1077 877 'ex
1132 816 1353 896 quibus
1399 835 1555 879 unus
1601 816 2057 896 Bambergensis
2114 817 2264 878 duos
2309 818 2749 877 institutionum
2803 815 2987 876 libros

373 925 673 1005 continet3
746 927 807 984 in
874 923 1107 985 duobus
1171 923 1418 1004 reliquis
1495 923 1647 985 liber
1712 926 2153 985 institutionum
2219 923 2608 985 saecularium
2672 924 2986 1003 separatim

375 1031 631 1109 scriptus
689 1038 796 1091 est.
887 1030 1384 1111 Bambergensem
1440 1032 1745 1113 codicem,
1801 1033 1906 1111 qui
1974 1039 2179 1091 octavo
2239 1029 2475 1090 saeculo
2541 1032 2801 1110 scriptus
2856 1047 2986 1088 esse

377 1137 617 1211 dicitur,
665 1155 697 1197 a
734 1137 1039 1198 Friderico
1076 1136 1289 1198 Haasio
1327 1157 1462 1200 cum
1502 1139 1762 1199 editione
1801 1137 2132 1199 Genevensi
2180 1156 2230 1198 3.
2273 1132 2442 1197 1650
2489 1137 2764 1198 collatum
2810 1134 2986 1197 habe-

379 1243 526 1305 bam.
600 1245 1063 1323 descriptionem
1109 1244 1376 1306 eiusdem
1423 1244 1561 1306 libri
1607 1244 2008 1306 exhibuerunt
2043 1243 2320 1324 Haasius,
2368 1242 2638 1322 Gregorii
2675 1244 2983 1304 Turonen-

378 1352 459 1410 sis
503 1351 575 1411 de
624 1370 807 1412 cursu
853 1352 1156 1413 stellarum
1205 1345 1612 1433 (Vratislaviae
1652 1370 1700 1412 3.
1747 1345 1946 1431 1853)
1986 1370 2040 1430 p.
2081 1348 2139 1432 5,
2178 1359 2238 1411 et
2274 1350 2338 1409 Α.
2380 1349 2732 1431 Spengelius
2778 1349 2986 1409 Philol.

376 1476 424 1517 v.
464 1456 618 1518 XVII
655 1478 712 1537 p.
742 1455 889 1520 555.
955 1457 1162 1520 eodem
1209 1460 1272 1519 in
1310 1458 1667 1519 Cassiodorii
1713 1457 1867 1518 libro
1916 1457 1989 1517 de
2035 1456 2331 1517 rhetorica
2379 1476 2524 1519 usus
2563 1466 2654 1519 est
2690 1456 2985 1518 Halmius:

378 1564 450 1624 cl'.
508 1566 690 1644 praes.
746 1566 897 1626 rhet.
954 1565 1049 1626 lat.
1106 1584 1161 1645 p.
1209 1564 1334 1625 ΧΠ.
1409 1565 1674 1626 codicem
1738 1563 2326 1646 wirceburgensem,
2381 1583 2500 1644 quo
2559 1567 2688 1644 ipso
2750 1581 2986 1642 quoque

280 1694 305 1711 ·
378 1669 639 1731 Halmius
693 1674 755 1732 in
813 1671 965 1732 libro
1014 1672 1086 1732 de
1134 1671 1430 1732 rhetorica
1479 1690 1623 1733 usus
1671 1679 1791 1753 est,
1846 1673 1906 1732 in
1956 1689 2023 1731 ea
2070 1678 2237 1751 parte
2286 1688 2461 1749 quam
2508 1671 2665 1732 edidi
2713 1678 2987 1730 accurate

378 1780 637 1838 excussit
664 1777 1108 1859 Laubm'annuS,
1140 1778 1533 1840 bibliothecae
1564 1777 2049 1857 wirceburgensi
2086 1778 2443 1858 praesectuS,
2471 1780 2574 1857 qui
2605 1795 2742 1839 eum
2779 1784 2987 1836 octavo

380 1883 610 1944 saeculo
666 1885 756 1946 vel
814 1888 1056 1947 ineunte
1105 1904 1261 1946 nono
1318 1887 1606 1965 scriptum
1664 1904 1795 1945 esse
1852 1884 1996 1945 mihi
2052 1884 2414 1964 significavit.
2502 1882 2688 1944 codex
2735 1883 2985 1963 Sanger-

381 1995 701 2073 manensis,
747 1987 931 2053 ‘liber
969 1994 1157 2052 sancti
1193 1991 1358 2052 Petri
1394 1986 1699 2073 Corbeie',
1745 1991 1977 2051 decimo
2025 1990 2290 2071 saeculo,
2337 1999 2402 2051 ut
2447 1990 2590 2051 mibi
2636 1992 2828 2051 visum
2875 1998 2988 2071 est,

381 2102 636 2179 scriptus
683 2108 818 2179 post
862 2098 1124 2159 libellum
1172 2098 1246 2158 de
1284 2106 1411 2159 arte
1450 2099 1829 2177 grammatica
1874 2097 2238 2176 reliquarum
2278 2099 2494 2158 artium
2543 2099 2991 2177 expositionem,

381 2209 596 2267 omisso
637 2215 829 2267 tamen
874 2208 1111 2267 nomine
1151 2206 1533 2287 Cassiodorii,
1579 2207 1873 2286 continet,
1919 2206 2011 2265 De
2052 2208 2460 2279 ‘grammatica
2499 2214 2652 2265 arte.
2717 2207 2990 2266 Intentus

381 2315 549 2373 nobis
590 2322 679 2373 est
710 2346 785 2356 —
829 2307 933 2394 (de
980 2306 1366 2395 astronomia)
1413 2315 1488 2372 de
1532 2314 1653 2373 hac
1700 2320 1838 2372 arte
1882 2316 2110 2372 sentire
2156 2315 2419 2388 explicit.
2494 2313 2556 2372 in
2605 2312 2718 2372 fine
2768 2309 2989 2371 codicis

380 2438 562 2498 pauca
616 2419 690 2480 de
751 2420 1059 2480 elementis
1114 2426 1174 2480 et
1232 2393 1505 2498 excerpta
1563 2419 1880 2498 Augustini
1936 2421 2154 2497 scripta
2211 2428 2367 2478 sunt.
2444 2437 2579 2478 cum
2635 2418 2747 2477 hoc
2804 2418 2863 2477 in
2922 2435 2991 2476 ea

381 2535 543 2605 parte
589 2544 764 2606 quam
804 2526 961 2587 edidi
1006 2526 1357 2605 plerumque
1396 2528 1693 2586 consentit
1730 2524 1914 2585 codex
1945 2523 2252 2585 Parisinus
2295 2521 2466 2584 8679
2507 2542 2657 2583 saec.
2688 2522 2757 2596 X,
2797 2523 2984 2583 Liber

389 2634 733 2692 Cassiodori
776 2635 1090 2693 Senatoris
1144 2636 1550 2693 humanarum
1605 2635 1957 2692 litterarum·
2005 2634 2114 2705 qui
2164 2633 2463 2691 scribitur
2524 2633 2598 2691 de
2644 2633 2883 2691 artibus
2930 2638 2988 2690 et

383 2740 714 2816 disciplinis
767 2742 1179 2800 saecularium
1233 2743 1571 2801 studiorum
1625 2741 1740 2800 hoc
1796 2746 1886 2799 est
1947 2740 2023 2798 de
2082 2740 2491 2813 grammatica
2548 2740 2624 2798 de
2679 2740 2991 2799 rhetorica

381 2849 456 2905 de
491 2849 815 2908 dialectica
863 2850 939 2907 de
969 2849 1350 2923 philosophia
1388 2848 1463 2906 de
1499 2848 1927 2906 mathematica
1967 2847 2043 2904 de
2081 2847 2469 2905 arithmetica
2509 2847 2584 2904 de
2616 2847 2991 2919 yeometrica

381 2955 455 3012 de
499 2958 868 3014 astronomia
915 2955 991 3014 de
1035 2955 1284 3013 musica.
1358 2951 1461 3011 sed
1509 2950 1687 3011 huius
1726 2949 1910 3011 semel
1956 2951 2316 3011 mentionem
2365 2951 2496 3010 feci.
2557 2958 2877 3030 praeterea
2925 2951 2984 3009 in

380 3057 704 3120 divinarum
742 3062 1181 3121 institutionum
1223 3060 1412 3139 capite
1450 3060 1752 3118 tricesimo
1790 3057 2076 3117 lectiones
2115 3056 2370 3118 duorum
2409 3056 2679 3117 codicum
2719 3056 2980 3115 Beruen-

381 3167 558 3246 sium,
612 3184 685 3226 ex
740 3166 958 3245 quibus
1011 3166 1168 3227 illam
1221 3172 1451 3246 partem
1506 3163 1875 3224 emendatam
1931 3162 2117 3224 edidit
2173 3161 2447 3243 Hagenus
2503 3161 2705 3223 anecd.
2763 3161 2987 3222 Helvet.

382 3291 435 3351 p.
482 3271 798 3355 CXXXXI,
846 3273 1154 3353 adscripsi.
1538 3351 1553 3357 ο

558 3379 675 3440 lam
731 3399 871 3441 vero
919 3399 1054 3441 cum
1102 3397 1277 3439 manu
1336 3380 1542 3458 scripti
1597 3377 1812 3437 horum
1869 3376 2158 3437 librorum
2216 3374 2452 3436 codices
2499 3376 2664 3437 valde
2723 3378 2878 3437 inter
2925 3395 2989 3436 se

384 3483 722 3565 discrepent
780 3481 906 3570 (alii
972 3490 1129 3548 enim
1199 3485 1559 3565 breviorem,
1629 3483 1729 3552 alii,
1791 3483 2135 3564 ampliorem
2202 3483 2478 3544 sormam·
2513 3476 2849 3565 exhibent),
2920 3483 2991 3543 ad

383 3589 641 3651 libellum
686 3591 763 3657 de
798 3604 924 3655 arte
961 3595 1339 3673 grammatica
1379 3609 1615 3671 quoque
1654 3609 1722 3651 ea
1761 3590 2163 3669 discrepantia
2208 3592 2486 3670 pertinet.
2561 3607 2695 3650 uam
2732 3592 2794 3650 in
2823 3588 2991 3650 Bam-

384 3760 594 3817 tribuit.
661 3764 731 3817 de
768 3781 878 3834 quo
924 3764 983 3819 in
1030 3762 1375 3834 praefatione
1412 3762 1608 3819 scribit
1642 3762 1811 3832 haec,
1858 3778 2003 3832 quae
2041 3762 2146 3816 hoc
2182 3761 2309 3816 loco
2347 3762 2629 3832 repetam,
2676 3763 2741 3817 ut
2775 3761 2995 3817 intelle-

385 3843 546 3909 gatur
573 3843 785 3909 nullam
821 3843 989 3900 fidem
1026 3843 1084 3898 in
1120 3844 1219 3898 illo
1249 3844 1651 3898 commentario
1686 3844 1797 3898 hoc
1826 3858 2027 3897 nomen
2054 3842 2287 3912 habere,
2328 3841 2608 3898 ‘Aurelius
2636 3845 2826 3899 noster
2854 3842 2987 3896 dum

385 3919 554 3975 libros
597 3926 868 3990 recenset,
914 3940 1054 3993 quos
1100 3923 1215 3977 iam
1259 3923 1564 3978 monachus
1609 3923 1888 3993 ediderat,
1938 3922 2077 3977 duos
2121 3940 2158 3978 3
2203 3941 2262 3979 se
2309 3941 2476 3994 super
2514 3923 2797 3978 Donatum
2842 3938 2990 3977 com-

384 4001 685 4057 mentarios
731 4003 1002 4073 prodiisse
1048 4002 1322 4072 perhibet.
1396 4020 1631 4071 quorum
1675 4004 1840 4060 initio
1885 4001 2019 4060 libri
2054 4003 2123 4057 de
2169 4002 2540 4074 grammatica
2584 4002 2665 4057 sic
2713 4001 2994 4057 meminit:

385 4081 568 4152 cuius,
605 4082 820 4139 scilicet
847 4081 1072 4152 Donati,
1106 4084 1323 4153 gemina
1358 4089 1653 4138 commenta
1679 4084 2015 4153 reliquimus.
2071 4085 2355 4138 Hactenus
2392 4081 2551 4138 nobis
2587 4082 2994 4152 incompertum

387 4178 456 4216 33
493 4164 648 4219 edita
681 4163 906 4219 fuerint.
973 4164 1211 4219 Unicum
1248 4163 1448 4218 damus
1497 4161 1556 4216 in
1592 4162 1874 4217 Donatum
1912 4163 2250 4218 Cassiodorii
2295 4163 2781 4232 commentarium,
2827 4177 2995 4230 quem

386 4244 764 4312 suppeditavit
806 4244 1216 4300 vetustissimus
1263 4242 1435 4297 codex
1478 4260 1579 4298 ms.
1614 4241 1992 4298 bibliothecae
2031 4241 2086 4297 S.
2124 4241 2415 4297 Michaelis
2451 4241 2510 4297 in
2549 4243 2737 4297 Monte
2751 4284 2765 4310 ,
2802 4258 2898 4295 seu
2936 4240 2995 4294 in

386 4324 631 4394 periculo
676 4324 875 4390 maris;
926 4341 992 4379 ex
1043 4325 1200 4379 cuins
1245 4322 1441 4390 titulo,
1484 4321 1661 4376 nimia
1696 4323 1985 4377 senectute
2021 4339 2164 4392 pene
2202 4324 2560 4392 consumpto,
2596 4322 2737 4378 haec
2772 4322 2994 4374 tantum

389 4421 576 4460 eruere
611 4403 775 4458 licuit
809 4403 868 4458 in
904 4404 1088 4474 prima
1122 4404 1299 4458 linea:
1338 4403 1555 4471 Incipit
1593 4400 2048 4458 Commentarium
2085 4403 2210 4459 S...
2249 4402 2306 4457 in
2344 4403 2588 4458 secunda
2623 4402 2799 4456 linea:
2851 4397 2980 4451 CII
2980 4442 2991 4453 .

387 4484 452 4538 de
497 4483 758 4538 Oratione
803 4489 853 4538 et
896 4486 962 4540 de
1010 4485 1186 4539 VIII
1377 4483 1436 4536 et
1478 4480 1536 4534 in
1580 4483 1730 4536 terta
1772 4482 1947 4537 linea:
1993 4483 2142 4537 tibus
2190 4483 2487 4538 Orationis.
2555 4479 2710 4546 Quae
2755 4479 2994 4548 singula,

389 4562 435 4617 si
468 4563 693 4632 placeat
721 4563 1064 4633 coniectura,
1100 4564 1342 4619 reddunt
1375 4562 1482 4615 hoc
1510 4559 1793 4631 integrum
1820 4562 2055 4618 lemma:
2094 4564 2312 4632 Incipit
2341 4562 2794 4618 Commentarium
2822 4561 2994 4616 Sena-

389 4644 544 4710 toris,
591 4643 741 4712 quod
777 4644 1066 4714 proprium
1104 4644 1277 4699 etiam
1313 4641 1661 4699 Cassiodorio
1709 4658 1937 4710 nomen,
1989 4643 2303 4698 Clarissimi
2345 4643 2412 4697 dc
2450 4642 2737 4707 Oratione,
2784 4647 2833 4695 ct
2878 4647 2994 4695 octo

383 4723 636 4790 partibus
675 4723 1005 4779 Orationis&
1065 4724 1331 4780 nimirum
1366 4723 1436 4778 de
1472 4723 1700 4777 auctore
1735 4720 1805 4775 iis
1842 4738 1987 4790 quae
2016 4721 2274 4776 Gai-etius
2313 4721 2609 4778 adnotavit
2643 4719 2784 4775 nihil
2823 4720 2992 4790 plane

392 4805 627 4868 constat,
673 4819 853 4873 neque
900 4803 1208 4872 quidquam
1254 4803 1312 4857 in
1349 4818 1415 4857 eo
1464 4801 1610 4856 libro
1647 4800 1792 4855 inest
1830 4818 1927 4855 cur
1962 4800 2219 4856 videatur
2255 4801 2458 4871 dignus
2497 4818 2616 4857 esse
2654 4800 2751 4871 qui
2787 4800 2992 4858 iterum

394 4882 600 4938 edatur.
