3613 5528
1418 403 1516 458 DE
1554 401 2135 459 ORTHOGRAPHIA
2945 406 3070 469 133

472 593 938 667 institutionum,
986 597 1111 652 tum
1151 607 1286 650 cum
1327 591 1452 670 ipse
1490 589 1565 650 de
1586 588 2019 669 'orthographia
2056 589 2320 649 noudum
2358 590 2706 669 scripserat,
2743 597 2803 648 et
2840 595 3078 669 praeter

473 706 746 777 excerpta
785 716 816 758 a
855 716 919 758 se
958 698 1227 758 confecta
1266 698 1327 757 in
1375 696 1737 776 praefatione
1775 694 1912 757 libri
1960 695 2032 756 de
2072 695 2490 775 orthographia
2533 668 2834 756 monachis
2879 696 3076 776 legen-

469 804 578 864 dos
623 802 1069 866 commendavit.

647 911 931 991 Sequitur
966 919 1032 971 ut
1069 910 1142 971 de
1180 911 1577 989 grammaticis
1616 928 1871 989 quorum
1901 919 2178 990 excerpta
2209 909 2616 971 Cassiodorius
2652 912 2853 991 posuit
2890 927 3077 989 pauca

465 1020 672 1081 dicam.
769 1035 977 1079 eorum
1033 1017 1480 1095 antiquissimus
1535 1026 1628 1078 651
1684 1019 1736 1077 15
1791 1035 1971 1096 quem
2028 1019 2220 1097 primo
2280 1016 2406 1077 loco
2463 1018 2688 1097 posuit,
2743 1016 3076 1076 Annaeus

382 1102 401 1112 “
467 1126 857 1208 (1010111115,
894 1143 1072 1204 quem
1112 1125 1377 1204 Agneum
1416 1124 1543 1202 ipse
1582 1123 1817 1185 videtur
1853 1122 2091 1184 dixisse.
2157 1141 2350 1202 neque
2391 1124 2546 1184 enim
2585 1121 2843 1184 dubitari
2879 1132 3077 1203 potest

472 1235 614 1312 quin
652 1231 798 1293 baec
836 1231 1084 1293 Cornuti
1124 1240 1399 1310 excerpta
1437 1229 1750 1291 referenda
1789 1232 1910 1291 sint
1946 1229 2019 1290 ad
2067 1230 2128 1290 L.
2167 1231 2470 1291 Annaeum
2510 1229 2838 1292 Cornutum
2878 1229 3071 1311 Lepti—

467 1347 693 1413 tanum,
738 1357 917 1419 quem
945 1338 1198 1399 Neronis
1236 1345 1426 1398 aetate
1457 1336 1675 1397 Romae
1715 1339 1929 1398 vixisse
1969 1314 2216 1398 constat.
2290 1335 2362 1397 de
2410 1336 2523 1397 hoc
2562 1355 2712 1416 quae
2751 1340 3071 1399 memoriae

464 1445 693 1526 prodita
740 1455 881 1507 sunt
926 1447 1260 1525 composuit
1306 1443 1544 1505 Iahnius
1592 1443 1762 1524 proll.
1805 1444 1866 1504 in
1904 1442 2069 1505 Peis.
2108 1463 2164 1523 p.
2193 1442 2322 1504 VIII
2353 1462 2478 1522 sqq.
2553 1446 3071 1523 grammaticorum

463 1560 659 1613 autem
705 1553 927 1638 'studiis
981 1570 1120 1614 eum
1175 1551 1439 1613 deditum
1499 1552 1681 1612 fuisse
1739 1552 2164 1611 commentario
2211 1551 2282 1629 jn
2328 1549 2678 1632 Vergilium,
2739 1570 2857 1630 quo
2905 1552 3075 1613 multi

462 1669 665 1740 postea
705 1661 799 1720 usi
836 1668 1002 1741 sunt,
1040 1656 1479 1738 comprobatur.
1526 1656 1662 1718 libri
1700 1656 1772 1717 (16
1808 1656 2226 1737 orthographia
2262 1668 2512 1744 praeter
2537 1666 2816 1738 excerpta
2846 1658 3073 1719 Cassio·

461 1766 613 1827 dorii
667 1769 890 1828 mentio
948 1767 1098 1827 facta
1146 1783 1263 1826 non
1314 1772 1421 1825 est.
1513 1783 1867 1845 quamquam
1915 1762 2277 1825 Ribbeckius
2340 1763 2413 1824 (16
2461 1767 2884 1826 commentario
2932 1766 3071 1827 Ver-

460 1873 672 1953 giliano
728 1873 1036 1954 disputans
1091 1872 1262 1953 proll.
1308 1875 1368 1933 in
1415 1871 1587 1951 Verg.
1635 1890 1689 1951 p.
1745 1869 1868 1934 128
1915 1871 1986 1932 ad
2044 1871 2202 1933 hunc
2258 1870 2474 1933 librum
2530 1872 2730 1951 potius
2775 1890 2952 1951 quam
2999 1874 3072 1935 ad

461 1982 945 2042 commentarium
1000 1978 1400 2058 Vergilianum
1465 1978 1776 2040 reserenda
1842 1996 1974 2038 esse
2040 1978 2294 2038 coniecit
2367 1976 2512 2036 haec
2587 1995 2737 2056 quae
2804 1977 3069 2041 Cornuto

462 2085 805 2148 tribuuntur
860 2090 923 2148 in
980 2086 1192 2167 glossis
1247 2085 1467 2147 Placidi
1531 2105 1585 2165 p.
1635 2082 1747 2168 58,
1800 2082 1880 2146 15
1928 2084 2017 2144 ed.
2066 2083 2326 2164 Deuerl.‚
2381 2087 2703 2159 inqluvicm
2773 2086 3073 2147 Cornutus

462 2201 748 2271 ventrem,
818 2197 1053 2256 Plinius
1108 2196 1503 2269 edacitatem,
1569 2201 1629 2253 et
1683 2192 1836 2272 apud
1896 2191 2169 2252 Servium
2227 2193 2286 2251 iu
2345 2190 2514 2270 Verg.
2571 2209 2769 2271 georg.
2828 2190 2853 2251 l
2922 2189 3006 2253 27
3015 2190 3072 2273 7,
3153 2256 3162 2265 ,

461 2303 695 2363 Probus
731 2304 955 2362 orchus
991 2305 1162 2377 leqit,
1208 2302 1508 2361 Cornutus
1544 2307 1705 2361 vetat
1741 2302 2218 2377 adspirationem
2257 2300 2617 2359 addendam.
2674 2299 2735 2358 in
2775 2301 3072 2378 excerptis

459 2416 655 2469 autem
702 2407 1059 2469 Cassiodorii
1105 2407 1178 2468 de
1226 2407 1438 2468 iisdem
1484 2408 1609 2467 sere
1657 2405 2133 2488 quaestionibuS,
2184 2424 2333 2485 quae
2382 2423 2556 2484 saepe
2605 2402 2676 2465 ab
2723 2406 2797 2466 iis
2844 2408 2947 2485 qui
2993 2406 3065 2467 (16

459 2513 875 2594 orthographia
930 2517 1302 2593 scripserunt
1362 2522 1645 2575 tractatae
1704 2523 1843 2575 sunt
1899 2514 2253 2593 disputatur.
2344 2513 2592 2573 maxima
2647 2514 2806 2574 enim
2863 2530 3071 2574 eorum

459 2638 595 2700 pars
640 2620 719 2681 ad
768 2622 1232 2682 controversiam
1288 2618 1449 2681 illam
1494 2628 1555 2680 et
1600 2629 1735 2681 ante
1784 2620 2113 2681 Cornutum
2162 2609 2360 2680 anon
2411 2619 2587 2680 nullis
2633 2627 2694 2679 et
2748 2627 2885 2699 post
2931 2638 3067 2680 eum

461 2730 690 2809 saepius
737 2736 1046 2790 tractatam
1091 2730 1379 2812 pertinet,
1425 2736 1625 2790 utrum
1675 2745 1858 2789 sonus
1905 2728 2335 2789 enuntiationis
2393 2727 2687 2807 scriptura
2736 2728 3066 2808 exprimen—

461 2835 570 2896 dus
623 2853 695 2897 an
751 2835 872 2896 sola
930 2838 1080 2897 ratio
1136 2837 1436 2916 sequenda
1492 2838 1599 2918 sit‚·
1650 2834 1767 2915 vel,
1822 2843 1890 2896 ut
1946 2837 2073 2915 ipse
2121 2834 2263 2895 dicit
2308 2854 2363 2913 p.
2411 2831 2613 2914 2283,
2659 2842 2864 2894 utram
2909 2839 3074 2910 quod

461 2945 738 3005 audimus
766 2962 846 3004 an
885 2945 1052 3018 quod
1082 2945 1280 3004 scribi
1311 2951 1587 3020 oporteat
1622 2944 2010 3003 scribendum
2038 2944 2131 3001 sit.
2189 2959 2260 3001 ex
2295 2939 2730 3020 antiquioribus
2763 2942 3065 3021 scriptori—

459 3045 569 3109 bus
624 3049 726 3127 qui
785 3048 858 3108 de
914 3047 1330 3129 orthographia
1390 3051 1752 3129 scripserant
1809 3047 1990 3109 semel
2055 3049 2374 3109 nominavit
2429 3045 2719 3107 Lucilium
2777 3066 2831 3126 p.
2894 3044 3066 3109 2283

459 3152 529 3214 (16
589 3173 628 3234 q
687 3154 912 3230 littera,
978 3156 1295 3234 quinquies
1355 3155 1706 3237 Varronem,
1776 3174 1833 3234 p.
1889 3151 2064 3216 2282
2126 3154 2197 3214 (16
2259 3173 2292 3214 v
2351 3153 2546 3214 littera
2607 3171 2715 3232 pro
2777 3152 3065 3232 digamma

459 3260 814 3321 Graecorum
861 3263 1078 3342 posita,
1123 3280 1178 3341 p.
1225 3258 1402 3323 2284
1447 3261 1520 3322 (16
1569 3260 1868 3322 vocabulis
1913 3263 1933 3320 i
1980 3261 2072 3321 vel
2119 3280 2157 3322 u
2206 3261 2397 3322 littera
2445 3259 2803 3341 scribendiS,
2869 3257 2944 3319 ib.
2993 3260 3065 3320 (16

438 3385 506 3427 ·v.
553 3371 961 3444 intervallum,
1009 3387 1063 3446 p.
1110 3364 1286 3430 2285
1333 3386 1419 3447 sq.
1467 3366 1538 3428 de
1587 3367 1627 3427 h
1672 3367 1896 3449 littera,
1940 3387 1997 3447 p.
2045 3364 2218 3429 2286
2277 3366 2350 3427 (16
2398 3365 2795 3446 adspiratione
2851 3372 2988 3445 post
3036 3383 3065 3425 r

456 3472 725 3536 litteram.
789 3476 851 3536 in
896 3476 990 3536 his
1027 3480 1209 3539 semel
1255 3473 1473 3536 librum
1517 3473 1589 3534 de
1636 3476 2015 3554 grammatica
2054 3472 2364 3554 appellavit
2409 3492 2464 3552 p.
2496 3469 2693 3554 2286,
2732 3480 3064 3549 practerea

458 3584 515 3640 in
563 3584 718 3642 libro
759 3586 868 3658 qui
910 3591 999 3644 est
1044 3586 1119 3645 de
1159 3585 1569 3659 qrammate'ca
1613 3583 1810 3642 Varro
1857 3598 1994 3642 cum
2042 3583 2118 3642 dc
2161 3583 2380 3641 litteris
2417 3581 2770 3653 dissereret,
2818 3581 2858 3639 11
2906 3581 3066 3639 inter

456 3688 688 3748 litteras
733 3705 853 3748 non
899 3706 1028 3750 esse
1074 3691 1417 3765 disputavit.
1493 3687 1594 3748 sed
1643 3689 1788 3767 ipsis
1828 3684 2022 3746 verbis
2061 3684 2279 3764 quibus
2326 3685 2470 3745 haec
2517 3677 2957 3765 superioribus',
3003 3685 3063 3744 iu

457 3791 670 3870 quibus
717 3792 996 3854 Varronis
1043 3793 1116 3854 (16
1163 3793 1368 3854 eadem
1418 3812 1482 3854 re
1530 3795 1825 3855 sententia
1873 3792 2055 3853 relata
2101 3800 2256 3875 erat,
2305 3791 2572 3854 adiunxit
2617 3791 2712 3853 illa
2763 3810 2880 3852 non
2928 3809 3060 3851 esse

456 3917 525 3958 ex
584 3898 793 3960 eodem
852 3899 1002 3961 libro
1076 3902 1257 3981 petita
1317 3899 1564 3982 indicat,
1636 3901 1791 3960 sicut
1850 3897 2209 3960 Ritschelius
2269 3907 2495 3977 quaest.
2557 3896 2799 3958 Varron.
2858 3916 2915 3977 p.
2976 3895 3061 3958 23

454 4006 877 4069 animadvertit.
941 4008 1013 4069 de
1052 4007 1219 4068 libris
1256 4007 1330 4067 de
1369 4007 1596 4085 origine
1637 4006 1873 4086 linguae
1911 4005 2123 4066 latinae
2162 4005 2463 4084 cogitabat
2491 4004 2880 4084 Ritschelius3
2927 4022 3060 4083 pro-

455 4111 702 4174 babilius
749 4111 1172 4175 Wilmannsius
1227 4114 1299 4175 de
1356 4112 1519 4174 Varr.
1575 4113 1705 4174 libr.
1761 4131 2004 4193 gramm.
2050 4132 2107 4192 p.
2154 4110 2241 4174 92
2288 4130 2415 4192 sqq.
2463 4120 2522 4173 et
2575 4110 2672 4172 illa
2720 4119 2780 4171 61
2836 4110 3061 4189 reliqua

456 4219 731 4282 Varronis
786 4221 1120 4282 testimonia
1169 4219 1237 4280 ad
1300 4219 1483 4281 libros
1530 4219 1602 4280 de
1650 4235 1952 4281 sermone·
1980 4219 2160 4281 latino
2218 4218 2480 4301 rettulit,
2544 4215 2761 4297 quibus
2825 4217 3060 4296 saepius

454 4329 843 4407 antiquissimi
889 4329 1212 4407 scriptores
1258 4325 1332 4386 (16
1377 4325 1793 4406 orthographia
1839 4327 1935 4386 usi
1978 4333 2134 4387 sunt.

629 4433 710 4494 De
774 4433 1025 4495 Curtio
1086 4432 1492 4515 Valeriano,
1552 4452 1622 4494 ex
1683 4452 1800 4513 quo
1866 4439 2002 4512 post
2060 4431 2207 4493 Velii
2270 4431 2455 4511 Longi
2519 4439 2796 4511 excerpta
2868 4449 3055 4509 pauca

455 4539 745 4620 descripta
799 4547 967 4622 sunt,
1037 4540 1181 4602 nihil
1235 4541 1552 4601 memoriae
1609 4539 1910 4619 proditum
1965 4548 2073 4600 est.
2163 4557 2297 4599 nam
2360 4541 2586 4599 incerta
2642 4547 2734 4598 est
2799 4539 3057 4617 suspicio
3167 4607 3180 4619 .

456 4645 674 4708 Osanni
728 4647 908 4708 Beitr.
966 4667 1012 4709 z.
1060 4647 1280 4726 griech.
1340 4666 1395 4708 u.
1444 4665 1624 4707 roem.
1674 4646 2053 4725 Litteraturg.
2101 4665 2150 4705 v.
2197 4644 2252 4704 11
2297 4664 2353 4724 p.
2399 4641 2529 4705 289
2586 4642 2844 4704 eundem
2899 4643 3082 4704 hunc·

458 4771 587 4814 esse
625 4757 917 4834 opinantis
954 4763 1131 4834 atque
1160 4752 1530 4815 Valerianum
1569 4754 1641 4814 ad
1681 4770 1859 4831 quem
1899 4750 2232 4832 Symmachi
2270 4748 2520 4830 epistula
2554 4749 2682 4809 VIII
2713 4746 2796 4810 69
2836 4750 3058 4830 scripta

461 4867 568 4919 e‘st.
648 4861 708 4921 in
763 4862 1061 4942 excerptis
1115 4870 1313 4924 autem
1369 4880 1519 4941 quae
1575 4858 1985 4923 Cassiodorius
2053 4860 2253 4938 posuit
2307 4864 2582 4918 auctores
2637 4855 2853 4937 quibus
2909 4875 3056 4919 usus
