3613 5528
1364 433 1460 487 DE
1498 431 1695 486 ARTE
1732 431 2059 486 METRICA
2893 430 3022 496 253

405 546 448 583 p.
475 533 593 575 2³75.
622 533 675 573 τε
695 533 754 588 p.

409 619 563 698 quod
604 636 721 697 quo
751 616 927 678 modo
957 615 1363 677 scandendum
1400 587 1782 697 iudicaverit,
1805 613 2001 676 videat
2037 616 2140 695 qui
2176 620 2400 696 potest,
2428 623 2632 676 utrum
2660 612 3015 676 Iudaeorum

408 725 559 786 duos
605 724 900 804 spondeos
947 708 1151 804 quinta
1203 732 1264 784 et
1310 731 1472 784 sexta
1521 724 1764 801 regione
1812 729 2019 782 contra
2066 740 2317 803 morem,
2383 740 2455 783 an
2503 720 2714 783 solutis
2762 720 3018 802 syllabis»,

411 834 573 892 iuxta
619 831 777 911 quod
828 849 1008 912 supra
1055 833 1541 924 monstravimuS,
1587 828 1885 908 dactylum
1932 829 2062 890 fieri
2108 828 2363 890 voluerit
2407 836 2469 890 et
2514 829 2860 909 spondeum.

472 984 570 1040 VT
607 983 848 1040 PRISCI
883 983 1174 1039 POETAE
1215 982 1577 1049 QVAEDAM
1613 981 1891 1036 ALITER
1929 980 2138 1046 QVAM
2174 979 2514 1037 MODERNI
2550 980 2967 1037 POSVERINT

361 1112 388 1151 ⁵
587 1097 733 1159 Nam
792 1106 852 1159 et
903 1100 966 1158 in
1027 1097 1312 1178 exemplis
1368 1099 1746 1176 antiquorum
1803 1096 2189 1155 inveniuntur
2250 1094 2561 1175 aliquoties
2612 1097 2729 1158 duo
2778 1095 3025 1177 spondei

411 1207 471 1265 in
518 1205 632 1265 fine
681 1221 915 1287 versuS‚
962 1206 1117 1266 sicut
1163 1213 1223 1265 et
1269 1202 1483 1283 dactyli
1530 1221 1649 1263 non
1696 1220 2050 1284 numquam,
2098 1210 2165 1262 ut
2210 1210 2352 1264 sunt
2396 1202 2494 1264 illa
2540 1202 2826 1286 MaroniS,

729 1319 798 1372 at
842 1310 1010 1373 tuba
1055 1310 1464 1372 terribilem
1513 1310 1831 1372 sonitum
1876 1306 2133 1390 procul
2179 1311 2449 1370 excitat
2492 1308 2783 1370 horrida

420 1410 479 1462 et
730 1480 851 1534 aut
895 1471 1089 1533 leves
1136 1489 1389 1532 ocreas
1435 1469 1632 1530 lento
1678 1469 1953 1531 ducunt
1998 1475 2315 1548 argento.

338 1593 387 1632 10
415 1580 679 1657 quamvis
726 1577 839 1640 boc
887 1580 1186 1639 rarissime
1234 1579 1586 1652 inveniatur,
1633 1578 1749 1636 nisi
1794 1577 1874 1637 ita
1930 1574 2293 1656 ordinatum,
2341 1582 2408 1636 ut
2453 1585 2514 1637 et
2559 1576 2770 1657 dactyli
2819 1580 2921 1657 qui
2968 1580 3027 1639 in

415 1685 528 1745 tine
575 1694 668 1746 est
722 1684 928 1746 ultima
985 1683 1202 1764 syllaba
1261 1702 1369 1764 per
1416 1680 1779 1762 synalipbam
1827 1683 2103 1761 sequenti
2150 1683 2350 1742 versui
2398 1684 2696 1765 iungatur,
2745 1692 2805 1745 et
2850 1703 3028 1765 spon·

414 1790 561 1852 deus
623 1794 727 1871 qui
789 1794 849 1853 in
906 1794 1114 1872 quinta
1170 1792 1410 1869 regione
1467 1796 1580 1852 est,
1621 1807 1652 1849 r
1706 1789 1963 1849 litteram
2032 1787 2245 1848 babeat
2299 1787 2467 1849 alteri
2531 1793 2880 1851 consonanti
2938 1790 3030 1850 vel

415 1901 808 1978 praepositam
868 1899 961 1961 vel
1021 1897 1375 1979 subiectam,
1435 1898 1608 1957 cuius
1669 1895 1889 1957 duritia
1949 1911 2058 1975 per
2115 1894 2403 1955 adiectam
2462 1896 2718 1958 vocalem
2784 1897 3032 1978 levigata

418 1997 680 2085 dactylus
727 2008 1019 2068 sentiatur
1063 2008 1126 2067 in
1174 2024 1352 2087 sono,
1400 2022 1536 2065 cum
1582 2012 1787 2084 pareat
1834 2001 2135 2083 spondeus
2173 2004 2234 2062 in
2275 2003 2516 2083 scripto.
2592 2004 2750 2083 quod
2799 2013 3029 2066 utrum-

343 2126 393 2166 15
419 2129 533 2190 que
581 2120 648 2172 ut
703 2113 828 2193 flat,
883 2112 1167 2194 exemplis
1215 2111 1395 2192 supra
1442 2110 1918 2170 monstravimus,
1993 2109 2095 2186 qui
2148 2116 2209 2168 et
2264 2107 2394 2169 aliis
2444 2110 2505 2170 in
2553 2113 2801 2171 metrico
2849 2129 3031 2192 opere

420 2217 641 2297 regulis
678 2219 930 2282 multum
979 2219 1162 2280 libere
1201 2217 1541 2298 utebantur,
1589 2234 1737 2295 quas
1775 2212 2046 2275 moderni
2092 2223 2301 2294 poetae
2342 2215 2680 2280 distinctius
2718 2218 2787 2279 ad
2829 2228 3031 2280 certae

421 2341 683 2386 normam
715 2325 1075 2387 definitionis
1094 2327 1411 2388 observare
1435 2324 1788 2386 maluerunt.
1835 2341 1968 2383 nam
2000 2329 2061 2381 et
2087 2321 2345 2383 vocalem
2377 2322 2635 2406 brevem,
2655 2344 2805 2405 quae
2838 2344 2875 2405 q
2905 2333 2966 2386 et
2994 2344 3034 2385 u

425 2440 485 2492 et
528 2432 714 2494 vocali
760 2432 1022 2512 qualibet
1068 2436 1465 2513 exciperetur,
1511 2431 1831 2492 voluerunt
1876 2448 2009 2490 esse
2056 2447 2458 2513 communem,
2505 2440 2573 2492 ut
2618 2431 2933 2493 Lucretius

739 2558 915 2619 quae
963 2540 1269 2601 calidum
1317 2538 1597 2598 faciunt
1641 2554 1865 2616 aquae
1913 2543 2184 2595 tactum
2231 2543 2446 2616 atque
2494 2557 2852 2621 vaporem3

347 2661 398 2700 πο
424 2654 484 2706 et
519 2646 779 2708 vocalem
816 2649 878 2708 in
925 2648 1041 2707 fine
1077 2645 1244 2707 verbi
1290 2644 1559 2727 brevem,
1607 2661 1757 2722 quae
1798 2644 2176 2721 exciperetur
2215 2661 2246 2702 a
2285 2654 2648 2706 consonante
2688 2654 2748 2707 et
2793 2646 3033 2727 liquida,

423 2754 580 2814 inter
624 2772 971 2816 communes
1017 2752 1265 2833 syllabas
1312 2752 1701 2832 deputarunt,
1747 2757 1815 2810 ut
1860 2737 2140 2828 virfgilius

742 2868 1134 2940 aestusque
1181 2860 1607 2940 pluviasque
1656 2865 1726 2917 et
1771 2865 2068 2936 agentes
2116 2857 2387 2936 frigora
2436 2868 2687 2921 ventos

973 2980 1004 3007 Ο

428 2957 487 3009 et
742 3023 802 3081 si
850 3020 986 3082 tibi
1030 3021 1368 3082 lanicium
1412 3014 1423 3099 Ι
1464 3037 1710 3100 curae,
1755 3019 2059 3097 primum
2108 3035 2361 3097 aspera
2409 3020 2585 3080 silva

350 3141 402 3181 25
742 3126 1143 3209 lappaeque
1191 3126 1599 3205 tribulique
1647 3124 1913 3205 absint,
1961 3124 2127 3203 suge
2171 3122 2428 3204 pabula
2474 3126 2687 3203 laeta,

430 3233 584 3313 quod
641 3230 800 3295 nunc
854 3244 1063 3314 poetae
1118 3237 1179 3295 in
1236 3233 1441 3294 eadem
1497 3240 1667 3312 parte
1724 3233 2037 3311 orationiS,
2093 3240 2160 3292 ut
2215 3250 2394 3312 supra
2451 3232 2789 3317 docuimus,
2855 3239 3041 3315 magis

430 3340 558 3400 lieri
601 3348 879 3419 oportere
928 3341 1275 3403 decernunt.
1350 3339 1504 3400 idem
1553 3338 1815 3399 vocalem
1860 3340 1921 3399 in
1969 3338 2085 3399 fine
2123 3337 2288 3398 verbi
2334 3350 2696 3425 correptam,
2743 3362 2893 3422 quae
2942 3363 3040 3405 ex-

431 3448 646 3527 cipitur
675 3466 707 3507 a
736 3447 929 3509 littera
960 3467 1007 3530 z,
1035 3450 1193 3509 inter
1222 3464 1568 3508 communes
1598 3443 1849 3526 syllabas
1878 3445 2198 3526 deputavit,
2228 3454 2295 3506 ut
2323 3440 2675 3528 ‘Eurique
2705 3448 3040 3531 Zephyri·

433 3571 563 3632 que
601 3562 801 3615 tonat
838 3549 1133 3614 domus'.
1181 3555 1286 3633 qui
1324 3551 1528 3614 eadem
1564 3550 1839 3611 libertate
1882 3549 2181 3630 synalipba
2221 3551 2518 3635 utebatur,
2556 3555 2848 3635 siquidem
2878 3565 2938 3617 et
2965 3575 3043 3637 m,

352 3675 406 3715 ao
432 3658 534 3723 ubi
569 3660 773 3742 voluit,
806 3662 868 3721 in
907 3661 1024 3721 fine
1061 3658 1228 3720 verbi
1264 3661 1516 3740 positam
1553 3676 1586 3717 a
1625 3659 2100 3738 supervenientis
2137 3658 2355 3719 vocalis
2393 3659 2807 3741 absumptione
2845 3681 3039 3723 reser-

435 3769 611 3848 vavit,
647 3774 716 3827 ut
754 3761 1049 3828 ‘iterum
1082 3769 1494 3845 iterumque
1532 3759 1881 3844 monebo'3
1919 3770 1980 3824 et
2014 3762 2246 3844 longam
2284 3766 2545 3828 vocalem
2582 3767 2815 3848 longam
2853 3787 3040 3830 rema-

435 3890 577 3934 nere
622 3875 923 3953 permisit,
970 3882 1037 3934 ut

611 4023 645 4071 4
681 4017 783 4072 VT
821 4049 887 4059 -—-
925 4016 1371 4088 POSVERINT]
1423 4016 1520 4071 DE
1557 4014 1900 4071 DACTYLO
1938 4014 2035 4069 ET
2073 4014 2410 4071 SPONDEO
2452 4016 2509 4070 P
2648 4026 2683 4074 6
2728 4025 2787 4076 et
2831 4021 3047 4091 dactyli

437 4096 560 4150 FL
596 4098 656 4152 et
691 4097 800 4153 duo
838 4097 1052 4167 dactyli
1089 4098 1192 4156 ςΡ
1310 4102 1340 4150 7
1379 4098 1441 4151 at
1474 4095 1637 4168 tuba]
1687 4095 1840 4165 Very.
1878 4096 2014 4149 Aen.
2067 4094 2286 4148 VIIII
2318 4100 2428 4150 503
2465 4099 2529 4151 at
2564 4098 2703 4153 tuba,
2736 4101 3045 4157 terribilem

440 4176 680 4232 sonitum
715 4177 912 4248 procul
949 4194 1078 4231 aere
1111 4193 1314 4232 canoro
1450 4174 1635 4231 sonitu
1672 4174 1735 4229 F
1865 4174 2074 4229 excitat
2105 4174 2334 4229 horrida.
2367 4176 2433 4229 in
2466 4176 2642 4232 litura
2675 4181 2885 4250 scripta
2919 4187 3051 4236 sunt

434 4257 498 4311 in
534 4254 598 4309 F
717 4264 750 4312 9
788 4261 888 4313 aut
923 4257 1102 4329 leves]
1153 4256 1311 4325 Very.
1349 4256 1488 4311 Aen.
1538 4255 1672 4309 VII
1705 4259 1816 4309 634
1945 4260 2010 4311 13
2050 4254 2256 4329 duritie
2296 4255 2358 4309 F
2482 4263 2546 4312 15
2585 4258 2683 4328 qui
2718 4262 2873 4331 (quia.
2907 4279 3047 4318 corr.

437 4334 534 4404 qui
569 4337 646 4407 L)
682 4339 742 4392 et
777 4338 903 4394 aliis
944 4338 1180 4395 FLPs'
1217 4334 1440 4405 antiqui
1476 4336 1534 4390 et
1569 4334 1698 4390 aliis
1733 4334 2029 4391 thschius
2137 4342 2202 4390 16
2240 4335 2481 4391 multum
2518 4353 2617 4395 om.
2649 4340 2729 4406 L,
2767 4343 2895 4398 add.
2925 4342 3052 4398 FP

505 4416 682 4473 libere
717 4419 782 4473 in
815 4435 988 4489 mary.
1026 4418 1156 4473 add.
1198 4415 1259 4470 F
1361 4414 1541 4485 poetis
1581 4414 1643 4468 F
1746 4418 1955 4488 certae]
1995 4433 2088 4472 cer
2122 4418 2187 4472 in
2220 4418 2330 4485 fine
2364 4434 2551 4473 versus
2588 4418 2650 4472 F
2757 4427 2821 4476 17
2860 4440 2897 4491 q
2926 4424 2986 4477 et
3012 4440 3049 4475 u

439 4494 564 4551 FP
591 4497 613 4552 i
641 4501 699 4554 et.
725 4518 763 4553 u
793 4499 848 4555 L
962 4505 1028 4554 19
1067 4515 1212 4568 quae
1253 4496 1522 4567 calidum]
1552 4494 1777 4553 Lucret.
1819 4496 1912 4550 VI
1936 4502 2067 4553 868.
2106 4498 2284 4552 eodem
2311 4498 2550 4566 exemplo
2576 4515 2711 4553 ustos
2737 4506 2813 4555 est
2838 4503 3050 4558 Audax

442 4580 507 4633 de
541 4580 768 4650 syllabis
797 4597 857 4650 p.
885 4586 922 4636 9
1031 4577 1237 4648 aquae]
1277 4578 1447 4647 atque
1485 4575 1539 4629 L
1645 4576 1866 4631 tamum
1902 4592 2041 4632 corr.
2079 4577 2295 4631 tactum
2323 4577 2386 4631 F
2501 4584 2569 4632 22
2606 4582 2939 4651 aestusquae
2966 4582 3048 4638 F:

454 4658 607 4728 γε’-9.
637 4677 813 4731 yeory.
844 4662 888 4715 Ι
912 4664 1028 4716 352
1139 4663 1209 4713 24
1246 4657 1295 4712 si
1321 4654 1451 4728 tibi]
1489 4654 1644 4725 Very.
1671 4672 1851 4726 φρογς.
1873 4656 2001 4709 ΙΙΙ
2024 4660 2135 4711 384
2241 4656 2547 4712 latinitium
2576 4658 2639 4711 F
2741 4677 2907 4718 curae
2934 4662 3055 4717 FP

445 4756 578 4793 cura.
603 4742 690 4794 est
712 4739 767 4795 L
875 4738 1103 4809 aspera]
1132 4736 1324 4806 aquila
1351 4742 1400 4792 et
1426 4737 1490 4791 in
1515 4752 1686 4804 mary.
1709 4752 1911 4804 aspera.
1940 4735 1997 4789 P
2100 4741 2169 4791 28
2189 4734 2464 4810 Eurique]
2494 4737 2649 4807 Verq.
2667 4756 2842 4811 ρων-9.
2875 4742 2919 4796 Ι
2942 4748 3048 4799 371

520 4824 588 4873 30
609 4818 851 4889 positam
870 4818 1014 4873 FPl
1031 4816 1220 4888 posuit.
1236 4816 1290 4870 L
1389 4814 1780 4885 adsumptione
1800 4814 1863 4868 F
1966 4822 2030 4870 31
2053 4816 2341 4872 utiterum
2360 4817 2473 4873 LP
2484 4821 2544 4875 et
2559 4818 2764 4875 iterum
2782 4821 2864 4878 F:
2896 4822 3051 4893 Ver-9.

444 4900 584 4956 Aen.
612 4898 738 4952 III
760 4903 872 4954 436
977 4911 1266 4952 remanete
1296 4898 1642 4966 (permanere
1669 4911 1804 4950 corr.
1827 4911 1963 4952 rem.
1994 4895 2073 4968 P)
2096 4897 2353 4966 permisit
2371 4898 2486 4953 LP
2508 4917 2793 4957 remanere
2822 4902 2976 4958 misit
2997 4903 3058 4957 F
