<?xml version="1.0" encoding="UTF-8"?>
<!DOCTYPE html PUBLIC "-//W3C//DTD XHTML 1.0 Transitional//EN"
    "http://www.w3.org/TR/xhtml1/DTD/xhtml1-transitional.dtd">
<html xmlns="http://www.w3.org/1999/xhtml" xml:lang="en" lang="en">
 <head>
  <title>
</title>
<meta http-equiv="Content-Type" content="text/html;charset=utf-8" />
  <meta name='ocr-system' content='tesseract 3.04.00' />
  <meta name='ocr-capabilities' content='ocr_page ocr_carea ocr_par ocr_line ocrx_word'/>
</head>
<body>
  <div class='ocr_page' id='page_1' title='image "./grammaticilatin09keilgoog_0302.png"; bbox 0 0 3613 5528; ppageno 0'>
   <div class='ocr_carea' id='block_1_1' title="bbox 614 443 2043 593">
    <p class='ocr_par' dir='ltr' id='par_1_1' title="bbox 614 443 2043 593">
     <span class='ocr_line' id='line_1_1' title="bbox 614 443 2043 508; baseline -0.006 0"><span class='ocrx_word' id='word_1_1' title='bbox 614 443 747 508; x_wconf 80' lang='grc'>292</span> <span class='ocrx_word' id='word_1_2' title='bbox 1794 445 2043 500; x_wconf 83' lang='grc' dir='ltr'><strong>ΒΕΒΑΕ</strong></span> 
     </span>
     <span class='ocr_line' id='line_1_2' title="bbox 620 545 878 593; baseline -0.004 -8"><span class='ocrx_word' id='word_1_3' title='bbox 620 556 650 593; x_wconf 82' lang='lat' dir='ltr'>p</span> <span class='ocrx_word' id='word_1_4' title='bbox 694 546 801 585; x_wconf 75' lang='lat'><strong>2802</strong></span> <span class='ocrx_word' id='word_1_5' title='bbox 828 545 878 584; x_wconf 83' lang='lat' dir='ltr'>P.</span> 
     </span>
    </p>
   </div>
   <div class='ocr_carea' id='block_1_2' title="bbox 610 628 3308 3903">
    <p class='ocr_par' dir='ltr' id='par_1_2' title="bbox 794 628 2314 713">
     <span class='ocr_line' id='line_1_3' title="bbox 794 628 2314 713; baseline 0.002 -24"><span class='ocrx_word' id='word_1_6' title='bbox 794 631 1042 710; x_wconf 84' lang='lat' dir='ltr'><strong>Scorpio</strong></span> <span class='ocrx_word' id='word_1_7' title='bbox 1088 628 1297 690; x_wconf 89' lang='lat' dir='ltr'>bellica</span> <span class='ocrx_word' id='word_1_8' title='bbox 1348 649 1446 691; x_wconf 88' lang='lat' dir='ltr'>res</span> <span class='ocrx_word' id='word_1_9' title='bbox 1492 640 1610 713; x_wconf 88' lang='lat' dir='ltr'>est,</span> <span class='ocrx_word' id='word_1_10' title='bbox 1658 641 1718 692; x_wconf 91' lang='lat' dir='ltr'>at</span> <span class='ocrx_word' id='word_1_11' title='bbox 1763 634 2039 712; x_wconf 86' lang='lat' dir='ltr'>scorpius</span> <span class='ocrx_word' id='word_1_12' title='bbox 2083 631 2314 692; x_wconf 92' lang='lat' dir='ltr'>animal.</span> 
     </span>
    </p>

    <p class='ocr_par' dir='ltr' id='par_1_3' title="bbox 617 735 3224 925">
     <span class='ocr_line' id='line_1_4' title="bbox 792 735 3224 818; baseline 0.001 -22"><span class='ocrx_word' id='word_1_13' title='bbox 792 735 1001 797; x_wconf 91' lang='lat' dir='ltr'>Scribo</span> <span class='ocrx_word' id='word_1_14' title='bbox 1059 739 1273 817; x_wconf 83' lang='lat' dir='ltr'>scripsi</span> <span class='ocrx_word' id='word_1_15' title='bbox 1328 739 1647 817; x_wconf 86' lang='lat' dir='ltr'>scriptum:</span> <span class='ocrx_word' id='word_1_16' title='bbox 1713 757 1850 798; x_wconf 84' lang='lat' dir='ltr'>curn</span> <span class='ocrx_word' id='word_1_17' title='bbox 1909 738 2128 799; x_wconf 82' lang='lat' dir='ltr'>vocalis</span> <span class='ocrx_word' id='word_1_18' title='bbox 2187 740 2485 818; x_wconf 86' lang='lat' dir='ltr'>sequitur,</span> <span class='ocrx_word' id='word_1_19' title='bbox 2540 736 2578 797; x_wconf 94' lang='lat' dir='ltr'>b</span> <span class='ocrx_word' id='word_1_20' title='bbox 2634 736 2811 797; x_wconf 90' lang='lat' dir='ltr'>debet</span> <span class='ocrx_word' id='word_1_21' title='bbox 2866 755 3043 818; x_wconf 49' lang='lat' dir='ltr'>esse?</span> <span class='ocrx_word' id='word_1_22' title='bbox 3089 755 3224 798; x_wconf 90' lang='lat' dir='ltr'>cum</span> 
     </span>
     <span class='ocr_line' id='line_1_5' title="bbox 617 861 1080 925; baseline 0.002 -23"><span class='ocrx_word' id='word_1_23' title='bbox 617 861 979 925; x_wconf 78' lang='lat' dir='ltr'>consonanS,</span> <span class='ocrx_word' id='word_1_24' title='bbox 1024 862 1080 922; x_wconf 89' lang='lat' dir='ltr'>p.</span> 
     </span>
    </p>

    <p class='ocr_par' dir='ltr' id='par_1_4' title="bbox 618 942 3278 1117">
     <span class='ocr_line' id='line_1_6' title="bbox 791 942 3228 1033; baseline 0 -24"><span class='ocrx_word' id='word_1_25' title='bbox 791 949 972 1010; x_wconf 88' lang='lat' dir='ltr'>Sacer</span> <span class='ocrx_word' id='word_1_26' title='bbox 1028 961 1090 1010; x_wconf 91' lang='lat' dir='ltr'>et</span> <span class='ocrx_word' id='word_1_27' title='bbox 1142 950 1515 1011; x_wconf 83' lang='lat' dir='ltr'>venerandus</span> <span class='ocrx_word' id='word_1_28' title='bbox 1568 959 1631 1011; x_wconf 89' lang='lat' dir='ltr'>et</span> <span class='ocrx_word' id='word_1_29' title='bbox 1686 951 2081 1013; x_wconf 85' lang='lat' dir='ltr'>execrandus:</span> <span class='ocrx_word' id='word_1_30' title='bbox 2144 950 2432 1030; x_wconf 88' lang='lat' dir='ltr'>Vergilius</span> <span class='ocrx_word' id='word_1_31' title='bbox 2490 943 2667 1033; x_wconf 81' lang='lat' dir='ltr'>(Aen.</span> <span class='ocrx_word' id='word_1_32' title='bbox 2719 951 2830 1009; x_wconf 91' lang='lat' dir='ltr'>III</span> <span class='ocrx_word' id='word_1_33' title='bbox 2868 942 2991 1032; x_wconf 84' lang='lat'>57)</span> <span class='ocrx_word' id='word_1_34' title='bbox 3040 944 3228 1010; x_wconf 74' lang='lat' dir='ltr'>‘auri</span> 
     </span>
     <span class='ocr_line' id='line_1_7' title="bbox 618 1039 3278 1117; baseline 0.002 -1"><span class='ocrx_word' id='word_1_35' title='bbox 618 1075 821 1116; x_wconf 90' lang='lat' dir='ltr'>sacra</span> <span class='ocrx_word' id='word_1_36' title='bbox 869 1051 1138 1117; x_wconf 84' lang='lat' dir='ltr'>fames&#39;.</span> <span class='ocrx_word' id='word_1_37' title='bbox 2187 1039 2196 1046; x_wconf 47' lang='lat'><em>⁰</em></span> <span class='ocrx_word' id='word_1_38' title='bbox 3251 1067 3278 1107; x_wconf 76' lang='lat'><strong>⁶</strong></span> 
     </span>
    </p>

    <p class='ocr_par' dir='ltr' id='par_1_5' title="bbox 794 1161 2950 1243">
     <span class='ocr_line' id='line_1_8' title="bbox 794 1161 2950 1243; baseline 0.001 -22"><span class='ocrx_word' id='word_1_39' title='bbox 794 1161 1083 1241; x_wconf 72' lang='lat' dir='ltr'>Suffragia</span> <span class='ocrx_word' id='word_1_40' title='bbox 1130 1163 1331 1243; x_wconf 90' lang='lat' dir='ltr'>populi</span> <span class='ocrx_word' id='word_1_41' title='bbox 1378 1170 1438 1222; x_wconf 92' lang='lat' dir='ltr'>et</span> <span class='ocrx_word' id='word_1_42' title='bbox 1485 1183 1633 1243; x_wconf 90' lang='lat' dir='ltr'>quae</span> <span class='ocrx_word' id='word_1_43' title='bbox 1679 1163 1976 1225; x_wconf 91' lang='lat' dir='ltr'>honorant</span> <span class='ocrx_word' id='word_1_44' title='bbox 2022 1165 2303 1225; x_wconf 88' lang='lat' dir='ltr'>dicuntur</span> <span class='ocrx_word' id='word_1_45' title='bbox 2350 1171 2411 1223; x_wconf 84' lang='lat' dir='ltr'>et</span> <span class='ocrx_word' id='word_1_46' title='bbox 2457 1180 2607 1242; x_wconf 90' lang='lat' dir='ltr'>quae</span> <span class='ocrx_word' id='word_1_47' title='bbox 2653 1162 2950 1223; x_wconf 88' lang='lat' dir='ltr'>damnant.</span> 
     </span>
    </p>

    <p class='ocr_par' dir='ltr' id='par_1_6' title="bbox 613 1267 3308 1669">
     <span class='ocr_line' id='line_1_9' title="bbox 792 1267 3224 1351; baseline -0 -24"><span class='ocrx_word' id='word_1_48' title='bbox 792 1267 1007 1328; x_wconf 81' lang='lat' dir='ltr'><strong>Testor</strong></span> <span class='ocrx_word' id='word_1_49' title='bbox 1045 1269 1263 1348; x_wconf 90' lang='lat' dir='ltr'>aliquid</span> <span class='ocrx_word' id='word_1_50' title='bbox 1302 1271 1660 1331; x_wconf 82' lang='lat' dir='ltr'>confirmans</span> <span class='ocrx_word' id='word_1_51' title='bbox 1698 1273 2019 1351; x_wconf 83' lang='lat' dir='ltr'>sententia,</span> <span class='ocrx_word' id='word_1_52' title='bbox 2066 1278 2370 1330; x_wconf 88' lang='lat' dir='ltr'>contestor</span> <span class='ocrx_word' id='word_1_53' title='bbox 2408 1286 2542 1328; x_wconf 91' lang='lat' dir='ltr'>cum</span> <span class='ocrx_word' id='word_1_54' title='bbox 2584 1268 2833 1347; x_wconf 89' lang='lat' dir='ltr'>quadam</span> <span class='ocrx_word' id='word_1_55' title='bbox 2873 1270 3224 1328; x_wconf 86' lang='lat' dir='ltr'>auctoritate</span> 
     </span>
     <span class='ocr_line' id='line_1_10' title="bbox 613 1355 3226 1456; baseline -0.001 -23"><span class='ocrx_word' id='word_1_56' title='bbox 613 1373 960 1456; x_wconf 85' lang='lat' dir='ltr'>adfirmans,</span> <span class='ocrx_word' id='word_1_57' title='bbox 1006 1384 1310 1455; x_wconf 88' lang='lat' dir='ltr'>protestor</span> <span class='ocrx_word' id='word_1_58' title='bbox 1347 1377 1658 1436; x_wconf 79' lang='lat' dir='ltr'>manifeste</span> <span class='ocrx_word' id='word_1_59' title='bbox 1697 1376 1952 1436; x_wconf 84' lang='lat' dir='ltr'>cavenda</span> <span class='ocrx_word' id='word_1_60' title='bbox 1993 1355 2375 1452; x_wconf 77' lang='lat' dir='ltr'>denuntianS,</span> <span class='ocrx_word' id='word_1_61' title='bbox 2422 1374 2690 1435; x_wconf 90' lang='lat' dir='ltr'>obtestor</span> <span class='ocrx_word' id='word_1_62' title='bbox 2728 1374 2983 1453; x_wconf 81' lang='lat' dir='ltr'>aliquem</span> <span class='ocrx_word' id='word_1_63' title='bbox 3028 1375 3226 1434; x_wconf 88' lang='lat' dir='ltr'>iurare</span> 
     </span>
     <span class='ocr_line' id='line_1_11' title="bbox 615 1465 3227 1562; baseline -0 -22"><span class='ocrx_word' id='word_1_64' title='bbox 615 1465 1314 1562; x_wconf 67' lang='lat' dir='ltr'>compellens‚‘adtestor</span> <span class='ocrx_word' id='word_1_65' title='bbox 1361 1480 1615 1561; x_wconf 80' lang='lat' dir='ltr'>aliquem</span> <span class='ocrx_word' id='word_1_66' title='bbox 1665 1482 1734 1542; x_wconf 91' lang='lat' dir='ltr'>ad</span> <span class='ocrx_word' id='word_1_67' title='bbox 1783 1484 2188 1543; x_wconf 90' lang='lat' dir='ltr'>testimonium</span> <span class='ocrx_word' id='word_1_68' title='bbox 2235 1499 2478 1561; x_wconf 68' lang='lat' dir='ltr'>vocam,</span> <span class='ocrx_word' id='word_1_69' title='bbox 2533 1482 2634 1559; x_wconf 92' lang='lat' dir='ltr'>qui</span> <span class='ocrx_word' id='word_1_70' title='bbox 2682 1482 2760 1539; x_wconf 89' lang='lat' dir='ltr'>sit</span> <span class='ocrx_word' id='word_1_71' title='bbox 2806 1479 3090 1558; x_wconf 77' lang='lat' dir='ltr'>dignitate</span> <span class='ocrx_word' id='word_1_72' title='bbox 3136 1479 3227 1539; x_wconf 91' lang='lat' dir='ltr'>vel</span> 
     </span>
     <span class='ocr_line' id='line_1_12' title="bbox 614 1588 3308 1669; baseline -0.002 -21"><span class='ocrx_word' id='word_1_73' title='bbox 614 1591 966 1649; x_wconf 89' lang='lat' dir='ltr'>auctoritate</span> <span class='ocrx_word' id='word_1_74' title='bbox 1015 1591 1309 1669; x_wconf 79' lang='lat' dir='ltr'>eminenS‚</span> <span class='ocrx_word' id='word_1_75' title='bbox 1355 1589 1618 1650; x_wconf 88' lang='lat' dir='ltr'>detestor</span> <span class='ocrx_word' id='word_1_76' title='bbox 1664 1589 1883 1668; x_wconf 88' lang='lat' dir='ltr'>aliquid</span> <span class='ocrx_word' id='word_1_77' title='bbox 1931 1588 2328 1651; x_wconf 86' lang='lat' dir='ltr'>execrandum</span> <span class='ocrx_word' id='word_1_78' title='bbox 2375 1605 2683 1668; x_wconf 81' lang='lat' dir='ltr'>respuens,</span> <span class='ocrx_word' id='word_1_79' title='bbox 3257 1608 3308 1644; x_wconf 85' lang='lat'>10</span> 
     </span>
    </p>

    <p class='ocr_par' dir='ltr' id='par_1_7' title="bbox 615 1693 3225 1884">
     <span class='ocr_line' id='line_1_13' title="bbox 790 1693 3224 1776; baseline -0.001 -22"><span class='ocrx_word' id='word_1_80' title='bbox 790 1694 954 1754; x_wconf 83' lang='lat' dir='ltr'>Trux</span> <span class='ocrx_word' id='word_1_81' title='bbox 1001 1694 1317 1756; x_wconf 82' lang='lat' dir='ltr'>ablativum</span> <span class='ocrx_word' id='word_1_82' title='bbox 1365 1697 1426 1755; x_wconf 92' lang='lat' dir='ltr'>in</span> <span class='ocrx_word' id='word_1_83' title='bbox 1476 1697 1496 1755; x_wconf 93' lang='lat' dir='ltr'>i</span> <span class='ocrx_word' id='word_1_84' title='bbox 1543 1703 1603 1755; x_wconf 92' lang='lat' dir='ltr'>et</span> <span class='ocrx_word' id='word_1_85' title='bbox 1648 1698 1709 1755; x_wconf 90' lang='lat' dir='ltr'>in</span> <span class='ocrx_word' id='word_1_86' title='bbox 1757 1715 1789 1755; x_wconf 89' lang='lat' dir='ltr'>e</span> <span class='ocrx_word' id='word_1_87' title='bbox 1837 1698 2045 1776; x_wconf 84' lang='lat' dir='ltr'>mittit,</span> <span class='ocrx_word' id='word_1_88' title='bbox 2090 1697 2428 1774; x_wconf 82' lang='lat' dir='ltr'>genetivum</span> <span class='ocrx_word' id='word_1_89' title='bbox 2476 1693 2762 1773; x_wconf 83' lang='lat' dir='ltr'>pluralem</span> <span class='ocrx_word' id='word_1_90' title='bbox 2810 1695 2872 1753; x_wconf 89' lang='lat' dir='ltr'>in</span> <span class='ocrx_word' id='word_1_91' title='bbox 2914 1710 3010 1752; x_wconf 89' lang='lat' dir='ltr'>um</span> <span class='ocrx_word' id='word_1_92' title='bbox 3060 1702 3120 1752; x_wconf 91' lang='lat' dir='ltr'>et</span> <span class='ocrx_word' id='word_1_93' title='bbox 3164 1694 3224 1752; x_wconf 90' lang='lat' dir='ltr'>in</span> 
     </span>
     <span class='ocr_line' id='line_1_14' title="bbox 615 1799 3225 1884; baseline -0 -25"><span class='ocrx_word' id='word_1_94' title='bbox 615 1802 767 1881; x_wconf 83' lang='lat' dir='ltr'>ium,</span> <span class='ocrx_word' id='word_1_95' title='bbox 813 1799 885 1860; x_wconf 90' lang='lat' dir='ltr'>ab</span> <span class='ocrx_word' id='word_1_96' title='bbox 925 1800 1036 1861; x_wconf 91' lang='lat' dir='ltr'>hoc</span> <span class='ocrx_word' id='word_1_97' title='bbox 1075 1809 1136 1861; x_wconf 91' lang='lat' dir='ltr'>et</span> <span class='ocrx_word' id='word_1_98' title='bbox 1172 1801 1246 1861; x_wconf 91' lang='lat' dir='ltr'>ab</span> <span class='ocrx_word' id='word_1_99' title='bbox 1283 1801 1392 1862; x_wconf 91' lang='lat' dir='ltr'>hac</span> <span class='ocrx_word' id='word_1_100' title='bbox 1428 1811 1604 1862; x_wconf 85' lang='lat' dir='ltr'>truce</span> <span class='ocrx_word' id='word_1_101' title='bbox 1644 1810 1705 1862; x_wconf 86' lang='lat' dir='ltr'>et</span> <span class='ocrx_word' id='word_1_102' title='bbox 1742 1805 1926 1884; x_wconf 88' lang='lat' dir='ltr'>truci,</span> <span class='ocrx_word' id='word_1_103' title='bbox 1972 1801 2185 1862; x_wconf 90' lang='lat' dir='ltr'>horum</span> <span class='ocrx_word' id='word_1_104' title='bbox 2224 1808 2284 1860; x_wconf 92' lang='lat' dir='ltr'>et</span> <span class='ocrx_word' id='word_1_105' title='bbox 2318 1800 2529 1861; x_wconf 89' lang='lat' dir='ltr'>harum</span> <span class='ocrx_word' id='word_1_106' title='bbox 2574 1809 2814 1861; x_wconf 88' lang='lat' dir='ltr'>trucum</span> <span class='ocrx_word' id='word_1_107' title='bbox 2852 1809 2914 1858; x_wconf 89' lang='lat' dir='ltr'>et</span> <span class='ocrx_word' id='word_1_108' title='bbox 2951 1801 3225 1859; x_wconf 90' lang='lat' dir='ltr'>trucium.</span> 
     </span>
    </p>

    <p class='ocr_par' dir='ltr' id='par_1_8' title="bbox 790 1904 3223 1990">
     <span class='ocr_line' id='line_1_15' title="bbox 790 1904 3223 1990; baseline -0.001 -23"><span class='ocrx_word' id='word_1_109' title='bbox 790 1907 1051 1968; x_wconf 86' lang='lat' dir='ltr'>Therion</span> <span class='ocrx_word' id='word_1_110' title='bbox 1071 1926 1282 1987; x_wconf 83' lang='lat' dir='ltr'>graece</span> <span class='ocrx_word' id='word_1_111' title='bbox 1305 1906 1632 1990; x_wconf 78' lang='grc' dir='ltr'><strong><em>[θηρίον],</em></strong></span> <span class='ocrx_word' id='word_1_112' title='bbox 1663 1909 1840 1969; x_wconf 90' lang='lat' dir='ltr'>latine</span> <span class='ocrx_word' id='word_1_113' title='bbox 1871 1910 2015 1990; x_wconf 85' lang='lat' dir='ltr'>sera,</span> <span class='ocrx_word' id='word_1_114' title='bbox 2045 1907 2200 1967; x_wconf 92' lang='lat' dir='ltr'>unde</span> <span class='ocrx_word' id='word_1_115' title='bbox 2224 1907 2501 1988; x_wconf 82' lang='lat' dir='ltr'>theriaca,</span> <span class='ocrx_word' id='word_1_116' title='bbox 2521 1906 2679 1985; x_wconf 90' lang='lat' dir='ltr'>quod</span> <span class='ocrx_word' id='word_1_117' title='bbox 2709 1906 2972 1966; x_wconf 81' lang='lat' dir='ltr'>feraliter</span> <span class='ocrx_word' id='word_1_118' title='bbox 2992 1904 3223 1965; x_wconf 89' lang='lat' dir='ltr'>occidit.</span> 
     </span>
    </p>

    <p class='ocr_par' dir='ltr' id='par_1_9' title="bbox 612 2012 3306 2306">
     <span class='ocr_line' id='line_1_16' title="bbox 788 2012 3224 2096; baseline -0.001 -23"><span class='ocrx_word' id='word_1_119' title='bbox 788 2013 1186 2075; x_wconf 87' lang='lat' dir='ltr'>Taciturnitas</span> <span class='ocrx_word' id='word_1_120' title='bbox 1248 2014 1516 2093; x_wconf 91' lang='lat' dir='ltr'>loquelae</span> <span class='ocrx_word' id='word_1_121' title='bbox 1573 2018 1868 2075; x_wconf 90' lang='lat' dir='ltr'>contraria</span> <span class='ocrx_word' id='word_1_122' title='bbox 1939 2023 2057 2096; x_wconf 84' lang='lat' dir='ltr'>est,</span> <span class='ocrx_word' id='word_1_123' title='bbox 2123 2012 2424 2074; x_wconf 89' lang='lat' dir='ltr'>silentium</span> <span class='ocrx_word' id='word_1_124' title='bbox 2481 2013 2746 2073; x_wconf 80' lang='lat' dir='ltr'>confusis</span> <span class='ocrx_word' id='word_1_125' title='bbox 2801 2013 3046 2073; x_wconf 86' lang='lat' dir='ltr'>vocibus</span> <span class='ocrx_word' id='word_1_126' title='bbox 3101 2015 3224 2072; x_wconf 85' lang='lat' dir='ltr'>sive</span> 
     </span>
     <span class='ocr_line' id='line_1_17' title="bbox 612 2113 3306 2199; baseline -0.002 -18"><span class='ocrx_word' id='word_1_127' title='bbox 612 2119 982 2181; x_wconf 81' lang='lat' dir='ltr'>tumultibus,</span> <span class='ocrx_word' id='word_1_128' title='bbox 1060 2139 1263 2181; x_wconf 82' lang='lat' dir='ltr'>verum</span> <span class='ocrx_word' id='word_1_129' title='bbox 1322 2121 1630 2181; x_wconf 87' lang='lat' dir='ltr'>sciendum</span> <span class='ocrx_word' id='word_1_130' title='bbox 1690 2113 1848 2199; x_wconf 75' lang='lat' dir='ltr'>quod</span> <span class='ocrx_word' id='word_1_131' title='bbox 1911 2120 2055 2180; x_wconf 90' lang='lat' dir='ltr'>sileo</span> <span class='ocrx_word' id='word_1_132' title='bbox 2112 2128 2173 2180; x_wconf 92' lang='lat' dir='ltr'>et</span> <span class='ocrx_word' id='word_1_133' title='bbox 2226 2128 2393 2180; x_wconf 89' lang='lat' dir='ltr'>taceo</span> <span class='ocrx_word' id='word_1_134' title='bbox 2450 2127 2511 2179; x_wconf 93' lang='lat' dir='ltr'>et</span> <span class='ocrx_word' id='word_1_135' title='bbox 2565 2121 2787 2179; x_wconf 87' lang='lat' dir='ltr'>reticeo</span> <span class='ocrx_word' id='word_1_136' title='bbox 2835 2127 2896 2179; x_wconf 89' lang='lat' dir='ltr'>et</span> <span class='ocrx_word' id='word_1_137' title='bbox 2953 2121 3222 2179; x_wconf 86' lang='lat' dir='ltr'>conticeo</span> <span class='ocrx_word' id='word_1_138' title='bbox 3255 2136 3306 2175; x_wconf 69' lang='grc' dir='ltr'>ιε»</span> 
     </span>
     <span class='ocr_line' id='line_1_18' title="bbox 612 2226 1698 2306; baseline 0.001 -20"><span class='ocrx_word' id='word_1_139' title='bbox 612 2226 686 2286; x_wconf 93' lang='lat' dir='ltr'>ab</span> <span class='ocrx_word' id='word_1_140' title='bbox 734 2245 853 2287; x_wconf 92' lang='lat' dir='ltr'>uno</span> <span class='ocrx_word' id='word_1_141' title='bbox 899 2245 1112 2306; x_wconf 88' lang='lat' dir='ltr'>graeco</span> <span class='ocrx_word' id='word_1_142' title='bbox 1158 2230 1406 2288; x_wconf 83' lang='lat' dir='ltr'>veniunt</span> <span class='ocrx_word' id='word_1_143' title='bbox 1452 2226 1698 2290; x_wconf 79' lang='grc' dir='ltr'><strong><em>σιωπῶ.</em></strong></span> 
     </span>
    </p>

    <p class='ocr_par' dir='ltr' id='par_1_10' title="bbox 786 2334 2150 2438">
     <span class='ocr_line' id='line_1_19' title="bbox 786 2334 2150 2438; baseline 0.001 -45"><span class='ocrx_word' id='word_1_144' title='bbox 786 2334 1338 2432; x_wconf 60' lang='lat' dir='ltr'>Teum-beneficii,</span> <span class='ocrx_word' id='word_1_145' title='bbox 1385 2336 1443 2395; x_wconf 92' lang='lat' dir='ltr'>id</span> <span class='ocrx_word' id='word_1_146' title='bbox 1493 2344 1586 2396; x_wconf 87' lang='lat' dir='ltr'>est</span> <span class='ocrx_word' id='word_1_147' title='bbox 1633 2353 1862 2438; x_wconf 71' lang='lat' dir='ltr'>memor</span> <span class='ocrx_word' id='word_1_148' title='bbox 1908 2337 2150 2414; x_wconf 88' lang='lat' dir='ltr'>gratiae.</span> 
     </span>
    </p>

    <p class='ocr_par' dir='ltr' id='par_1_11' title="bbox 618 2438 3223 2627">
     <span class='ocr_line' id='line_1_20' title="bbox 787 2438 3223 2520; baseline -0 -21"><span class='ocrx_word' id='word_1_149' title='bbox 787 2440 1059 2519; x_wconf 88' lang='lat' dir='ltr'>Torques</span> <span class='ocrx_word' id='word_1_150' title='bbox 1113 2459 1330 2501; x_wconf 90' lang='lat' dir='ltr'>nomen</span> <span class='ocrx_word' id='word_1_151' title='bbox 1386 2444 1622 2520; x_wconf 89' lang='lat' dir='ltr'>generis</span> <span class='ocrx_word' id='word_1_152' title='bbox 1683 2444 2041 2502; x_wconf 86' lang='lat' dir='ltr'>communis:</span> <span class='ocrx_word' id='word_1_153' title='bbox 2099 2459 2232 2501; x_wconf 86' lang='lat' dir='ltr'>nam</span> <span class='ocrx_word' id='word_1_154' title='bbox 2286 2450 2347 2501; x_wconf 91' lang='lat' dir='ltr'>et</span> <span class='ocrx_word' id='word_1_155' title='bbox 2400 2442 2460 2500; x_wconf 91' lang='lat' dir='ltr'>in</span> <span class='ocrx_word' id='word_1_156' title='bbox 2518 2439 2702 2500; x_wconf 87' lang='lat' dir='ltr'>Mario</span> <span class='ocrx_word' id='word_1_157' title='bbox 2749 2438 2949 2500; x_wconf 84' lang='lat' dir='ltr'>Livius</span> <span class='ocrx_word' id='word_1_158' title='bbox 3005 2457 3223 2518; x_wconf 82' lang='lat' dir='ltr'>genere</span> 
     </span>
     <span class='ocr_line' id='line_1_21' title="bbox 618 2546 2281 2627; baseline 0.001 -20"><span class='ocrx_word' id='word_1_159' title='bbox 618 2546 944 2607; x_wconf 88' lang='lat' dir='ltr'>masculino</span> <span class='ocrx_word' id='word_1_160' title='bbox 992 2557 1053 2608; x_wconf 88' lang='lat' dir='ltr'>et</span> <span class='ocrx_word' id='word_1_161' title='bbox 1099 2546 1306 2607; x_wconf 89' lang='lat' dir='ltr'>Cicero</span> <span class='ocrx_word' id='word_1_162' title='bbox 1355 2549 1638 2607; x_wconf 79' lang='lat' dir='ltr'>feminino</span> <span class='ocrx_word' id='word_1_163' title='bbox 1685 2556 1961 2627; x_wconf 89' lang='lat' dir='ltr'>torquem</span> <span class='ocrx_word' id='word_1_164' title='bbox 2007 2566 2281 2627; x_wconf 87' lang='lat' dir='ltr'>posuere.</span> 
     </span>
    </p>

    <p class='ocr_par' dir='ltr' id='par_1_12' title="bbox 610 2651 3306 3054">
     <span class='ocr_line' id='line_1_22' title="bbox 789 2651 3306 2734; baseline -0.002 -22"><span class='ocrx_word' id='word_1_165' title='bbox 789 2653 1140 2734; x_wconf 87' lang='lat' dir='ltr'>Triumphat</span> <span class='ocrx_word' id='word_1_166' title='bbox 1195 2654 1426 2715; x_wconf 87' lang='lat' dir='ltr'>hostem</span> <span class='ocrx_word' id='word_1_167' title='bbox 1475 2657 1577 2732; x_wconf 92' lang='lat' dir='ltr'>qui</span> <span class='ocrx_word' id='word_1_168' title='bbox 1634 2663 1903 2734; x_wconf 83' lang='lat' dir='ltr'>superat,</span> <span class='ocrx_word' id='word_1_169' title='bbox 1961 2653 2287 2733; x_wconf 85' lang='lat' dir='ltr'>triumphat</span> <span class='ocrx_word' id='word_1_170' title='bbox 2337 2671 2446 2712; x_wconf 89' lang='lat' dir='ltr'>nos</span> <span class='ocrx_word' id='word_1_171' title='bbox 2493 2652 2668 2734; x_wconf 80' lang='lat' dir='ltr'>deuS,</span> <span class='ocrx_word' id='word_1_172' title='bbox 2714 2670 2850 2712; x_wconf 90' lang='lat' dir='ltr'>cum</span> <span class='ocrx_word' id='word_1_173' title='bbox 2898 2651 3216 2731; x_wconf 88' lang='lat' dir='ltr'>superandi</span> <span class='ocrx_word' id='word_1_174' title='bbox 3250 2669 3306 2708; x_wconf 67' lang='lat' dir='ltr'>so</span> 
     </span>
     <span class='ocr_line' id='line_1_23' title="bbox 610 2756 3225 2842; baseline -0.001 -23"><span class='ocrx_word' id='word_1_175' title='bbox 610 2759 814 2820; x_wconf 89' lang='lat' dir='ltr'>hostes</span> <span class='ocrx_word' id='word_1_176' title='bbox 861 2759 1142 2821; x_wconf 84' lang='lat' dir='ltr'>auxilium</span> <span class='ocrx_word' id='word_1_177' title='bbox 1192 2760 1424 2822; x_wconf 86' lang='lat' dir='ltr'>tribuit:</span> <span class='ocrx_word' id='word_1_178' title='bbox 1471 2756 1670 2822; x_wconf 74' lang='lat' dir='ltr'>‘deo’</span> <span class='ocrx_word' id='word_1_179' title='bbox 1718 2763 1913 2840; x_wconf 92' lang='lat' dir='ltr'>inquit</span> <span class='ocrx_word' id='word_1_180' title='bbox 1959 2756 2288 2842; x_wconf 73' lang='lat' dir='ltr'>‘gratiaS‚</span> <span class='ocrx_word' id='word_1_181' title='bbox 2334 2761 2456 2840; x_wconf 93' lang='lat' dir='ltr'>qui</span> <span class='ocrx_word' id='word_1_182' title='bbox 2503 2777 2786 2839; x_wconf 87' lang='lat' dir='ltr'>semper</span> <span class='ocrx_word' id='word_1_183' title='bbox 2835 2757 3225 2837; x_wconf 89' lang='lat' dir='ltr'>triumphat</span> 
     </span>
     <span class='ocr_line' id='line_1_24' title="bbox 611 2862 3224 2947; baseline -0 -21"><span class='ocrx_word' id='word_1_184' title='bbox 611 2885 739 2926; x_wconf 90' lang='lat' dir='ltr'>nos</span> <span class='ocrx_word' id='word_1_185' title='bbox 784 2869 855 2926; x_wconf 92' lang='lat' dir='ltr'>in</span> <span class='ocrx_word' id='word_1_186' title='bbox 893 2866 1181 2928; x_wconf 89' lang='lat' dir='ltr'>Christo</span> <span class='ocrx_word' id='word_1_187' title='bbox 1228 2862 1422 2928; x_wconf 88' lang='lat' dir='ltr'>lesu&#39;</span> <span class='ocrx_word' id='word_1_188' title='bbox 1469 2876 1530 2928; x_wconf 91' lang='lat' dir='ltr'>et</span> <span class='ocrx_word' id='word_1_189' title='bbox 1566 2871 1784 2928; x_wconf 91' lang='lat' dir='ltr'>iterum</span> <span class='ocrx_word' id='word_1_190' title='bbox 1825 2863 2231 2947; x_wconf 79' lang='lat' dir='ltr'>‘expolians</span> <span class='ocrx_word' id='word_1_191' title='bbox 2277 2869 2734 2946; x_wconf 85' lang='lat' dir='ltr'>principatus</span> <span class='ocrx_word' id='word_1_192' title='bbox 2780 2873 2855 2926; x_wconf 91' lang='lat' dir='ltr'>et</span> <span class='ocrx_word' id='word_1_193' title='bbox 2900 2874 3224 2945; x_wconf 90' lang='lat' dir='ltr'>potesta-</span> 
     </span>
     <span class='ocr_line' id='line_1_25' title="bbox 617 2969 2113 3054; baseline -0.001 -21"><span class='ocrx_word' id='word_1_194' title='bbox 617 2982 752 3054; x_wconf 74' lang='lat' dir='ltr'>teS‚</span> <span class='ocrx_word' id='word_1_195' title='bbox 798 2973 1257 3053; x_wconf 88' lang='lat' dir='ltr'>triumphans</span> <span class='ocrx_word' id='word_1_196' title='bbox 1303 2973 1470 3034; x_wconf 91' lang='lat' dir='ltr'>illos</span> <span class='ocrx_word' id='word_1_197' title='bbox 1518 2977 1587 3034; x_wconf 89' lang='lat' dir='ltr'>in</span> <span class='ocrx_word' id='word_1_198' title='bbox 1636 2981 1862 3033; x_wconf 88' lang='lat' dir='ltr'>semet</span> <span class='ocrx_word' id='word_1_199' title='bbox 1907 2969 2113 3052; x_wconf 89' lang='lat' dir='ltr'>ipso&#39;.</span> 
     </span>
    </p>

    <p class='ocr_par' dir='ltr' id='par_1_13' title="bbox 610 3079 3302 3903">
     <span class='ocr_line' id='line_1_26' title="bbox 790 3079 3224 3163; baseline 0 -24"><span class='ocrx_word' id='word_1_200' title='bbox 790 3079 1172 3160; x_wconf 88' lang='lat' dir='ltr'>Transmigro</span> <span class='ocrx_word' id='word_1_201' title='bbox 1212 3081 1455 3142; x_wconf 86' lang='lat' dir='ltr'>verbum</span> <span class='ocrx_word' id='word_1_202' title='bbox 1500 3081 1797 3161; x_wconf 86' lang='lat' dir='ltr'>duplicem</span> <span class='ocrx_word' id='word_1_203' title='bbox 1836 3081 2325 3159; x_wconf 85' lang='lat' dir='ltr'>significationem</span> <span class='ocrx_word' id='word_1_204' title='bbox 2373 3079 2563 3163; x_wconf 81' lang='lat' dir='ltr'>habet.</span> <span class='ocrx_word' id='word_1_205' title='bbox 2641 3083 2999 3158; x_wconf 89' lang='lat' dir='ltr'>transmigro</span> <span class='ocrx_word' id='word_1_206' title='bbox 3048 3082 3224 3159; x_wconf 84' lang='lat' dir='ltr'>enim,</span> 
     </span>
     <span class='ocr_line' id='line_1_27' title="bbox 613 3186 3299 3265; baseline -0.001 -18"><span class='ocrx_word' id='word_1_207' title='bbox 613 3205 750 3247; x_wconf 89' lang='lat' dir='ltr'>cum</span> <span class='ocrx_word' id='word_1_208' title='bbox 789 3186 861 3246; x_wconf 90' lang='lat' dir='ltr'>de</span> <span class='ocrx_word' id='word_1_209' title='bbox 898 3187 1030 3246; x_wconf 94' lang='lat' dir='ltr'>loco</span> <span class='ocrx_word' id='word_1_210' title='bbox 1069 3186 1138 3246; x_wconf 91' lang='lat' dir='ltr'>ad</span> <span class='ocrx_word' id='word_1_211' title='bbox 1179 3187 1373 3248; x_wconf 89' lang='lat' dir='ltr'>locum</span> <span class='ocrx_word' id='word_1_212' title='bbox 1414 3190 1526 3248; x_wconf 88' lang='lat' dir='ltr'>iter</span> <span class='ocrx_word' id='word_1_213' title='bbox 1565 3188 1742 3247; x_wconf 84' lang='lat' dir='ltr'>facio:</span> <span class='ocrx_word' id='word_1_214' title='bbox 1799 3189 1943 3246; x_wconf 88' lang='lat' dir='ltr'>item</span> <span class='ocrx_word' id='word_1_215' title='bbox 1988 3188 2345 3265; x_wconf 87' lang='lat' dir='ltr'>transmigro</span> <span class='ocrx_word' id='word_1_216' title='bbox 2385 3186 2602 3246; x_wconf 89' lang='lat' dir='ltr'>dicitur</span> <span class='ocrx_word' id='word_1_217' title='bbox 2639 3204 2776 3247; x_wconf 91' lang='lat' dir='ltr'>cum</span> <span class='ocrx_word' id='word_1_218' title='bbox 2823 3186 3219 3247; x_wconf 87' lang='lat' dir='ltr'>additamento</span> <span class='ocrx_word' id='word_1_219' title='bbox 3246 3200 3299 3239; x_wconf 78' lang='lat'>25</span> 
     </span>
     <span class='ocr_line' id='line_1_28' title="bbox 615 3287 3222 3375; baseline -0 -23"><span class='ocrx_word' id='word_1_220' title='bbox 615 3295 934 3353; x_wconf 89' lang='lat' dir='ltr'>accusativi</span> <span class='ocrx_word' id='word_1_221' title='bbox 991 3312 1191 3375; x_wconf 79' lang='lat' dir='ltr'>casuS,</span> <span class='ocrx_word' id='word_1_222' title='bbox 1249 3312 1382 3354; x_wconf 86' lang='lat' dir='ltr'>cum</span> <span class='ocrx_word' id='word_1_223' title='bbox 1441 3293 1695 3372; x_wconf 89' lang='lat' dir='ltr'>aliquem</span> <span class='ocrx_word' id='word_1_224' title='bbox 1756 3291 1830 3351; x_wconf 86' lang='lat' dir='ltr'>de</span> <span class='ocrx_word' id='word_1_225' title='bbox 1886 3292 2016 3352; x_wconf 86' lang='lat' dir='ltr'>loco</span> <span class='ocrx_word' id='word_1_226' title='bbox 2073 3293 2142 3353; x_wconf 91' lang='lat' dir='ltr'>ad</span> <span class='ocrx_word' id='word_1_227' title='bbox 2210 3292 2406 3352; x_wconf 91' lang='lat' dir='ltr'>locum</span> <span class='ocrx_word' id='word_1_228' title='bbox 2462 3292 2783 3372; x_wconf 83' lang='lat' dir='ltr'>transfero,</span> <span class='ocrx_word' id='word_1_229' title='bbox 2838 3302 2906 3352; x_wconf 91' lang='lat' dir='ltr'>ut</span> <span class='ocrx_word' id='word_1_230' title='bbox 2960 3287 3222 3351; x_wconf 74' lang='lat' dir='ltr'>‘Nabu-</span> 
     </span>
     <span class='ocr_line' id='line_1_29' title="bbox 610 3393 3226 3478; baseline -0 -20"><span class='ocrx_word' id='word_1_231' title='bbox 610 3399 1064 3460; x_wconf 88' lang='lat' dir='ltr'>chodonosor</span> <span class='ocrx_word' id='word_1_232' title='bbox 1111 3401 1659 3478; x_wconf 85' lang='lat' dir='ltr'>transmigravit</span> <span class='ocrx_word' id='word_1_233' title='bbox 1694 3398 2002 3459; x_wconf 90' lang='lat' dir='ltr'>ludaeos</span> <span class='ocrx_word' id='word_1_234' title='bbox 2048 3397 2129 3457; x_wconf 91' lang='lat' dir='ltr'>de</span> <span class='ocrx_word' id='word_1_235' title='bbox 2169 3393 2654 3458; x_wconf 85' lang='lat' dir='ltr'>Hierusalem&#39;</span> <span class='ocrx_word' id='word_1_236' title='bbox 2702 3405 2764 3458; x_wconf 90' lang='lat' dir='ltr'>et</span> <span class='ocrx_word' id='word_1_237' title='bbox 2811 3394 3226 3477; x_wconf 74' lang='lat' dir='ltr'>‘emigrabit</span> 
     </span>
     <span class='ocr_line' id='line_1_30' title="bbox 612 3496 3223 3584; baseline -0.001 -18"><span class='ocrx_word' id='word_1_238' title='bbox 612 3515 683 3566; x_wconf 89' lang='lat' dir='ltr'>te</span> <span class='ocrx_word' id='word_1_239' title='bbox 740 3505 821 3565; x_wconf 91' lang='lat' dir='ltr'>de</span> <span class='ocrx_word' id='word_1_240' title='bbox 891 3504 1360 3567; x_wconf 88' lang='lat' dir='ltr'>tabernaculo</span> <span class='ocrx_word' id='word_1_241' title='bbox 1429 3501 1595 3566; x_wconf 87' lang='lat' dir='ltr'>tuo’.</span> <span class='ocrx_word' id='word_1_242' title='bbox 1633 3496 1648 3511; x_wconf 67' lang='lat'><strong>⁶</strong></span> <span class='ocrx_word' id='word_1_243' title='bbox 1712 3523 1892 3584; x_wconf 88' lang='lat' dir='ltr'>porro</span> <span class='ocrx_word' id='word_1_244' title='bbox 1948 3503 2281 3583; x_wconf 81' lang='lat' dir='ltr'>exemplum</span> <span class='ocrx_word' id='word_1_245' title='bbox 2343 3502 2510 3565; x_wconf 84' lang='lat' dir='ltr'>verbi</span> <span class='ocrx_word' id='word_1_246' title='bbox 2570 3506 2897 3584; x_wconf 89' lang='lat' dir='ltr'>superioris</span> <span class='ocrx_word' id='word_1_247' title='bbox 2958 3500 3223 3565; x_wconf 76' lang='lat' dir='ltr'>‘trans-</span> 
     </span>
     <span class='ocr_line' id='line_1_31' title="bbox 613 3605 3223 3692; baseline -0.002 -19"><span class='ocrx_word' id='word_1_248' title='bbox 613 3614 914 3692; x_wconf 80' lang='lat' dir='ltr'>migravi</span> <span class='ocrx_word' id='word_1_249' title='bbox 968 3614 1034 3671; x_wconf 90' lang='lat' dir='ltr'>in</span> <span class='ocrx_word' id='word_1_250' title='bbox 1091 3621 1429 3689; x_wconf 88' lang='lat' dir='ltr'>montem,</span> <span class='ocrx_word' id='word_1_251' title='bbox 1486 3614 1677 3671; x_wconf 87' lang='lat' dir='ltr'>sicut</span> <span class='ocrx_word' id='word_1_252' title='bbox 1731 3605 2030 3689; x_wconf 77' lang='lat' dir='ltr'>passer-⁹.</span> <span class='ocrx_word' id='word_1_253' title='bbox 2123 3613 2548 3689; x_wconf 86' lang='lat' dir='ltr'>transmigrans</span> <span class='ocrx_word' id='word_1_254' title='bbox 2604 3613 2980 3690; x_wconf 87' lang='lat' dir='ltr'>participium</span> <span class='ocrx_word' id='word_1_255' title='bbox 3037 3629 3223 3689; x_wconf 91' lang='lat' dir='ltr'>aeque</span> 
     </span>
     <span class='ocr_line' id='line_1_32' title="bbox 612 3715 3302 3797; baseline -0 -19"><span class='ocrx_word' id='word_1_256' title='bbox 612 3717 929 3797; x_wconf 87' lang='lat' dir='ltr'>dupliciter</span> <span class='ocrx_word' id='word_1_257' title='bbox 967 3725 1028 3777; x_wconf 91' lang='lat' dir='ltr'>et</span> <span class='ocrx_word' id='word_1_258' title='bbox 1073 3717 1144 3777; x_wconf 91' lang='lat' dir='ltr'>de</span> <span class='ocrx_word' id='word_1_259' title='bbox 1192 3717 1321 3778; x_wconf 93' lang='lat' dir='ltr'>loco</span> <span class='ocrx_word' id='word_1_260' title='bbox 1361 3718 1430 3778; x_wconf 90' lang='lat' dir='ltr'>ad</span> <span class='ocrx_word' id='word_1_261' title='bbox 1479 3718 1675 3777; x_wconf 90' lang='lat' dir='ltr'>locum</span> <span class='ocrx_word' id='word_1_262' title='bbox 1715 3717 2011 3777; x_wconf 87' lang='lat' dir='ltr'>transiens</span> <span class='ocrx_word' id='word_1_263' title='bbox 2050 3715 2261 3794; x_wconf 89' lang='lat' dir='ltr'>aliquis</span> <span class='ocrx_word' id='word_1_264' title='bbox 2300 3725 2360 3775; x_wconf 93' lang='lat' dir='ltr'>et</span> <span class='ocrx_word' id='word_1_265' title='bbox 2397 3715 2574 3775; x_wconf 88' lang='lat' dir='ltr'>alium</span> <span class='ocrx_word' id='word_1_266' title='bbox 2624 3717 2696 3777; x_wconf 90' lang='lat' dir='ltr'>de</span> <span class='ocrx_word' id='word_1_267' title='bbox 2744 3716 2873 3777; x_wconf 94' lang='lat' dir='ltr'>loco</span> <span class='ocrx_word' id='word_1_268' title='bbox 2911 3718 2981 3778; x_wconf 94' lang='lat' dir='ltr'>ad</span> <span class='ocrx_word' id='word_1_269' title='bbox 3028 3717 3223 3777; x_wconf 89' lang='lat' dir='ltr'>locum</span> <span class='ocrx_word' id='word_1_270' title='bbox 3250 3730 3302 3769; x_wconf 76' lang='lat'>⁸⁰</span> 
     </span>
     <span class='ocr_line' id='line_1_33' title="bbox 623 3823 1417 3903; baseline 0.004 -20"><span class='ocrx_word' id='word_1_271' title='bbox 623 3825 990 3884; x_wconf 79' lang='lat' dir='ltr'>transferens</span> <span class='ocrx_word' id='word_1_272' title='bbox 1036 3823 1417 3903; x_wconf 85' lang='lat' dir='ltr'>intellegitur.</span> 
     </span>
    </p>
   </div>
   <div class='ocr_carea' id='block_1_3' title="bbox 610 3920 1038 3929">
    <p class='ocr_par' dir='ltr' id='par_1_14' title="bbox 610 3920 1038 3929">
     <span class='ocr_line' id='line_1_34' title="bbox 610 3920 1038 3929; baseline 0 1599"><span class='ocrx_word' id='word_1_273' title='bbox 610 3920 1038 3929; x_wconf 95' lang='lat' dir='ltr'> </span> 
     </span>
    </p>
   </div>
   <div class='ocr_carea' id='block_1_4' title="bbox 610 3938 3237 4972">
    <p class='ocr_par' dir='ltr' id='par_1_15' title="bbox 610 3938 3237 4972">
     <span class='ocr_line' id='line_1_35' title="bbox 755 3938 3226 4010; baseline -0.001 -14"><span class='ocrx_word' id='word_1_274' title='bbox 755 3950 788 3996; x_wconf 82' lang='grc'><strong>6</strong></span> <span class='ocrx_word' id='word_1_275' title='bbox 818 3943 1086 3997; x_wconf 74' lang='lat' dir='ltr'>damnent</span> <span class='ocrx_word' id='word_1_276' title='bbox 1117 3942 1172 3996; x_wconf 89' lang='lat' dir='ltr'><em>P</em></span> <span class='ocrx_word' id='word_1_277' title='bbox 1276 3950 1308 3997; x_wconf 86' lang='lat'>8</span> <span class='ocrx_word' id='word_1_278' title='bbox 1328 3942 1688 3997; x_wconf 80' lang='lat' dir='ltr'>adfirmamus</span> <span class='ocrx_word' id='word_1_279' title='bbox 1713 3940 1769 3994; x_wconf 91' lang='lat' dir='ltr'><strong><em>P</em></strong></span> <span class='ocrx_word' id='word_1_280' title='bbox 1875 3939 2126 3994; x_wconf 74' lang='lat' dir='ltr'>cauenda.</span> <span class='ocrx_word' id='word_1_281' title='bbox 2149 3938 2467 3995; x_wconf 78' lang='lat' dir='ltr'>Pcauendo</span> <span class='ocrx_word' id='word_1_282' title='bbox 2487 3941 2608 3997; x_wconf 85' lang='grc' dir='ltr'>ςΜ</span> <span class='ocrx_word' id='word_1_283' title='bbox 2618 3941 2669 3994; x_wconf 93' lang='lat' dir='ltr'><strong><em>L</em></strong></span> <span class='ocrx_word' id='word_1_284' title='bbox 2776 3941 3076 4009; x_wconf 58' lang='lat' dir='ltr'>Saliquem</span> <span class='ocrx_word' id='word_1_285' title='bbox 3099 3945 3226 4010; x_wconf 75' lang='lat' dir='ltr'>post</span> 
     </span>
     <span class='ocr_line' id='line_1_36' title="bbox 611 4019 3227 4094; baseline -0.003 -13"><span class='ocrx_word' id='word_1_286' title='bbox 611 4026 866 4081; x_wconf 73' lang='lat' dir='ltr'>adtestor</span> <span class='ocrx_word' id='word_1_287' title='bbox 883 4041 984 4080; x_wconf 86' lang='lat' dir='ltr'>om.</span> <span class='ocrx_word' id='word_1_288' title='bbox 1005 4022 1129 4077; x_wconf 82' lang='lat' dir='ltr'>ML</span> <span class='ocrx_word' id='word_1_289' title='bbox 1228 4022 1324 4094; x_wconf 79' lang='lat' dir='ltr'>sit]</span> <span class='ocrx_word' id='word_1_290' title='bbox 1348 4022 1412 4077; x_wconf 73' lang='lat' dir='ltr'>fit</span> <span class='ocrx_word' id='word_1_291' title='bbox 1436 4023 1491 4074; x_wconf 91' lang='lat' dir='ltr'><strong><em>P</em></strong></span> <span class='ocrx_word' id='word_1_292' title='bbox 1581 4028 1646 4076; x_wconf 89' lang='lat'>10</span> <span class='ocrx_word' id='word_1_293' title='bbox 1666 4020 1908 4091; x_wconf 79' lang='lat' dir='ltr'>aliquid]</span> <span class='ocrx_word' id='word_1_294' title='bbox 1929 4019 2176 4087; x_wconf 81' lang='lat' dir='ltr'>aliquem</span> <span class='ocrx_word' id='word_1_295' title='bbox 2200 4020 2256 4073; x_wconf 92' lang='lat' dir='ltr'><strong><em>P</em></strong></span> <span class='ocrx_word' id='word_1_296' title='bbox 2345 4026 2407 4074; x_wconf 82' lang='lat'>12</span> <span class='ocrx_word' id='word_1_297' title='bbox 2428 4020 2500 4073; x_wconf 76' lang='lat' dir='ltr'>ab</span> <span class='ocrx_word' id='word_1_298' title='bbox 2519 4019 2628 4075; x_wconf 87' lang='lat' dir='ltr'>hoc</span> <span class='ocrx_word' id='word_1_299' title='bbox 2649 4053 2715 4062; x_wconf 92' lang='grc'>--</span> <span class='ocrx_word' id='word_1_300' title='bbox 2735 4022 2978 4076; x_wconf 75' lang='lat' dir='ltr'>trucium</span> <span class='ocrx_word' id='word_1_301' title='bbox 2997 4038 3098 4076; x_wconf 83' lang='lat' dir='ltr'>om.</span> <span class='ocrx_word' id='word_1_302' title='bbox 3122 4020 3227 4075; x_wconf 91' lang='lat' dir='ltr'>PL</span> 
     </span>
     <span class='ocr_line' id='line_1_37' title="bbox 686 4099 3224 4175; baseline -0.002 -17"><span class='ocrx_word' id='word_1_303' title='bbox 686 4111 750 4159; x_wconf 83' lang='lat'>13</span> <span class='ocrx_word' id='word_1_304' title='bbox 778 4104 947 4175; x_wconf 86' lang='lat' dir='ltr'>unde]</span> <span class='ocrx_word' id='word_1_305' title='bbox 970 4103 1103 4158; x_wconf 86' lang='lat' dir='ltr'>inde</span> <span class='ocrx_word' id='word_1_306' title='bbox 1129 4101 1186 4154; x_wconf 89' lang='lat' dir='ltr'><strong><em>P</em></strong></span> <span class='ocrx_word' id='word_1_307' title='bbox 1271 4103 1444 4174; x_wconf 87' lang='lat' dir='ltr'>quod]</span> <span class='ocrx_word' id='word_1_308' title='bbox 1467 4103 1603 4173; x_wconf 80' lang='lat' dir='ltr'>quia</span> <span class='ocrx_word' id='word_1_309' title='bbox 1623 4101 1746 4155; x_wconf 83' lang='lat' dir='ltr'>ML</span> <span class='ocrx_word' id='word_1_310' title='bbox 1841 4107 1908 4154; x_wconf 82' lang='lat'>14</span> <span class='ocrx_word' id='word_1_311' title='bbox 1926 4100 2070 4170; x_wconf 81' lang='lat' dir='ltr'>sive]</span> <span class='ocrx_word' id='word_1_312' title='bbox 2100 4100 2196 4155; x_wconf 86' lang='lat' dir='ltr'>uel</span> <span class='ocrx_word' id='word_1_313' title='bbox 2215 4100 2289 4154; x_wconf 90' lang='lat' dir='ltr'><strong><em>M</em></strong></span> <span class='ocrx_word' id='word_1_314' title='bbox 2379 4104 2444 4154; x_wconf 78' lang='lat'>15</span> <span class='ocrx_word' id='word_1_315' title='bbox 2464 4099 2639 4172; x_wconf 88' lang='lat' dir='ltr'>quod]</span> <span class='ocrx_word' id='word_1_316' title='bbox 2662 4100 2797 4170; x_wconf 79' lang='lat' dir='ltr'>quia</span> <span class='ocrx_word' id='word_1_317' title='bbox 2816 4101 2942 4154; x_wconf 84' lang='lat' dir='ltr'>ML</span> <span class='ocrx_word' id='word_1_318' title='bbox 3044 4107 3108 4156; x_wconf 78' lang='lat'>16</span> <span class='ocrx_word' id='word_1_319' title='bbox 3128 4099 3224 4170; x_wconf 79' lang='lat' dir='ltr'>ab]</span> 
     </span>
     <span class='ocr_line' id='line_1_38' title="bbox 617 4168 3224 4239; baseline -0.002 0"><span class='ocrx_word' id='word_1_320' title='bbox 617 4185 721 4239; x_wconf 81' lang='lat' dir='ltr'>sub</span> <span class='ocrx_word' id='word_1_321' title='bbox 759 4183 815 4237; x_wconf 93' lang='lat' dir='ltr'><strong><em>P</em></strong></span> <span class='ocrx_word' id='word_1_322' title='bbox 918 4183 1153 4238; x_wconf 67' lang='lat' dir='ltr'>ueniunt</span> <span class='ocrx_word' id='word_1_323' title='bbox 1180 4181 1275 4238; x_wconf 72' lang='lat' dir='ltr'>sL</span> <span class='ocrx_word' id='word_1_324' title='bbox 1310 4182 1468 4237; x_wconf 78' lang='lat' dir='ltr'>uenit</span> <span class='ocrx_word' id='word_1_325' title='bbox 1499 4184 1640 4237; x_wconf 83' lang='lat' dir='ltr'>PM</span> <span class='ocrx_word' id='word_1_326' title='bbox 1746 4190 1812 4238; x_wconf 76' lang='lat'>17</span> <span class='ocrx_word' id='word_1_327' title='bbox 1850 4185 2018 4236; x_wconf 78' lang='lat' dir='ltr'>tenax</span> <span class='ocrx_word' id='word_1_328' title='bbox 2047 4181 2143 4238; x_wconf 74' lang='lat' dir='ltr'>sL</span> <span class='ocrx_word' id='word_1_329' title='bbox 2178 4186 2345 4238; x_wconf 77' lang='lat' dir='ltr'>tenex</span> <span class='ocrx_word' id='word_1_330' title='bbox 2374 4168 2506 4235; x_wconf 72' lang='lat' dir='ltr'>PM</span> <span class='ocrx_word' id='word_1_331' title='bbox 2614 4188 2681 4236; x_wconf 87' lang='lat'>18</span> <span class='ocrx_word' id='word_1_332' title='bbox 2718 4198 2850 4235; x_wconf 80' lang='lat' dir='ltr'>nam</span> <span class='ocrx_word' id='word_1_333' title='bbox 2879 4179 3023 4235; x_wconf 66' lang='lat' dir='ltr'>etin</span> <span class='ocrx_word' id='word_1_334' title='bbox 3049 4179 3224 4233; x_wconf 76' lang='lat' dir='ltr'>mario</span> 
     </span>
     <span class='ocr_line' id='line_1_39' title="bbox 615 4261 3226 4330; baseline -0.002 -12"><span class='ocrx_word' id='word_1_335' title='bbox 615 4264 787 4319; x_wconf 86' lang='lat' dir='ltr'>libius</span> <span class='ocrx_word' id='word_1_336' title='bbox 821 4263 962 4317; x_wconf 88' lang='grc' dir='ltr'>ΡΜ</span> <span class='ocrx_word' id='word_1_337' title='bbox 993 4279 1124 4316; x_wconf 79' lang='lat' dir='ltr'>nam</span> <span class='ocrx_word' id='word_1_338' title='bbox 1154 4263 1212 4315; x_wconf 77' lang='lat' dir='ltr'>et</span> <span class='ocrx_word' id='word_1_339' title='bbox 1239 4261 1448 4316; x_wconf 79' lang='lat' dir='ltr'>marius</span> <span class='ocrx_word' id='word_1_340' title='bbox 1484 4263 1652 4317; x_wconf 82' lang='lat' dir='ltr'>libius</span> <span class='ocrx_word' id='word_1_341' title='bbox 1689 4263 1755 4315; x_wconf 89' lang='lat' dir='ltr'>L.</span> <span class='ocrx_word' id='word_1_342' title='bbox 1815 4263 1972 4316; x_wconf 76' lang='lat' dir='ltr'>Livii</span> <span class='ocrx_word' id='word_1_343' title='bbox 2006 4267 2056 4315; x_wconf 81' lang='lat' dir='ltr'>et</span> <span class='ocrx_word' id='word_1_344' title='bbox 2086 4264 2362 4319; x_wconf 72' lang='lat' dir='ltr'>Ciceronis</span> <span class='ocrx_word' id='word_1_345' title='bbox 2388 4262 2635 4330; x_wconf 79' lang='lat' dir='ltr'>exempla</span> <span class='ocrx_word' id='word_1_346' title='bbox 2670 4263 2739 4316; x_wconf 85' lang='lat' dir='ltr'>ab</span> <span class='ocrx_word' id='word_1_347' title='bbox 2778 4263 2908 4317; x_wconf 78' lang='lat' dir='ltr'>aliis</span> <span class='ocrx_word' id='word_1_348' title='bbox 2944 4263 3226 4330; x_wconf 54' lang='lat' dir='ltr'>adscripta</span> 
     </span>
     <span class='ocr_line' id='line_1_40' title="bbox 614 4340 3224 4411; baseline -0.002 -14"><span class='ocrx_word' id='word_1_349' title='bbox 614 4360 729 4398; x_wconf 75' lang='lat' dir='ltr'>non</span> <span class='ocrx_word' id='word_1_350' title='bbox 765 4345 968 4397; x_wconf 78' lang='lat' dir='ltr'>inveni.</span> <span class='ocrx_word' id='word_1_351' title='bbox 1015 4345 1272 4411; x_wconf 85' lang='lat' dir='ltr'>torquem</span> <span class='ocrx_word' id='word_1_352' title='bbox 1308 4345 1609 4398; x_wconf 74' lang='lat' dir='ltr'>masculine</span> <span class='ocrx_word' id='word_1_353' title='bbox 1653 4344 1719 4397; x_wconf 83' lang='lat' dir='ltr'>de</span> <span class='ocrx_word' id='word_1_354' title='bbox 1759 4344 1985 4399; x_wconf 77' lang='lat' dir='ltr'>Manlio</span> <span class='ocrx_word' id='word_1_355' title='bbox 2030 4345 2180 4399; x_wconf 68' lang='lat' dir='ltr'>dimit</span> <span class='ocrx_word' id='word_1_356' title='bbox 2214 4343 2413 4397; x_wconf 76' lang='lat' dir='ltr'>Livius</span> <span class='ocrx_word' id='word_1_357' title='bbox 2459 4340 2594 4393; x_wconf 88' lang='lat' dir='ltr'>VII</span> <span class='ocrx_word' id='word_1_358' title='bbox 2628 4347 2717 4407; x_wconf 88' lang='lat'>10,</span> <span class='ocrx_word' id='word_1_359' title='bbox 2757 4347 2822 4396; x_wconf 88' lang='lat'>11</span> <span class='ocrx_word' id='word_1_360' title='bbox 2870 4359 2982 4397; x_wconf 89' lang='lat' dir='ltr'>uno</span> <span class='ocrx_word' id='word_1_361' title='bbox 3027 4344 3224 4409; x_wconf 74' lang='lat' dir='ltr'>torque</span> 
     </span>
     <span class='ocr_line' id='line_1_41' title="bbox 613 4418 3229 4496; baseline -0.002 -19"><span class='ocrx_word' id='word_1_362' title='bbox 613 4422 884 4492; x_wconf 76' lang='lat' dir='ltr'>spoliavit.</span> <span class='ocrx_word' id='word_1_363' title='bbox 1010 4439 1135 4492; x_wconf 85' lang='lat' dir='ltr'>gen.</span> <span class='ocrx_word' id='word_1_364' title='bbox 1174 4439 1312 4477; x_wconf 79' lang='lat' dir='ltr'>mas.</span> <span class='ocrx_word' id='word_1_365' title='bbox 1351 4423 1532 4478; x_wconf 88' lang='lat' dir='ltr'>cicero</span> <span class='ocrx_word' id='word_1_366' title='bbox 1568 4423 1697 4478; x_wconf 84' lang='lat' dir='ltr'>fem.</span> <span class='ocrx_word' id='word_1_367' title='bbox 1737 4425 1995 4493; x_wconf 71' lang='lat' dir='ltr'>torquem</span> <span class='ocrx_word' id='word_1_368' title='bbox 2037 4425 2113 4479; x_wconf 82' lang='lat' dir='ltr'><strong><em>M</em></strong></span> <span class='ocrx_word' id='word_1_369' title='bbox 2145 4441 2272 4496; x_wconf 84' lang='lat' dir='ltr'>gen.</span> <span class='ocrx_word' id='word_1_370' title='bbox 2309 4439 2446 4475; x_wconf 78' lang='lat' dir='ltr'>mas.</span> <span class='ocrx_word' id='word_1_371' title='bbox 2481 4420 2614 4475; x_wconf 88' lang='lat' dir='ltr'>fem.</span> <span class='ocrx_word' id='word_1_372' title='bbox 2653 4420 2836 4476; x_wconf 89' lang='lat' dir='ltr'>cicero</span> <span class='ocrx_word' id='word_1_373' title='bbox 2872 4423 3134 4490; x_wconf 77' lang='lat' dir='ltr'>torquem</span> <span class='ocrx_word' id='word_1_374' title='bbox 3173 4418 3229 4472; x_wconf 98' lang='lat' dir='ltr'><strong><em>P</em></strong></span> 
     </span>
     <span class='ocr_line' id='line_1_42' title="bbox 614 4498 3225 4572; baseline -0.002 -14"><span class='ocrx_word' id='word_1_375' title='bbox 614 4520 815 4572; x_wconf 85' lang='lat' dir='ltr'>genere</span> <span class='ocrx_word' id='word_1_376' title='bbox 854 4502 1165 4557; x_wconf 76' lang='lat' dir='ltr'>masculino</span> <span class='ocrx_word' id='word_1_377' title='bbox 1204 4503 1263 4556; x_wconf 74' lang='lat' dir='ltr'>et</span> <span class='ocrx_word' id='word_1_378' title='bbox 1299 4501 1492 4557; x_wconf 87' lang='lat' dir='ltr'>Cicero</span> <span class='ocrx_word' id='word_1_379' title='bbox 1527 4504 1788 4572; x_wconf 67' lang='lat' dir='ltr'>torquem</span> <span class='ocrx_word' id='word_1_380' title='bbox 1827 4504 2096 4559; x_wconf 88' lang='lat' dir='ltr'>feminino</span> <span class='ocrx_word' id='word_1_381' title='bbox 2135 4503 2234 4561; x_wconf 64' lang='lat' dir='ltr'>§L</span> <span class='ocrx_word' id='word_1_382' title='bbox 2413 4506 2481 4554; x_wconf 81' lang='lat'>20</span> <span class='ocrx_word' id='word_1_383' title='bbox 2516 4500 2835 4571; x_wconf 76' lang='lat' dir='ltr'>triumphat</span> <span class='ocrx_word' id='word_1_384' title='bbox 2874 4501 3094 4555; x_wconf 75' lang='lat' dir='ltr'>hostem</span> <span class='ocrx_word' id='word_1_385' title='bbox 3131 4498 3225 4568; x_wconf 86' lang='lat' dir='ltr'>qui</span> 
     </span>
     <span class='ocr_line' id='line_1_43' title="bbox 610 4581 3108 4654; baseline -0.002 -15"><span class='ocrx_word' id='word_1_386' title='bbox 610 4586 838 4654; x_wconf 76' lang='lat' dir='ltr'>superat</span> <span class='ocrx_word' id='word_1_387' title='bbox 881 4601 980 4639; x_wconf 85' lang='lat' dir='ltr'>om.</span> <span class='ocrx_word' id='word_1_388' title='bbox 1033 4583 1192 4647; x_wconf 84' lang='lat' dir='ltr'>ML,</span> <span class='ocrx_word' id='word_1_389' title='bbox 1239 4583 1366 4638; x_wconf 81' lang='lat' dir='ltr'>add.</span> <span class='ocrx_word' id='word_1_390' title='bbox 1409 4582 1465 4636; x_wconf 96' lang='lat' dir='ltr'><strong><em>P</em></strong></span> <span class='ocrx_word' id='word_1_391' title='bbox 1639 4583 1938 4652; x_wconf 76' lang='lat' dir='ltr'>superandi</span> <span class='ocrx_word' id='word_1_392' title='bbox 1982 4585 2172 4639; x_wconf 73' lang='lat' dir='ltr'>hostes</span> <span class='ocrx_word' id='word_1_393' title='bbox 2218 4582 2341 4641; x_wconf 81' lang='grc' dir='ltr'>ςΜ</span> <span class='ocrx_word' id='word_1_394' title='bbox 2347 4581 2399 4636; x_wconf 92' lang='lat' dir='ltr'><strong><em>L</em></strong></span> <span class='ocrx_word' id='word_1_395' title='bbox 2445 4581 2747 4649; x_wconf 82' lang='lat' dir='ltr'>superandi</span> <span class='ocrx_word' id='word_1_396' title='bbox 2792 4582 3012 4637; x_wconf 78' lang='lat' dir='ltr'>hostem</span> <span class='ocrx_word' id='word_1_397' title='bbox 3053 4581 3108 4634; x_wconf 92' lang='lat' dir='ltr'><strong><em>P</em></strong></span> 
     </span>
     <span class='ocr_line' id='line_1_44' title="bbox 612 4659 3235 4734; baseline -0.002 -18"><span class='ocrx_word' id='word_1_398' title='bbox 612 4670 679 4716; x_wconf 80' lang='lat'>21</span> <span class='ocrx_word' id='word_1_399' title='bbox 702 4664 890 4732; x_wconf 74' lang='lat' dir='ltr'>gratia</span> <span class='ocrx_word' id='word_1_400' title='bbox 907 4663 963 4717; x_wconf 93' lang='lat' dir='ltr'><strong><em>P</em></strong></span> <span class='ocrx_word' id='word_1_401' title='bbox 1068 4670 1139 4718; x_wconf 78' lang='lat'>24</span> <span class='ocrx_word' id='word_1_402' title='bbox 1168 4663 1524 4734; x_wconf 80' lang='lat' dir='ltr'>Transmigro</span> <span class='ocrx_word' id='word_1_403' title='bbox 1544 4694 1612 4703; x_wconf 89' lang='lat'><strong>—</strong></span> <span class='ocrx_word' id='word_1_404' title='bbox 1633 4664 1805 4718; x_wconf 73' lang='lat' dir='ltr'>habet</span> <span class='ocrx_word' id='word_1_405' title='bbox 1823 4680 1923 4718; x_wconf 85' lang='lat' dir='ltr'>om.</span> <span class='ocrx_word' id='word_1_406' title='bbox 1943 4664 2103 4730; x_wconf 89' lang='lat' dir='ltr'>ML,</span> <span class='ocrx_word' id='word_1_407' title='bbox 2133 4665 2259 4719; x_wconf 78' lang='lat' dir='ltr'>add.</span> <span class='ocrx_word' id='word_1_408' title='bbox 2284 4663 2340 4716; x_wconf 92' lang='lat' dir='ltr'><strong><em>P</em></strong></span> <span class='ocrx_word' id='word_1_409' title='bbox 2445 4660 2591 4716; x_wconf 90' lang='lat' dir='ltr'>enim</span> <span class='ocrx_word' id='word_1_410' title='bbox 2615 4679 2716 4716; x_wconf 88' lang='lat' dir='ltr'>om.</span> <span class='ocrx_word' id='word_1_411' title='bbox 2737 4661 2792 4714; x_wconf 91' lang='lat' dir='ltr'><strong><em>L</em></strong></span> <span class='ocrx_word' id='word_1_412' title='bbox 2897 4667 2965 4716; x_wconf 76' lang='lat'>27</span> <span class='ocrx_word' id='word_1_413' title='bbox 2987 4660 3081 4732; x_wconf 84' lang='lat' dir='ltr'>de]</span> <span class='ocrx_word' id='word_1_414' title='bbox 3101 4661 3162 4715; x_wconf 87' lang='lat' dir='ltr'>in</span> <span class='ocrx_word' id='word_1_415' title='bbox 3179 4659 3235 4712; x_wconf 92' lang='lat' dir='ltr'><strong><em>P</em></strong></span> 
     </span>
     <span class='ocr_line' id='line_1_45' title="bbox 683 4740 3227 4813; baseline -0 -18"><span class='ocrx_word' id='word_1_416' title='bbox 683 4746 742 4795; x_wconf 82' lang='lat' dir='ltr'>et</span> <span class='ocrx_word' id='word_1_417' title='bbox 761 4740 1063 4811; x_wconf 78' lang='lat' dir='ltr'>emigrabit</span> <span class='ocrx_word' id='word_1_418' title='bbox 1080 4747 1138 4797; x_wconf 81' lang='lat' dir='ltr'>te</span> <span class='ocrx_word' id='word_1_419' title='bbox 1158 4743 1228 4797; x_wconf 87' lang='lat' dir='ltr'>de</span> <span class='ocrx_word' id='word_1_420' title='bbox 1238 4742 1608 4797; x_wconf 67' lang='lat' dir='ltr'>=tabernaculo</span> <span class='ocrx_word' id='word_1_421' title='bbox 1622 4744 1743 4811; x_wconf 84' lang='lat' dir='ltr'>(om.</span> <span class='ocrx_word' id='word_1_422' title='bbox 1756 4744 1877 4810; x_wconf 83' lang='lat' dir='ltr'>tuo)</span> <span class='ocrx_word' id='word_1_423' title='bbox 1899 4742 1986 4800; x_wconf 65' lang='lat' dir='ltr'>sL</span> <span class='ocrx_word' id='word_1_424' title='bbox 2006 4746 2064 4797; x_wconf 79' lang='lat' dir='ltr'>et</span> <span class='ocrx_word' id='word_1_425' title='bbox 2079 4741 2380 4812; x_wconf 72' lang='lat' dir='ltr'>emigranit</span> <span class='ocrx_word' id='word_1_426' title='bbox 2396 4741 2466 4795; x_wconf 87' lang='lat' dir='ltr'>de</span> <span class='ocrx_word' id='word_1_427' title='bbox 2485 4740 2849 4797; x_wconf 76' lang='lat' dir='ltr'>tabernaculo</span> <span class='ocrx_word' id='word_1_428' title='bbox 2864 4742 2938 4796; x_wconf 81' lang='lat' dir='ltr'><strong><em>M</em></strong></span> <span class='ocrx_word' id='word_1_429' title='bbox 2952 4742 3014 4796; x_wconf 75' lang='lat' dir='ltr'>et</span> <span class='ocrx_word' id='word_1_430' title='bbox 3025 4740 3227 4813; x_wconf 76' lang='lat' dir='ltr'>migra·</span> 
     </span>
     <span class='ocr_line' id='line_1_46' title="bbox 610 4821 3230 4893; baseline 0.001 -18"><span class='ocrx_word' id='word_1_431' title='bbox 610 4821 697 4875; x_wconf 74' lang='lat' dir='ltr'>uit</span> <span class='ocrx_word' id='word_1_432' title='bbox 723 4822 852 4876; x_wconf 72' lang='lat' dir='ltr'>dete</span> <span class='ocrx_word' id='word_1_433' title='bbox 881 4822 1244 4877; x_wconf 78' lang='lat' dir='ltr'>tabernaculo</span> <span class='ocrx_word' id='word_1_434' title='bbox 1272 4826 1372 4876; x_wconf 72' lang='lat' dir='ltr'>tuo</span> <span class='ocrx_word' id='word_1_435' title='bbox 1405 4822 1460 4874; x_wconf 89' lang='lat' dir='ltr'><strong><em>P</em></strong></span> <span class='ocrx_word' id='word_1_436' title='bbox 1564 4828 1632 4877; x_wconf 81' lang='lat'>28</span> <span class='ocrx_word' id='word_1_437' title='bbox 1660 4821 2064 4892; x_wconf 75' lang='lat' dir='ltr'>transmigraui</span> <span class='ocrx_word' id='word_1_438' title='bbox 2091 4823 2151 4877; x_wconf 87' lang='lat' dir='ltr'>in</span> <span class='ocrx_word' id='word_1_439' title='bbox 2183 4821 2241 4874; x_wconf 81' lang='lat' dir='ltr'><strong><em>P</em></strong></span> <span class='ocrx_word' id='word_1_440' title='bbox 2263 4822 2669 4890; x_wconf 75' lang='lat' dir='ltr'>transmigrans</span> <span class='ocrx_word' id='word_1_441' title='bbox 2697 4822 2757 4877; x_wconf 90' lang='lat' dir='ltr'>in</span> <span class='ocrx_word' id='word_1_442' title='bbox 2787 4823 2862 4876; x_wconf 79' lang='lat' dir='ltr'><strong><em>M</em></strong></span> <span class='ocrx_word' id='word_1_443' title='bbox 2891 4823 3230 4893; x_wconf 72' lang='lat' dir='ltr'>transmigra</span> 
     </span>
     <span class='ocr_line' id='line_1_47' title="bbox 610 4899 3237 4972; baseline 0.001 -20"><span class='ocrx_word' id='word_1_444' title='bbox 610 4899 671 4954; x_wconf 90' lang='lat' dir='ltr'>in</span> <span class='ocrx_word' id='word_1_445' title='bbox 708 4901 805 4958; x_wconf 57' lang='lat' dir='ltr'>§L</span> <span class='ocrx_word' id='word_1_446' title='bbox 933 4908 1000 4955; x_wconf 79' lang='lat'>29</span> <span class='ocrx_word' id='word_1_447' title='bbox 1039 4900 1427 4972; x_wconf 83' lang='lat' dir='ltr'>participium]</span> <span class='ocrx_word' id='word_1_448' title='bbox 1467 4902 1803 4971; x_wconf 82' lang='lat' dir='ltr'>principium</span> <span class='ocrx_word' id='word_1_449' title='bbox 1845 4901 1901 4953; x_wconf 92' lang='lat' dir='ltr'><strong><em>P</em></strong></span> <span class='ocrx_word' id='word_1_450' title='bbox 2019 4908 2083 4957; x_wconf 81' lang='lat'>31</span> <span class='ocrx_word' id='word_1_451' title='bbox 2123 4901 2470 4972; x_wconf 74' lang='lat' dir='ltr'>intellegitur</span> <span class='ocrx_word' id='word_1_452' title='bbox 2508 4908 2640 4970; x_wconf 79' lang='lat' dir='ltr'>post</span> <span class='ocrx_word' id='word_1_453' title='bbox 2675 4901 2948 4957; x_wconf 72' lang='lat' dir='ltr'>transiens</span> <span class='ocrx_word' id='word_1_454' title='bbox 2985 4903 3147 4957; x_wconf 76' lang='lat' dir='ltr'>habet</span> <span class='ocrx_word' id='word_1_455' title='bbox 3183 4902 3237 4954; x_wconf 92' lang='lat' dir='ltr'><strong><em>P</em></strong></span> 
     </span>
    </p>
   </div>
   <div class='ocr_carea' id='block_1_5' title="bbox 3580 4203 3584 5495">
    <p class='ocr_par' dir='ltr' id='par_1_16' title="bbox 3580 4203 3584 5495">
     <span class='ocr_line' id='line_1_48' title="bbox 3580 4203 3584 5495; baseline 0 0"><span class='ocrx_word' id='word_1_456' title='bbox 3580 4203 3584 5495; x_wconf 95' lang='lat' dir='ltr'> </span> 
     </span>
    </p>
   </div>
  </div>
 </body>
</html>
