3613 5528
1359 432 1456 487 DE
1494 430 1690 488 ARTE
1727 427 2059 486 METRICA
2876 429 3004 495 257

402 545 448 583 p.
477 532 594 573 28⁷8.
624 534 676 573 ’τε
705 532 753 573 P.

406 617 509 677 sed
558 625 618 677 et
664 615 1036 679 Ambrosiani
1084 636 1154 678 eo
1202 620 1454 679 maxime
1502 628 1781 699 currunt,

1042 724 1216 794 deus
1262 734 1550 787 creator
1596 727 1906 787 omnium

1040 834 1174 893 iam
1222 835 1461 912 surgit
1505 833 1678 894 hora
1723 833 1972 911 tertia,

1042 938 1390 1018 splendor
1434 949 1777 1019 paternae
1825 938 2127 1019 gloriae‘,

291 1026 298 1031 ’
349 1059 376 1097 ⁵
1044 1053 1347 1106 aeterne
1393 1064 1633 1106 rerum
1682 1045 2044 1126 conditor,

407 1161 468 1212 et
513 1154 696 1213 ceteri
743 1150 1087 1233 perplures3
1134 1153 1195 1213 iu
1244 1152 1462 1232 quibus
1507 1152 1912 1234 pulcherrimo
1959 1160 2052 1211 est
2098 1151 2314 1213 decore
2353 1157 2717 1233 compositus
2758 1133 3018 1235 ⁸hymnus

407 1258 711 1321 beatorum
760 1268 1115 1342 martyrum,
1160 1262 1333 1322 cuius
1379 1260 1506 1321 loca
1546 1268 1760 1322 cuncta
1809 1260 2053 1340 imparia
2103 1259 2462 1342 spondeum,
2509 1259 2766 1321 iambum
2815 1268 3021 1320 tenent

405 1368 596 1448 paria,
641 1368 814 1427 cuius
860 1368 1218 1447 principium
1267 1375 1359 1428 est
1400 1362 1410 1446 Ι

1044 1481 1336 1535 aeterna
1386 1474 1661 1536 Christi
1708 1491 2001 1558 munera

325 1593 378 1630 1⁰
1043 1589 1113 1641 et
1159 1589 1551 1661 martyrum
1599 1583 1950 1642 victorias

1041 1687 1287 1749 laudes
1334 1687 1659 1749 ferentes
1706 1686 1990 1748 debitas

1045 1794 1257 1855 laetis
1304 1812 1640 1855 canamus
1689 1793 2067 1854 mentibus

412 1900 625 1978 recipit
671 1898 783 1959 hoc
832 1908 1091 1962 metrum
1139 1901 1481 1983 aliquoties,
1527 1911 1594 1963 ut
1640 1901 1849 1962 scribit
1894 1900 2124 1962 Mallius
2161 1899 2538 1981 Theodorus,
2586 1901 2760 1961 etiam
2810 1899 3022 1961 tribra-

411 2003 563 2083 chyn
602 2004 747 2066 locis
785 2007 1063 2069 omuibus
1109 2014 1347 2088 practer
1384 2011 1797 2090 novissimum,
1845 2006 2141 2087 dactylum
2179 2015 2242 2069 et
2278 2017 2658 2088 anapaestum
2705 2006 2850 2067 locis
2901 2016 3023 2068 tan-

331 2129 382 2167 ιε»
413 2118 541 2171 tum
587 2112 939 2194 imparibus,
988 2113 1145 2175 unde
1192 2124 1285 2176 est

1045 2224 1370 2300 geminae
1416 2226 1668 2304 gigans
1716 2222 2174 2284 subs-tantiae

1048 2329 1315 2390 alacris
1362 2340 1439 2392 ut
1485 2336 1735 2392 currat
1779 2330 1979 2389 viam.

414 2440 750 2493 ceterorum
801 2451 932 2495 rara
979 2434 1161 2496 hahes
1208 2436 1489 2517 exempla.

1139 2608 1259 2675 DE
1307 2609 1609 2677 METRO
1656 2607 2293 2675 ANAOREONTIO

333 2752 389 2791 ευ
599 2734 852 2798 Metrum
909 2737 1226 2800 iambicum
1283 2748 1694 2803 tetrametrum
1753 2738 2032 2821 colobon,
2088 2737 2244 2818 quod
2298 2738 2744 2798 anacreontium
2791 2738 3028 2817 dicitnr,

417 2843 630 2921 recipit
666 2854 1074 2926 anapaestum,
1128 2846 1280 2906 duos
1318 2847 1543 2908 iambos
1579 2857 1640 2909 et
1677 2846 2069 2928 semipedem,
2117 2863 2236 2924 qno
2274 2862 2421 2904 usus
2458 2852 2551 2904 est
2586 2843 2847 2924 Prosper
2873 2843 3030 2923 Tyro

419 2948 482 3006 in
530 2950 823 3028 principio
869 2951 1296 3013 exhortationis
1342 2954 1412 3014 ad
1462 2956 1772 3033 coniugem
1821 2955 1902 3014 ita
1949 2952 2180 3033 dicenS,
2248 2964 2257 2979 “

1054 3077 1177 3138 age
1225 3062 1355 3121 iam
1404 3078 1666 3140 precor
1712 3077 2023 3121 mearum

1056 3184 1292 3226 comes
1338 3169 1407 3228 in
1457 3176 1726 3233 remota
1774 3183 2043 3246 rerum,

329 3285 385 3323 25
1058 3273 1404 3353 trepidam
1454 3273 1885 3351 brevemque
1934 3272 2149 3330 vitam

1058 3379 1342 3440 domino
1390 3378 1521 3439 deo
1567 3379 1909 3463 dicemus.

1057 3483 1282 3544 celeri
1331 3470 1530 3544 vides
1577 3490 1825 3544 rotatu

1059 3590 1351 3669 rapidos
1397 3589 1552 3651 dies
1600 3609 1834 3651 meare
1876 3598 1881 3605 ‘

1061 3697 1486 3776 fragilisque
1534 3697 1845 3758 membra
1895 3696 2133 3757 mundi

326 3822 385 3859 so
1061 3804 1309 3885 minui,
1355 3807 1625 3887 perire,
1671 3804 1832 3865 labi.

1062 3910 1246 3989 sugit
1292 3929 1492 3972 omne
1541 3910 1722 3991 quod
1774 3918 2126 3988 tenemuS,

1062 4034 1289 4096 neque
1337 4017 1531 4077 l'luxa
1582 4016 1847 4079 hahent
1892 4035 2295 4097 recursum,

1062 4104 1503 4205 cupidasque
1553 4144 1723 4185 vana
1772 4118 2091 4185 mentes‘

1064 4234 1311 4311 specie
1360 4231 1655 4293 trahunt
1701 4233 1955 4299 inani..

333 4354 388 4393 ⁸5
1065 4339 1184 4399 ubi
1232 4357 1420 4400 nunc
1466 4341 1693 4418 imago
1742 4356 1984 4398 rerum
2032 4332 2185 4399 est?

527 4458 734 4466 --——----..
763 4460 778 4465 -

561 4544 570 4555 .
609 4515 674 4563 19
711 4507 809 4562 DE
846 4508 1100 4565 METRO
1143 4509 1666 4566 ANACREONTIO
1709 4509 1873 4564 Mau.
1921 4508 2119 4564 Theod.
2157 4513 2286 4576 593,
2321 4513 2399 4564 24

604 4664 637 4713 5
677 4620 906 4715 nte-terna.
941 4660 1002 4714 F
1143 4668 1186 4721 7,
1212 4665 1414 4717 cuneta
1447 4679 1548 4716 om.
1587 4662 1666 4729 L,
1714 4662 1843 4717 add.
1884 4662 2007 4715 FP
2146 4668 2210 4716 13
2248 4660 2450 4715 malins
2488 4658 2571 4712 F.-
2628 4658 2794 4729 Mall.
2840 4660 3035 4715 Theocl.

409 4758 474 4810 p.
518 4744 650 4806 593,
687 4745 725 4793 6
760 4741 827 4795 de
861 4742 1103 4796 trimetro
1140 4743 1374 4798 iambico
1502 4748 1567 4797 19
1608 4741 2137 4796 ANAOREVN'I'IO
2175 4740 2295 4794 FL
2430 4745 2499 4794 20
2537 4739 2811 4809 colophon
2851 4740 3045 4793 FLP

533 4820 953 4952 ξὲωτῗηιίιιω
993 4819 1114 4875 FL
1255 4826 1320 4874 21
1362 4824 1448 4875 est
1483 4837 1583 4875 om.
1627 4821 1695 4887 P,
1731 4821 1861 4873 add.
1903 4821 2024 4874 FL
2157 4827 2225 4873 27
2264 4821 2453 4874 rotatu
2491 4818 2554 4873 F
2684 4825 2751 4873 28
2789 4821 3036 4893 rapidos]

421 4916 564 4969 pam
608 4916 671 4953 oa

535 5006 850 5038 οιΑ-αιτιοι
879 5007 1048 5038 tau-1⁸1
1077 5008 1166 5038 vn.
2552 4996 2610 5044 17
