3613 5528
1305 423 1443 477 ARS
1481 420 1970 478 GRAMMATIGA
2856 419 2987 483 409

385 533 429 573 p,
453 523 521 565 8⁷.
549 522 602 563 38
630 523 690 564 Η.

385 605 575 670 εἰσιν.
666 608 1001 688 significant
1045 609 1204 668 enim
1249 616 1484 688 tempus
1521 608 1750 669 finitum
1791 604 2101 686 σημαίνει
2137 596 2265 685 γὰρ
2302 598 2551 688 χρόνον
2590 595 2990 684 ὡρισμένον,

386 723 453 777 ut
497 715 672 777 hodie
720 708 1043 797 σήμερον,
1104 733 1236 776 cras
1282 704 1554 794 αὔριον,
1609 712 1891 795 perendie
1952 702 2112 792 μετὰ
2166 703 2290 790 τὴν
2337 704 2606 794 αὔριον,
2660 712 2754 774 die
2814 714 2989 773 tertio

385 822 480 896 εἰς
521 814 645 904 τὴν
691 820 952 904 τρίτην,
999 822 1095 883 die
1136 829 1348 901 quarto
1386 817 1480 894 εἰς
1514 811 1638 901 τὴν
1674 812 1992 900 τετάρτην
2030 809 2317 900 ἡμέραν,
2362 819 2507 881 here
2546 828 2606 882 et
2642 820 2771 881 heri
2810 814 2990 900 χθές,

383 928 602 992 nudius
668 932 882 992 tertius
944 928 1176 1011 τρίτην
1239 918 1531 1009 ἡμέραν,
1604 946 1774 989 mane
1839 924 2045 1007 πρωΐ,
2117 944 2362 1006 vespere
2427 936 2488 988 et
2561 929 2792 1008 vesperi
2866 919 2996 1002 ὀψέ

332 1047 359 1087 ⁵
387 1031 656 1121 ἑσπέρᾳ,
691 1044 879 1099 ‘nocte
915 1027 1187 1116 νυκτός,
1235 1043 1415 1097 noctu
1452 1028 1754 1117 νύκτωρ,
1784 1034 2048 1095 interdiu
2083 1023 2332 1114 ἡμέρας
2366 1028 2478 1095 καὶ
2515 1025 2670 1115 μεθ’
2712 1024 2991 1115 ἡμέραν,

384 1144 574 1225 pridie
621 1136 750 1228 πρὸ
796 1140 982 1226 μιᾶς,
1029 1143 1317 1224 postridie
1362 1140 1442 1225 τῇ
1486 1132 1760 1226 ὑστέραι
1815 1149 2053 1222 tempus
2098 1141 2421 1224 infinitum,
2476 1141 2615 1202 olim
2668 1134 2826 1204 ποτὲ
2880 1136 2991 1202 καὶ

381 1245 616 1333 πάλαι,
680 1251 992 1332 aliquando
1055 1246 1242 1330 ποτέ,
1307 1249 1798 1331 quandocumque
1871 1238 2374 1328 ὁσακιςδήποτε,
2450 1266 2642 1329 nuper
2716 1246 2993 1328 ἔναγχος

382 1352 645 1442 πρῶην,
684 1359 1032 1441 iampridem
1067 1350 1201 1439 ἤδη
1238 1349 1472 1437 πάλαι,
1509 1355 1652 1418 alias
1681 1347 1946 1434 ἄλλοτε,
1984 1358 2098 1416 iam
2126 1346 2256 1435 ἤδη
2287 1347 2526 1417 λοιπόν
2554 1345 2990 1432 τούντεῦθεν,

387 1476 512 1529 tum
555 1460 734 1547 τότε,
801 1469 1105 1528 etiamtum
1163 1463 1256 1527 ἔτι
1310 1463 1453 1545 καί,
1519 1463 1612 1526 ἔτι
1675 1458 1785 1526 καὶ
1850 1456 2030 1542 τότε,
2097 1463 2233 1525 inde
2293 1464 2303 1538 Ι
2361 1455 2640 1525 ἐκτόθεν
2704 1457 2994 1540 ἐκεῖθεν,

308 1584 358 1625 1⁰
385 1573 609 1636 dudum
652 1566 888 1653 πάλαι,
933 1591 1212 1652 umquam
1249 1565 1544 1652 πώποτε,
1590 1590 1914 1652 numquam
1952 1561 2307 1649 οὐδέποτε,
2354 1589 2491 1631 mox
2540 1568 2759 1631 ἔπειτα
2804 1560 2991 1630 ὕστε-

384 1700 511 1762 ρον
554 1672 837 1761 εὐθέως,
884 1679 1125 1742 cottidie
1170 1670 1331 1741 καθ’
1380 1670 1667 1761 ἡμέραν,
1714 1682 1943 1741 interea
1979 1669 2222 1758 μεταξύ
2261 1673 2337 1738 ἐν
2371 1669 2699 1763 τοσούτω,
2747 1678 2989 1739 interim

386 1784 459 1850 ἐν
512 1793 603 1875 τῷ
655 1780 969 1871 παρόντι,
1035 1790 1231 1849 statim
1287 1777 1571 1867 εὐθέως,
1636 1786 1833 1848 subito
1890 1780 2280 1866 αἰφνιδίως,
2345 1791 2592 1864 repente
2656 1779 2993 1864 ἐξαίφνης,

385 1894 678 1975 extemplo
723 1889 1149 1976 παραχρῆμα,
1216 1912 1427 1954 recens
1481 1891 1751 1972 νεωστί,
1812 1891 2153 1954 iamdudum
2215 1883 2347 1972 ἤδη
2394 1884 2629 1970 πάλαι,
2693 1890 2993 1953 interdum

386 1997 598 2064 ἐνίοτε
646 1992 939 2080 ἔσθ’ὅτε,
995 1999 1245 2061 subinde
1295 1998 1619 2082 συνεχῶς,
1676 2001 2065 2061 cummaxime
2119 1979 2201 2060 τὰ
2256 1990 2569 2080 μάλιστα,
2629 2017 2789 2059 nunc
2834 1994 2987 2072 νῦν,

305 2120 357 2161 1⁶
384 2109 695 2170 confestim
759 2106 1159 2188 παραυτίκα,
1225 2113 1492 2169 actutum
1557 2102 1866 2188 ἐξαυτῆς,
1934 2105 2169 2167 tandem
2236 2104 2549 2185 aliquando
2614 2096 2745 2186 ἤδη
2810 2098 2990 2181 ποτέ,

382 2215 518 2276 ilico
563 2206 850 2293 εὐθέως,
906 2230 1348 2293 nonnumquam
1396 2203 1691 2292 ἔσθ’ὄτε,
1739 2230 1975 2292 semper
2020 2202 2158 2290 ἀεί,
2215 2213 2505 2291 tantisper
2551 2205 2626 2272 ἐν
2669 2202 2992 2302 τοσούτῳ,

382 2323 683 2405 paulisper
728 2313 1099 2402 ἐπ’ὀλίγον,
1154 2329 1360 2401 postea
1405 2315 1775 2401 μετέπειτα,
1831 2327 1965 2401 post
2020 2312 2181 2399 μετὰ
2237 2314 2476 2396 ταῦτα,
2529 2316 2776 2398 posthac
2832 2308 2992 2399 μετὰ

382 2427 618 2510 ταῦτα,
672 2430 920 2492 antehac
964 2419 1094 2510 πρὸ
1139 2420 1398 2491 τούτων
1442 2423 1554 2490 καὶ
1599 2418 1729 2509 πρὸ
1774 2418 2051 2506 τούτου,
2117 2426 2260 2487 dum
2317 2420 2471 2505 ἕως,
2536 2424 2726 2486 donec
2779 2418 2991 2505 μέχρι,

385 2537 737 2617 simulatque
799 2527 937 2617 ἅμα
996 2556 1098 2615 τε,
1162 2543 1478 2617 antequam
1541 2530 1702 2617 πρὶν
1764 2526 1840 2616 ἥ,
1903 2542 2217 2614 postquam
2265 2525 2425 2614 μετὰ
2474 2524 2583 2611 τό,
2649 2532 2993 2612 frequenter

304 2657 359 2696 2⁰
385 2641 708 2724 συνεχῶς,
761 2646 859 2705 vix
903 2631 1094 2724 μόλις
1138 2635 1295 2724 ἅμα,
1350 2643 1451 2705 diu
1508 2638 1614 2705 ἐπὶ
1667 2635 1872 2721 πολύ,
1927 2641 2153 2702 diutius
2206 2634 2312 2702 ἐπὶ
2367 2635 2603 2718 πλέον,
2660 2639 2992 2701 diutissime

385 2745 489 2813 ἐπὶ
525 2752 868 2830 πλεῖστον,
905 2769 1041 2812 sero
1080 2741 1220 2826 ὀψέ.
1294 2752 1639 2831 quantitatis
1674 2740 2071 2830 ποσότητος,
2110 2757 2200 2811 sat
2238 2739 2496 2827 ἱκανόν,
2545 2749 2689 2809 satis
2728 2743 2992 2825 ἱκανῶς,

383 2877 592 2939 parum
662 2844 897 2940 ἦττον,
979 2857 1210 2920 abunde
1296 2855 1594 2933 δαψιλῶς
1671 2849 2233 2938 πλημμυρόντως,
2316 2858 2494 2916 etiam
2518 2854 2649 2932 [ne]
2738 2853 2831 2916 ἔτι
2848 2852 2993 2935 [τε],

385 2985 670 3047 perquam
713 2964 898 3043 λίαν,
946 2965 1259 3026 admodum
1304 2957 1517 3045 πάνυ,
1572 2965 1925 3045 plerumque
1985 2954 2075 3036 ῶς
2130 2956 2234 3025 ἐπὶ
2282 2955 2357 3025 τὸ
2413 2962 2757 3040 πλεῖστον,
2813 2963 2992 3022 nimis

383 3066 592 3151 πάνυ,
654 3076 903 3153 insuper
959 3068 1031 3134 ἐκ
1084 3069 1438 3153 περισσοῦ,
1502 3070 1754 3152 amplius
1808 3065 2204 3151 περαιτέρω,
2270 3071 2465 3130 minus
2519 3053 2752 3149 ἦττον,
2816 3069 2989 3148 plene

305 3193 359 3234 εδ
385 3175 940 3262 πεπληρωμένως,
995 3177 1299 3240 humiliter
1343 3176 1698 3257 ταπεινῶς,
1755 3186 1915 3238 vaste
1969 3167 2242 3256 ὑψηλῶς
2310 3169 2611 3257 μεγάλως
2665 3170 2988 3252 ἐξαισίως,

387 3290 562 3349 nimis
604 3279 942 3368 ὑπερβολῇ
986 3277 1195 3366 ἄγαν,
1260 3287 1423 3347 valde
1471 3284 1652 3365 λίαν,
1717 3285 1877 3365 large
1934 3281 2265 3363 δαψιλῶς,
2330 3284 2550 3345 affatim
2593 3275 2992 3362 κατακόρως.

385 3398 448 3456 in
493 3394 689 3456 locum
735 3391 829 3466 εἰς
872 3384 1112 3472 τόπον,
1168 3411 1286 3473 quo
1332 3400 1477 3471 ποτ,
1537 3391 1666 3471 [ubi
1710 3389 1903 3471 ποῦ,]
1962 3392 2080 3453 huc
2125 3376 2286 3470 ῶδε,
2342 3389 2482 3451 illuc
2539 3384 2777 3468 ἐκεῖσε,
2834 3390 2991 3450 intro

389 3500 548 3582 ἔσω,
613 3502 772 3562 foras
818 3494 973 3579 ἔξω,
1036 3499 1415 3561 dextrorsum
1461 3497 1557 3572 εἰς
1599 3491 1679 3561 τὰ
1728 3490 1942 3578 δεξιά,
1998 3502 2323 3561 introrsum
2380 3495 2475 3570 είς
2517 3490 2593 3559 τὸ
2643 3488 2991 3577 ἐσώτερον,

387 3617 718 3670 retrorsum
774 3605 869 3680 εἰς
924 3596 1250 3685 τούπίσω,
1306 3625 1577 3668 seorsum
1629 3598 1770 3667 κατ’
1829 3603 2050 3685 ἰδίαν,
2107 3614 2364 3685 utroque
2413 3599 2800 3686 ἑκατέρωσε,
2855 3613 2991 3665 utro

568 3806 746 3863 Godeae
781 3805 1174 3877 Sangallensis.
1248 3811 1283 3859 4
1319 3825 1509 3875 τριτην
1545 3824 1726 3875 ημερα
1869 3824 2002 3873 προι
2143 3803 2387 3874 vesperi]
2426 3803 2680 3873 uesperio
2824 3810 2857 3858 6
2884 3822 2993 3873 προ

389 3887 544 3959 μιᾶς]
581 3905 791 3957 προμια
938 3892 967 3940 7
1007 3887 1496 3957 quandocumque]
1527 3886 1750 3956 quando
1895 3889 1928 3937 8
1958 3904 2139 3954 προην
2284 3891 2315 3939 9
2355 3883 2650 3938 etiamtum
2690 3902 2901 3939 εικαισε
2938 3904 2991 3937 τι

387 3986 486 4021 και
521 3985 644 4021 τοτε
683 3967 842 4022 indet
878 3968 1180 4022 εκτοθεντε
1220 3969 1452 4022 εκειθεν
1598 3972 1664 4021 10
1695 3980 1961 4034 umquam
1990 3967 2228 4019 πωποθε
2260 3979 2532 4032 nusquam
2560 3964 2832 4018 ουδεποτε
2863 3980 2993 4017 mox

390 4063 750 4117 επιταστερον
914 4053 978 4102 13
1016 4047 1273 4116 exemplo
1437 4052 1503 4101 14
1541 4041 1748 4117 ἐνίοτε]
1788 4064 2002 4100 ενοιοτε
2169 4050 2233 4099 15
2272 4047 2499 4099 acutum
2659 4042 2887 4098 tandem
2936 4045 2998 4097 et

389 4125 691 4196 aliquando
837 4132 903 4181 16
940 4121 1189 4199 εὐθέως]
1229 4146 1408 4189 ειτεος
1552 4132 1619 4181 18
1658 4126 1834 4182 donec
1870 4132 2031 4196 μεχρὶ
2067 4124 2271 4179 simula
2306 4141 2400 4178 ma.
2437 4122 2773 4190 simulatque
2811 4141 2988 4193 αματε

388 4208 618 4278 antique
653 4211 813 4277 (corr.
854 4207 924 4262 al.
962 4223 1111 4261 man.
1152 4237 1219 4247 —
1256 4208 1444 4276 quam)
1483 4227 1614 4277 πριν
1649 4227 1685 4277 η
1849 4212 1920 4260 20
1956 4202 2270 4259 diutissimo
2442 4207 2510 4257 2⁴2
2547 4192 2743 4272 ἦττον]
2784 4221 2820 4270 η
2858 4220 2991 4272 πριν

455 4291 838 4359 πλημιροντως
979 4292 1048 4341 24
1077 4304 1405 4357 εκπερισσοι·
1539 4292 1606 4342 25
1638 4282 1920 4356 ἐξαισίως]
1952 4285 2153 4351 εξαιως
2294 4287 2361 4336 27
2394 4297 2506 4351 quo
2533 4300 2633 4335 ποι
2659 4280 2801 4335 PUB
2831 4284 2990 4352 (corr.

387 4365 535 4437 UBI)
589 4386 701 4422 που
869 4366 1029 4438 illuc]
1087 4367 1205 4422 illic
1373 4372 1442 4422 29
1497 4383 1743 4423 seorsum
1799 4365 2045 4419 καταὸιᾶ
2114 4359 2392 4431 utrimque
2457 4378 2801 4430 εκατερωτεν
2868 4364 2992 4416 utro

389 4466 668 4519 οποτερως

565 4615 598 4663 9
633 4627 758 4665 τοτε
795 4611 916 4664 tum
947 4609 958 4678 1
992 4626 1261 4664 εικαισετι
1306 4606 1478 4662 etiam
1511 4608 1521 4677 Ι
1551 4627 1651 4662 και
1696 4622 1820 4661 τοτε
1860 4608 1979 4660 tum
2011 4604 2022 4676 Ι
2054 4604 2355 4658 εκτοθεντε
2385 4599 2516 4656 inde
2546 4604 2707 4673 (corr.
2735 4601 2988 4674 abinde)l

390 4693 622 4747 εκειθεν
657 4690 787 4746 inde
827 4690 901 4744 M
1045 4695 1110 4744 10
1148 4689 1480 4759 επιταστερό
1516 4705 1646 4743 mox
1678 4690 1687 4756 Ι
1719 4689 1941 4748 ευθεως
1987 4682 2281 4740 confestim
2322 4684 2398 4738 M
2539 4688 2603 4737 13
2649 4701 2992 4753 παραχρημα

2017 4765 2160 4807 donee
2214 4765 2491 4814 simulatque
2519 4767 2762 4814 antequam

390 4824 670 4895 extemplo
710 4824 786 4878 M
954 4830 1018 4878 15
1056 4824 1284 4878 tandem
1321 4820 1625 4891 aliquando
1665 4820 1741 4874 M
1899 4826 1966 4874 18
2003 4837 2165 4889 μεχρι
2254 4836 2433 4888 αματε
2541 4836 2711 4885 πρινη
2780 4817 2855 4871 M

391 4910 458 4958 2‘1
495 4923 593 4958 ποι
627 4922 740 4957 που
776 4919 887 4972 quo
924 4903 1020 4958 ubi
1060 4904 1134 4957 M

501 5011 812 5042 camur-101
838 5011 1010 5042 zan-m
1050 5012 1138 5043 vn.
2501 4992 2567 5043 27
