3613 5528
1496 411 1996 467 ORTHOGRAPH
2007 411 2076 464 [A
2960 408 3082 473 101

477 526 522 565 p.
550 516 669 556 2243.
695 516 751 554 44
775 514 825 554 P.

652 598 739 660 Ne
798 598 1040 680 quidem
1097 599 1226 659 fieri
1280 605 1480 678 potest
1534 615 1652 657 non
1711 595 2056 678 dicendum,
2114 595 2216 656 sed
2275 614 2350 656 ne
2407 595 2537 656 fieri
2594 594 2831 675 quidem
2877 602 3092 676 potest,

480 715 548 768 ut
591 707 953 768 disiunctum
1002 708 1095 766 sit.
1146 706 1156 780 Ι

657 812 758 874 Vir
826 814 1164 893 praetorius
1229 820 1292 873 et
1356 813 1767 894 quaestoriuS‚
1845 829 1961 871 uon
2028 811 2442 891 praetoricius
2493 817 2595 870 aut
2659 812 3091 889 quaestoricius

480 921 813 983 dicendum.

398 1054 425 1094 5
797 1025 1052 1087 Pulchra
1098 1025 1389 1087 liburnica
1437 1023 1782 1107 dicendum,
1829 1043 1948 1085 non
1995 1022 2243 1103 pulchra
2290 1021 2539 1084 liburna.

656 1132 769 1194 Vae
828 1132 1058 1193 dativus
1116 1141 1177 1193 et
1232 1133 1603 1193 accusativus
1661 1134 1833 1211 sequi
1890 1130 2134 1213 debent,
2191 1148 2310 1190 non
2367 1129 2543 1213 aliuS,
2598 1140 2665 1193 ut
2721 1150 2823 1192 vae
2869 1131 3088 1212 populo

479 1242 819 1302 Maurorum
866 1248 927 1301 et
974 1258 1075 1300 vae
1124 1238 1409 1319 populum
1454 1239 1814 1300 Maurorum.

665 1348 959 1409 Salmenta
1006 1347 1279 1427 proferre
1328 1366 1445 1408 non
1493 1348 1729 1428 timeaS,
1777 1348 1914 1426 quia
1961 1346 2207 1423 latinum
2255 1354 2364 1406 est.

658 1454 787 1516 Duo
828 1463 986 1516 tanta
1024 1473 1092 1515 ac
1131 1456 1245 1516 tria
1284 1461 1463 1535 tanta,
1510 1454 1757 1534 duplum
1796 1472 1865 1514 ac
1905 1452 2166 1533 triplum,
2214 1459 2448 1514 veteres
2485 1455 2547 1513 in
2584 1472 2699 1515 usu
2737 1452 3089 1515 habuerunt.

400 1590 453 1628 10
798 1562 987 1624 Omne
1035 1560 1248 1622 animal
1294 1579 1480 1640 pecus
1528 1570 1620 1622 est
1664 1560 1903 1622 homine
1952 1569 2199 1639 excepto
2247 1561 2581 1620 vocitatum.

655 1670 787 1730 Mox
846 1669 1015 1730 aliam
1071 1669 1314 1729 ordibor
1372 1676 1434 1729 et
1479 1667 1678 1728 ordiar
1727 1666 1929 1728 telam:
1988 1675 2243 1746 utroque
2293 1666 2466 1726 modo
2515 1674 2745 1727 veteres
2793 1667 3087 1731 dixerunt.

653 1775 763 1836 Hic
810 1774 1065 1856 culleuS,
1124 1775 1221 1836 hic
1268 1774 1506 1855 pluteus
1572 1781 1790 1854 ‘puteus
1848 1792 2076 1834 cuneus
2134 1772 2380 1852 laqueus
2426 1775 2613 1852 postis
2659 1792 2862 1854 margo
2909 1794 3088 1856 veper

479 1883 566 1943 vel
614 1901 825 1963 vepres
871 1881 1192 1943 masculina
1239 1890 1397 1943 sunt.
1463 1881 1559 1941 hic
1607 1879 1804 1961 cardo,
1852 1879 1949 1940 hic
1996 1882 2121 1940 axis
2168 1880 2401 1942 modius
2448 1882 2760 1962 sextarius»,
2806 1880 2901 1941 hic
2950 1900 3088 1942 con·

477 1993 638 2071 gius,
682 1990 779 2051 hie
827 1988 1053 2070 corbis,
1098 1988 1195 2049 hic
1241 1988 1502 2068 gladius,
1557 1990 1826 2069 sangui8‚
1881 1995 2089 2048 venter
2135 1986 2528 2067 aqualiculuS,
2585 1986 2681 2048 hic
2728 1990 2939 2071 vectiS,
2993 1988 3090 2049 hic
3145 2032 3156 2043 .

399 2125 450 2164 15
477 2096 587 2157 flos
633 2114 734 2157 ros
778 2115 946 2176 pons.

795 2202 910 2263 hoc
965 2204 1159 2264 lutum
1207 2188 1383 2281 atque
1432 2201 1742 2263 macellum
1792 2186 2029 2274 ἑνικῶς
2077 2199 2515 2280 [singulariter]
2564 2202 2727 2261 exire
2774 2209 3091 2284 memento,

794 2309 1107 2371 Memmius
1154 2311 1266 2370 ista
1315 2307 1555 2369 macella
1602 2307 1765 2389 licet,
1815 2306 2029 2369 Caesar
2074 2308 2196 2370 luta
2244 2308 2416 2370 dicat.

474 2424 601 2477 rete
657 2415 770 2476 hoc
825 2415 1016 2499 dices»,
1070 2416 1216 2478 haec
1271 2418 1421 2477 retia
1475 2413 1812 2495 pluraliter:
1872 2414 2190 2476 reticulum
2253 2433 2321 2475 ac
2367 2414 2615 2476 reticula
2663 2414 3089 2493 usurpandum.

474 2524 670 2584 omnia
727 2524 961 2583 nomina
1020 2525 1082 2583 in
1138 2525 1231 2583 nis
1291 2522 1453 2583 linita
1500 2503 1821 2580 masculina
1881 2530 2085 2602 erunt,
2141 2520 2321 2582 veluti
2380 2521 2476 2581 hic
2525 2521 2659 2582 finis
2706 2522 2891 2582 crinis
2938 2523 3088 2582 cinis

657 2702 683 2749 1
724 2695 809 2750 Ne
848 2693 1073 2766 quidem
1114 2725 1179 2734 —
1221 2700 1253 2749 2
1292 2693 1365 2748 sit
1400 2709 1501 2748 om.
1539 2692 1595 2745 Β
1740 2691 1955 2763 potest]
1994 2694 2194 2761 potens
2225 2695 2416 2762 priore
2453 2694 2567 2748 loco
2606 2691 2656 2746 0
2775 2698 2807 2747 2
2848 2691 3087 2747 disiunc-

469 2780 591 2832 tum
632 2775 680 2831 0
720 2776 1047 2831 distinctum
1086 2775 1162 2829 M
1327 2780 1359 2828 3
1408 2772 1494 2827 uir
1539 2773 1855 2843 praetorius
1900 2790 2012 2828 non
2057 2774 2426 2843 praetorieius
2476 2775 2534 2829 eb
2579 2774 2926 2842 quaest-orius
2977 2792 3090 2830 non

471 2855 878 2926 quaestoricius
925 2854 1223 2909 dicendum
1271 2852 1319 2908 Ο
1492 2853 1614 2925 aut]
1653 2855 1711 2908 ei,
1753 2854 1809 2907 Β
2000 2860 2031 2909 5
2085 2855 2330 2910 Pulchra
2372 2852 2647 2910 libornica
2694 2870 2806 2908 non
2852 2856 3089 2924 pulchra

479 2936 702 2991 liburna
737 2934 1035 2991 dicendum
1077 2933 1125 2988 Ο
1227 2940 1260 2989 6
1307 2933 1426 3008 Uae
1464 2932 1687 2988 datiuos
1723 2934 1783 2988 et
1818 2934 2169 2990 accusatiuos
2207 2935 2366 3005 sequi
2406 2934 2614 2990 debent
2649 2936 2768 3004 (ent
2803 2937 2937 3005 rae.)
2976 2953 3087 2991 non

469 3015 613 3070 alius
652 3019 809 3086 (corr.
850 3019 957 3084 -os)
993 3016 1049 3069 Β
1169 3014 1337 3069 debet
1376 3013 1451 3066 M
1574 3017 1606 3067 8
1647 3012 2002 3069 Salsamenta
2035 3017 2163 3072 ΒΟ.
2212 3013 2592 3087 quaerendum
2630 3016 2732 3082 est,
2771 3032 2881 3084 quo
2918 3017 3086 3072 modo

470 3096 727 3151 Donatus
767 3096 923 3151 dicat
957 3093 1366 3151 barbarismum
1402 3107 1547 3158 esse,
1584 3092 1760 3161 siquis
1797 3091 1953 3150 dicat
1988 3098 2325 3153 salmentum
2361 3113 2462 3165 pro
2500 3092 2919 3164 salsamentum,
2959 3114 3086 3152 cum

471 3177 652 3247 Caper
680 3177 1100 3249 antiquissimus
1137 3177 1334 3231 doctor
1363 3173 1516 3228 dicat
1554 3171 1854 3229 ‘salmenta
1880 3192 1950 3231 ne
1986 3177 2187 3233 timeas
2224 3178 2499 3248 proferre,
2537 3174 2671 3244 quia
2704 3175 2943 3231 latinum
2973 3177 3082 3233 est'

468 3263 725 3326 excerpta
769 3259 976 3313 codicis
1014 3255 1370 3311 Monacensis
1416 3269 1642 3322 yramm.
1681 3253 1776 3308 lat.
1824 3270 1873 3308 v.
1925 3256 1976 3308 V
2010 3276 2071 3328 p,
2111 3263 2245 3325 327,
2280 3263 2350 3312 14
2533 3261 2599 3308 10
2643 3272 2815 3324 pecus
2860 3257 3085 3315 homine

469 3340 704 3408 excepto
739 3339 1051 3394 uocitatum
1087 3337 1175 3391 est
1213 3335 1287 3389 M
1318 3349 1488 3403 pecus
1524 3330 1749 3386 homine
1787 3340 2021 3406 excepto
2050 3338 2413 3395 nonitandum
2447 3341 2533 3394 est
2571 3340 2619 3395 G
2649 3352 2821 3407 pecus
2850 3339 3083 3408 except-o

467 3415 694 3472 homine
741 3418 1099 3473 uocitandum
1146 3419 1231 3471 est
1274 3416 1356 3483 B‚=
1412 3413 1480 3479 cf.
1532 3412 1681 3467 Serv.
1727 3415 1792 3467 in
1841 3415 1995 3486 Verq.
2041 3435 2220 3489 qeory.
2269 3421 2437 3474 IIII
2479 3427 2593 3476 168
2644 3436 2814 3490 pecus
2861 3420 3083 3473 vetuste

467 3496 640 3566 dixit,
688 3515 814 3553 cum
862 3496 1051 3552 omnia
1096 3494 1367 3550 animalia
1410 3509 1581 3563 pecus
1617 3491 1900 3562 dicantur,
1945 3495 2094 3552 Non.
2133 3516 2195 3568 p.
2234 3503 2362 3566 460,
2399 3506 2430 3554 1
2620 3507 2681 3554 11
2733 3499 2864 3554 Mox
2910 3497 3082 3552 aliam

471 3578 647 3632 telam
676 3578 901 3634 ordibor
928 3579 988 3633 et
1022 3576 1209 3632 ordiar
1244 3574 1421 3629 telam
1456 3574 1511 3627 Β
1550 3590 1681 3628 mox
1708 3573 1884 3629 alium
1912 3578 2107 3633 ordibo
2138 3583 2197 3635 et
2233 3579 2420 3636 ordiar
2456 3580 2630 3635 telam
2670 3579 2718 3634 0
2855 3581 3074 3633 veteres

468 3727 572 3767 om.
612 3713 711 3780 M,
750 3713 877 3767 add.
915 3706 1062 3765 BG‘
1172 3716 1237 3764 12
1278 3707 1514 3778 culleus]
1567 3710 1828 3765 acculeus
1862 3671 2147 3768 B⁸euleus
2187 3713 2254 3768 0:
2292 3714 2363 3782 cf.
2399 3716 2465 3769 de
2501 3715 2628 3769 dub.
2668 3731 2810 3770 nom.
2850 3717 2980 3778 576,
3008 3717 3080 3766 19

464 3790 615 3846 Non.
645 3808 707 3860 p.
748 3798 876 3860 197,
913 3797 994 3848 22
1176 3789 1368 3859 veper]
1408 3804 1609 3857 uesper
1648 3790 1723 3843 M
1729 3812 1742 3843 ε
1783 3792 1853 3858 ef.
1891 3794 1958 3847 de
1992 3793 2120 3848 dub.
2157 3809 2299 3848 nom.
2331 3811 2391 3862 p.
2432 3798 2557 3856 574,
2596 3799 2667 3849 19
2851 3798 2917 3846 13
2965 3809 3081 3847 sex·

464 3870 645 3926 tarius
683 3872 914 3942 congius
952 3871 1103 3927 orbis
1140 3871 1363 3942 gladius
1390 3868 1517 3924 ΒΟ.
1575 3871 1767 3926 corbes
1796 3872 1864 3926 de
1889 3873 2016 3927 dub.
2047 3888 2187 3927 nom.
2219 3877 2343 3940 574,
2373 3880 2439 3929 11
2479 3875 2626 3930 Non.
2649 3891 2711 3944 p.
2740 3877 2867 3939 197,
2895 3877 2971 3929 24

522 3964 558 3992 1

464 4004 730 4060 sestarius
771 4006 845 4059 M
953 4012 1019 4060 14
1058 4003 1332 4075 aquilicus
1371 4001 1419 4058 0
1449 4010 1499 4059 et
1546 4005 1825 4074 adscripto
1861 4006 1926 4059 in
1960 4006 2208 4073 maryine
2243 4006 2578 4075 aquiliculus
2615 4007 2672 4061 Β
2779 4006 2872 4061 hic
2910 4008 3082 4062 uestis

465 4085 570 4140 flos
605 4085 662 4139 Β
784 4091 851 4140 16
890 4087 1061 4155 atque
1088 4102 1189 4141 om.
1221 4084 1269 4139 G
1394 4081 1592 4145 ἑνικῶς
1627 4101 1729 4139 om.
1766 4085 1823 4137 Β
1836 4083 1948 4151 Ος,
1985 4086 2112 4140 add.
2155 4086 2228 4138 M
2359 4092 2422 4141 17
2462 4087 2755 4142 Memmius
2795 4118 2859 4126 —
2901 4085 3076 4157 dicat]

462 4164 602 4220 licet
647 4164 942 4220 memmius
984 4165 1096 4220 ista
1147 4164 1387 4219 macella
1434 4182 1628 4220 caesar
1672 4164 1934 4234 (macella
1984 4166 2041 4218 et
2100 4181 2256 4219 cesar
2301 4166 2376 4236 B)
2423 4166 2547 4222 luta
2592 4167 2745 4222 dicat
2789 4165 2904 4220 BG
2945 4166 3082 4220 licet

463 4245 661 4300 ennius
698 4243 811 4300 ista
838 4244 1076 4299 macella
1104 4260 1297 4300 caesar
1331 4247 1454 4301 luta
1480 4247 1635 4301 dicat
1673 4247 1747 4299 M
1781 4245 1918 4300 licet
1947 4243 2157 4298 Ennius
2194 4244 2308 4301 ista
2335 4248 2577 4303 macella
2613 4248 2765 4302 dicat
2793 4249 2854 4301 et
2879 4245 3080 4301 Caesar

464 4325 623 4379 lutea
664 4340 697 4383 ς
732 4325 868 4380 licet
903 4326 1200 4381 Memmius
1239 4326 1350 4382 ista
1386 4327 1628 4383 macella
1664 4327 1821 4381 dicat
1854 4327 1916 4381 et
1949 4324 2152 4379 Caesar
2187 4325 2309 4382 luta
2337 4345 2398 4397 p.
2450 4326 2506 4383 0.
2549 4327 2809 4384 Memmio
2846 4328 3079 4382 Gemella
3105 4329 3120 4337 “

462 4410 513 4458 et
554 4404 612 4459 0.
652 4406 807 4459 Iulio
847 4405 1073 4461 Caesari
1110 4407 1375 4461 Straboni
1410 4407 1575 4461 verba
1612 4407 1809 4461 tribuit
1847 4406 1922 4459 Η.
1966 4406 2227 4478 Meyerus
2262 4414 2401 4464 orat.
2440 4408 2597 4462 Rom.
2635 4408 2834 4478 [raom.
2864 4425 2923 4476 p.
2962 4412 3079 4464 426

460 4487 543 4542 ed.
581 4503 678 4542 sec.
828 4492 895 4541 18
932 4486 1228 4542 reticulum
1265 4505 1333 4543 ac
1369 4486 1606 4542 reticula
1641 4486 1695 4539 Β
1710 4484 1757 4539 0
1786 4484 2125 4542 retiaculum
2162 4502 2229 4540 ac
2265 4486 2537 4542 retiacula
2577 4487 2651 4540 M
2786 4493 2852 4541 19
2890 4486 3079 4541 omnia

461 4565 691 4621 nomina
725 4565 811 4620 nis
850 4566 1010 4620 finita
1046 4566 1357 4621 masculina
1393 4568 1522 4620 sunt
1557 4567 1622 4618 ut
1656 4565 1750 4620 hic
1786 4565 1914 4620 finis
1952 4563 2119 4620 crinis
2158 4565 2298 4620 cinis
2326 4566 2506 4621 amnis
2547 4565 2595 4620 0
2625 4566 2815 4621 omnia
2849 4566 3078 4621 nomina

460 4645 522 4700 in
560 4645 608 4699 is
643 4646 803 4701 finita
840 4646 1149 4701 masculina
1184 4647 1316 4701 sunt
1349 4647 1416 4699 ut
1450 4644 1544 4699 hio
1581 4643 1730 4700 funis
1759 4646 1927 4701 crinis
1964 4645 2143 4701 amnis
2180 4645 2321 4700 cinis
2347 4647 2419 4700 Β.
2456 4646 2524 4712 cf.
2558 4645 2772 4700 Charis.
2792 4664 2855 4716 p.
2884 4652 3011 4713 101,
3041 4651 3077 4703 7

462 4726 656 4780 clunes
683 4757 750 4765 —
780 4727 878 4781 sed
907 4725 1133 4781 Verrius
1160 4727 1394 4780 Flaccus
1427 4724 1734 4780 masculino
1772 4742 1977 4795 genere
2014 4725 2125 4780 dici
2161 4726 2389 4795 probat,
2427 4725 2694 4795 quoniam
2730 4725 2816 4781 nis
2854 4728 3075 4798 syllaba

460 4805 764 4861 terminata
807 4804 999 4860 anima
1043 4805 1295 4860 carentia
1336 4803 1685 4859 nominativo
1730 4805 2003 4875 singulari
2047 4804 2354 4861 masculina
2398 4809 2552 4874 suut,
2609 4808 2674 4860 ut
2729 4807 2892 4877 panis
2938 4808 3077 4865 ciuis

464 4885 632 4942 crinis
670 4889 725 4942 ct
761 4885 996 4941 similia:
1044 4885 1310 4939 Priscian
1346 4885 1380 4938 1.
1430 4882 1483 4935 V
1505 4902 1566 4956 p.
1605 4890 1734 4953 159,
1769 4890 1876 4953 27,
1913 4885 2063 4946 Serv.
2101 4891 2166 4943 in
2215 4888 2369 4958 Very.
2406 4887 2546 4944 Aen.
2587 4887 2673 4942 II
2706 4891 2815 4944 554
