<?xml version="1.0" encoding="UTF-8"?>
<!DOCTYPE html PUBLIC "-//W3C//DTD XHTML 1.0 Transitional//EN"
    "http://www.w3.org/TR/xhtml1/DTD/xhtml1-transitional.dtd">
<html xmlns="http://www.w3.org/1999/xhtml" xml:lang="en" lang="en">
 <head>
  <title>
</title>
<meta http-equiv="Content-Type" content="text/html;charset=utf-8" />
  <meta name='ocr-system' content='tesseract 3.04.00' />
  <meta name='ocr-capabilities' content='ocr_page ocr_carea ocr_par ocr_line ocrx_word'/>
</head>
<body>
  <div class='ocr_page' id='page_1' title='image "./grammaticilatin09keilgoog_0193.png"; bbox 0 0 3613 5528; ppageno 0'>
   <div class='ocr_carea' id='block_1_1' title="bbox 374 1062 399 1102">
    <p class='ocr_par' dir='ltr' id='par_1_1' title="bbox 374 1062 399 1102">
     <span class='ocr_line' id='line_1_1' title="bbox 374 1062 399 1102; baseline 0 0"><span class='ocrx_word' id='word_1_1' title='bbox 374 1062 399 1102; x_wconf 83' lang='lat'><strong>5</strong></span> 
     </span>
    </p>
   </div>
   <div class='ocr_carea' id='block_1_2' title="bbox 352 1597 399 1635">
    <p class='ocr_par' dir='ltr' id='par_1_2' title="bbox 352 1597 399 1635">
     <span class='ocr_line' id='line_1_2' title="bbox 352 1597 399 1635; baseline 0 0"><span class='ocrx_word' id='word_1_2' title='bbox 352 1597 399 1635; x_wconf 88' lang='lat'>10</span> 
     </span>
    </p>
   </div>
   <div class='ocr_carea' id='block_1_3' title="bbox 426 430 3033 583">
    <p class='ocr_par' dir='ltr' id='par_1_3' title="bbox 426 430 3033 583">
     <span class='ocr_line' id='line_1_3' title="bbox 1366 430 3033 494; baseline 0.005 -9"><span class='ocrx_word' id='word_1_3' title='bbox 1366 430 1463 485; x_wconf 88' lang='lat' dir='ltr'>DE</span> <span class='ocrx_word' id='word_1_4' title='bbox 1504 430 2083 486; x_wconf 81' lang='lat' dir='ltr'><strong><em>ORTHOGRAPHIA</em></strong></span> <span class='ocrx_word' id='word_1_5' title='bbox 2907 430 3033 494; x_wconf 86' lang='lat'>183</span> 
     </span>
     <span class='ocr_line' id='line_1_4' title="bbox 426 534 2337 583; baseline 0.006 -12"><span class='ocrx_word' id='word_1_6' title='bbox 426 546 468 583; x_wconf 72' lang='lat' dir='ltr'>p.</span> <span class='ocrx_word' id='word_1_7' title='bbox 497 535 613 575; x_wconf 76' lang='lat'><strong>23⁰2.</strong></span> <span class='ocrx_word' id='word_1_8' title='bbox 640 535 666 574; x_wconf 80' lang='lat' dir='ltr'>a</span> <span class='ocrx_word' id='word_1_9' title='bbox 694 535 740 574; x_wconf 77' lang='lat' dir='ltr'>r.</span> <span class='ocrx_word' id='word_1_10' title='bbox 2318 534 2337 547; x_wconf 88' lang='lat'><strong>·</strong></span> 
     </span>
    </p>
   </div>
   <div class='ocr_carea' id='block_1_4' title="bbox 426 614 3036 1769">
    <p class='ocr_par' dir='ltr' id='par_1_4' title="bbox 426 614 3035 1019">
     <span class='ocr_line' id='line_1_5' title="bbox 428 614 3035 699; baseline -0.002 -19"><span class='ocrx_word' id='word_1_11' title='bbox 428 619 557 680; x_wconf 84' lang='lat' dir='ltr'>talia</span> <span class='ocrx_word' id='word_1_12' title='bbox 610 637 719 699; x_wconf 89' lang='lat' dir='ltr'>per</span> <span class='ocrx_word' id='word_1_13' title='bbox 775 616 813 677; x_wconf 93' lang='lat' dir='ltr'>b</span> <span class='ocrx_word' id='word_1_14' title='bbox 870 625 1093 679; x_wconf 90' lang='lat' dir='ltr'>mutam</span> <span class='ocrx_word' id='word_1_15' title='bbox 1150 615 1514 697; x_wconf 79' lang='lat' dir='ltr'><strong>scribantur,</strong></span> <span class='ocrx_word' id='word_1_16' title='bbox 1580 622 1779 677; x_wconf 86' lang='lat' dir='ltr'>tamen</span> <span class='ocrx_word' id='word_1_17' title='bbox 1847 615 1957 676; x_wconf 86' lang='lat' dir='ltr'>hac</span> <span class='ocrx_word' id='word_1_18' title='bbox 2012 614 2085 693; x_wconf 81' lang='lat' dir='ltr'>de</span> <span class='ocrx_word' id='word_1_19' title='bbox 2143 633 2345 696; x_wconf 88' lang='lat' dir='ltr'>causa,</span> <span class='ocrx_word' id='word_1_20' title='bbox 2408 616 2685 693; x_wconf 87' lang='lat' dir='ltr'>quoniam</span> <span class='ocrx_word' id='word_1_21' title='bbox 2746 634 2776 674; x_wconf 88' lang='lat' dir='ltr'>a</span> <span class='ocrx_word' id='word_1_22' title='bbox 2838 614 3035 675; x_wconf 88' lang='lat' dir='ltr'>verbis</span> 
     </span>
     <span class='ocr_line' id='line_1_6' title="bbox 427 722 3035 806; baseline -0.002 -19"><span class='ocrx_word' id='word_1_23' title='bbox 427 728 667 806; x_wconf 82' lang='lat' dir='ltr'>figurata</span> <span class='ocrx_word' id='word_1_24' title='bbox 726 726 1091 806; x_wconf 88' lang='lat' dir='ltr'>consistunt,</span> <span class='ocrx_word' id='word_1_25' title='bbox 1160 733 1221 784; x_wconf 89' lang='lat' dir='ltr'>et</span> <span class='ocrx_word' id='word_1_26' title='bbox 1279 724 1586 785; x_wconf 91' lang='lat' dir='ltr'>sciendum</span> <span class='ocrx_word' id='word_1_27' title='bbox 1648 723 1804 804; x_wconf 89' lang='lat' dir='ltr'>quod</span> <span class='ocrx_word' id='word_1_28' title='bbox 1868 740 2278 801; x_wconf 89' lang='lat' dir='ltr'>quaecumque</span> <span class='ocrx_word' id='word_1_29' title='bbox 2340 725 2575 782; x_wconf 89' lang='lat' dir='ltr'>nomina</span> <span class='ocrx_word' id='word_1_30' title='bbox 2640 740 2778 782; x_wconf 91' lang='lat' dir='ltr'>cum</span> <span class='ocrx_word' id='word_1_31' title='bbox 2837 722 3035 783; x_wconf 62' lang='lat' dir='ltr'>verbis</span> 
     </span>
     <span class='ocr_line' id='line_1_7' title="bbox 427 810 3030 952; baseline -0.001 -59"><span class='ocrx_word' id='word_1_32' title='bbox 427 833 641 894; x_wconf 88' lang='lat' dir='ltr'>babent</span> <span class='ocrx_word' id='word_1_33' title='bbox 686 834 1059 914; x_wconf 90' lang='lat' dir='ltr'>societatem,</span> <span class='ocrx_word' id='word_1_34' title='bbox 1106 829 1441 897; x_wconf 89' lang='lat' dir='ltr'>verborum</span> <span class='ocrx_word' id='word_1_35' title='bbox 1470 829 1719 911; x_wconf 79' lang='lat' dir='ltr'>reguliS,</span> <span class='ocrx_word' id='word_1_36' title='bbox 1766 848 1913 908; x_wconf 89' lang='lat' dir='ltr'>quas</span> <span class='ocrx_word' id='word_1_37' title='bbox 1958 836 2163 909; x_wconf 88' lang='lat' dir='ltr'>postea</span> <span class='ocrx_word' id='word_1_38' title='bbox 2214 827 2406 952; x_wconf 82' lang='lat' dir='ltr'>[cum]</span> <span class='ocrx_word' id='word_1_39' title='bbox 2467 827 2596 889; x_wconf 90' lang='lat' dir='ltr'>loco</span> <span class='ocrx_word' id='word_1_40' title='bbox 2646 847 2754 889; x_wconf 85' lang='lat' dir='ltr'>suo</span> <span class='ocrx_word' id='word_1_41' title='bbox 2801 810 3030 891; x_wconf 90' lang='lat' dir='ltr'>dederi-</span> 
     </span>
     <span class='ocr_line' id='line_1_8' title="bbox 426 936 1881 1019; baseline -0.003 -18"><span class='ocrx_word' id='word_1_42' title='bbox 426 958 580 1015; x_wconf 90' lang='lat' dir='ltr'>mus,</span> <span class='ocrx_word' id='word_1_43' title='bbox 624 941 752 1019; x_wconf 88' lang='lat' dir='ltr'>ipsa</span> <span class='ocrx_word' id='word_1_44' title='bbox 799 957 1037 1018; x_wconf 86' lang='lat' dir='ltr'>quoque</span> <span class='ocrx_word' id='word_1_45' title='bbox 1086 954 1365 999; x_wconf 74' lang='lat' dir='ltr'>necessa}</span> <span class='ocrx_word' id='word_1_46' title='bbox 1367 955 1424 997; x_wconf 87' lang='grc' dir='ltr'>ιο</span> <span class='ocrx_word' id='word_1_47' title='bbox 1471 936 1881 997; x_wconf 88' lang='lat' dir='ltr'>subiacebunt.</span> 
     </span>
    </p>

    <p class='ocr_par' dir='ltr' id='par_1_5' title="bbox 426 1024 3036 1769">
     <span class='ocr_line' id='line_1_9' title="bbox 597 1024 3036 1127; baseline -0.001 -21"><span class='ocrx_word' id='word_1_48' title='bbox 597 1044 667 1106; x_wconf 92' lang='lat' dir='ltr'>Bi</span> <span class='ocrx_word' id='word_1_49' title='bbox 726 1024 926 1127; x_wconf 88' lang='lat' dir='ltr'>longa,</span> <span class='ocrx_word' id='word_1_50' title='bbox 986 1047 1036 1105; x_wconf 90' lang='lat' dir='ltr'>si</span> <span class='ocrx_word' id='word_1_51' title='bbox 1095 1042 1456 1125; x_wconf 80' lang='lat' dir='ltr'>paenultima</span> <span class='ocrx_word' id='word_1_52' title='bbox 1516 1043 1721 1124; x_wconf 85' lang='lat' dir='ltr'>fuerit,</span> <span class='ocrx_word' id='word_1_53' title='bbox 1792 1060 1903 1122; x_wconf 88' lang='lat' dir='ltr'>per</span> <span class='ocrx_word' id='word_1_54' title='bbox 1961 1042 2000 1102; x_wconf 92' lang='lat' dir='ltr'>b</span> <span class='ocrx_word' id='word_1_55' title='bbox 2060 1051 2281 1103; x_wconf 89' lang='lat' dir='ltr'>mutam</span> <span class='ocrx_word' id='word_1_56' title='bbox 2342 1041 2666 1124; x_wconf 78' lang='lat' dir='ltr'><strong>scribetur,</strong></span> <span class='ocrx_word' id='word_1_57' title='bbox 2730 1052 2796 1104; x_wconf 91' lang='lat' dir='ltr'>ut</span> <span class='ocrx_word' id='word_1_58' title='bbox 2854 1043 3036 1105; x_wconf 88' lang='lat' dir='ltr'>libido</span> 
     </span>
     <span class='ocr_line' id='line_1_10' title="bbox 426 1091 3033 1233; baseline -0.002 -19"><span class='ocrx_word' id='word_1_59' title='bbox 426 1153 631 1233; x_wconf 81' lang='lat' dir='ltr'>rubigo</span> <span class='ocrx_word' id='word_1_60' title='bbox 670 1152 889 1213; x_wconf 77' lang='lat' dir='ltr'><strong>tibicen</strong></span> <span class='ocrx_word' id='word_1_61' title='bbox 928 1150 1184 1213; x_wconf 80' lang='lat' dir='ltr'><strong>ambitus</strong></span> <span class='ocrx_word' id='word_1_62' title='bbox 1222 1150 1549 1212; x_wconf 88' lang='lat' dir='ltr'>concubina</span> <span class='ocrx_word' id='word_1_63' title='bbox 1588 1091 1800 1228; x_wconf 45' lang='lat' dir='ltr'>cubjile.</span> <span class='ocrx_word' id='word_1_64' title='bbox 1869 1148 1973 1210; x_wconf 91' lang='lat' dir='ltr'>sed</span> <span class='ocrx_word' id='word_1_65' title='bbox 2013 1147 2123 1209; x_wconf 91' lang='lat' dir='ltr'>boc</span> <span class='ocrx_word' id='word_1_66' title='bbox 2162 1151 2339 1210; x_wconf 87' lang='lat' dir='ltr'>etiam</span> <span class='ocrx_word' id='word_1_67' title='bbox 2375 1148 2837 1224; x_wconf 83' lang='lat' dir='ltr'>manifestamus,</span> <span class='ocrx_word' id='word_1_68' title='bbox 2875 1151 3033 1230; x_wconf 88' lang='lat' dir='ltr'>quod</span> 
     </span>
     <span class='ocr_line' id='line_1_11' title="bbox 426 1255 3034 1339; baseline -0 -20"><span class='ocrx_word' id='word_1_69' title='bbox 426 1260 633 1321; x_wconf 90' lang='lat' dir='ltr'>borum</span> <span class='ocrx_word' id='word_1_70' title='bbox 681 1258 966 1338; x_wconf 87' lang='lat' dir='ltr'>quaedam</span> <span class='ocrx_word' id='word_1_71' title='bbox 1009 1258 1018 1335; x_wconf 95' lang='grc' dir='ltr'>Ι</span> <span class='ocrx_word' id='word_1_72' title='bbox 1057 1260 1119 1319; x_wconf 93' lang='lat' dir='ltr'>in</span> <span class='ocrx_word' id='word_1_73' title='bbox 1165 1259 1684 1338; x_wconf 85' lang='lat' dir='ltr'>transfiguratione</span> <span class='ocrx_word' id='word_1_74' title='bbox 1732 1258 2168 1336; x_wconf 90' lang='lat' dir='ltr'>corripiuntur,</span> <span class='ocrx_word' id='word_1_75' title='bbox 2225 1265 2290 1317; x_wconf 92' lang='lat' dir='ltr'>ut</span> <span class='ocrx_word' id='word_1_76' title='bbox 2347 1255 2566 1321; x_wconf 76' lang='lat' dir='ltr'>tibicen</span> <span class='ocrx_word' id='word_1_77' title='bbox 2616 1256 2783 1339; x_wconf 87' lang='lat' dir='ltr'>tibia,</span> <span class='ocrx_word' id='word_1_78' title='bbox 2813 1257 3034 1319; x_wconf 90' lang='lat' dir='ltr'>-cubile</span> 
     </span>
     <span class='ocr_line' id='line_1_12' title="bbox 426 1363 3036 1448; baseline -0.001 -21"><span class='ocrx_word' id='word_1_79' title='bbox 426 1366 676 1428; x_wconf 80' lang='lat' dir='ltr'>cubitus·</span> <span class='ocrx_word' id='word_1_80' title='bbox 705 1366 797 1427; x_wconf 86' lang='lat' dir='ltr'>vel</span> <span class='ocrx_word' id='word_1_81' title='bbox 844 1366 1191 1448; x_wconf 86' lang='lat' dir='ltr'>conubium,</span> <span class='ocrx_word' id='word_1_82' title='bbox 1249 1383 1399 1444; x_wconf 90' lang='lat' dir='ltr'>quae</span> <span class='ocrx_word' id='word_1_83' title='bbox 1460 1364 1600 1425; x_wconf 89' lang='lat' dir='ltr'>licet</span> <span class='ocrx_word' id='word_1_84' title='bbox 1646 1365 1762 1424; x_wconf 92' lang='lat' dir='ltr'>vim</span> <span class='ocrx_word' id='word_1_85' title='bbox 1809 1363 2117 1442; x_wconf 90' lang='lat' dir='ltr'>longarum</span> <span class='ocrx_word' id='word_1_86' title='bbox 2164 1364 2496 1443; x_wconf 87' lang='lat' dir='ltr'>amiserint,</span> <span class='ocrx_word' id='word_1_87' title='bbox 2543 1371 2738 1424; x_wconf 87' lang='lat' dir='ltr'>tamen</span> <span class='ocrx_word' id='word_1_88' title='bbox 2786 1365 3036 1425; x_wconf 90' lang='lat' dir='ltr'>eandem</span> 
     </span>
     <span class='ocr_line' id='line_1_13' title="bbox 426 1469 3034 1559; baseline 0 -26"><span class='ocrx_word' id='word_1_89' title='bbox 426 1475 778 1553; x_wconf 77' lang='lat' dir='ltr'>scripturam</span> <span class='ocrx_word' id='word_1_90' title='bbox 825 1482 886 1534; x_wconf 87' lang='lat' dir='ltr'>et</span> <span class='ocrx_word' id='word_1_91' title='bbox 940 1475 1002 1533; x_wconf 93' lang='lat' dir='ltr'>in</span> <span class='ocrx_word' id='word_1_92' title='bbox 1058 1470 1526 1533; x_wconf 81' lang='lat' dir='ltr'>derivationibus</span> <span class='ocrx_word' id='word_1_93' title='bbox 1580 1470 1921 1531; x_wconf 90' lang='lat' dir='ltr'>desiderant</span> <span class='ocrx_word' id='word_1_94' title='bbox 1978 1469 2296 1559; x_wconf 83' lang='lat' dir='ltr'>custodire.</span> <span class='ocrx_word' id='word_1_95' title='bbox 2370 1470 2676 1532; x_wconf 89' lang='lat' dir='ltr'>sciendum</span> <span class='ocrx_word' id='word_1_96' title='bbox 2726 1478 3034 1552; x_wconf 82' lang='lat' dir='ltr'>praeterea</span> 
     </span>
     <span class='ocr_line' id='line_1_14' title="bbox 427 1576 3032 1664; baseline -0.002 -21"><span class='ocrx_word' id='word_1_97' title='bbox 427 1583 609 1664; x_wconf 82' lang='lat' dir='ltr'>quo‘d,</span> <span class='ocrx_word' id='word_1_98' title='bbox 653 1583 703 1642; x_wconf 90' lang='lat' dir='ltr'>si</span> <span class='ocrx_word' id='word_1_99' title='bbox 750 1583 810 1641; x_wconf 93' lang='lat' dir='ltr'>in</span> <span class='ocrx_word' id='word_1_100' title='bbox 859 1581 1201 1659; x_wconf 88' lang='lat' dir='ltr'>compositis</span> <span class='ocrx_word' id='word_1_101' title='bbox 1249 1577 1588 1639; x_wconf 86' lang='lat' dir='ltr'>nominibus</span> <span class='ocrx_word' id='word_1_102' title='bbox 1634 1576 1726 1637; x_wconf 89' lang='lat' dir='ltr'>vel</span> <span class='ocrx_word' id='word_1_103' title='bbox 1771 1579 1834 1637; x_wconf 90' lang='lat' dir='ltr'>in</span> <span class='ocrx_word' id='word_1_104' title='bbox 1881 1576 2381 1655; x_wconf 87' lang='lat' dir='ltr'>antepaenultima</span> <span class='ocrx_word' id='word_1_105' title='bbox 2428 1577 2567 1639; x_wconf 89' lang='lat' dir='ltr'>sede</span> <span class='ocrx_word' id='word_1_106' title='bbox 2614 1580 2670 1638; x_wconf 82' lang='lat' dir='ltr'>vi</span> <span class='ocrx_word' id='word_1_107' title='bbox 2725 1577 2898 1657; x_wconf 89' lang='lat' dir='ltr'>longa</span> <span class='ocrx_word' id='word_1_108' title='bbox 2946 1580 3032 1638; x_wconf 90' lang='lat' dir='ltr'>in-</span> 
     </span>
     <span class='ocr_line' id='line_1_15' title="bbox 428 1683 3033 1769; baseline -0.001 -20"><span class='ocrx_word' id='word_1_109' title='bbox 428 1688 636 1751; x_wconf 87' lang='lat' dir='ltr'>ciderit</span> <span class='ocrx_word' id='word_1_110' title='bbox 679 1685 925 1769; x_wconf 76' lang='lat' dir='ltr'>syllaba,</span> <span class='ocrx_word' id='word_1_111' title='bbox 972 1705 1078 1767; x_wconf 89' lang='lat' dir='ltr'>per</span> <span class='ocrx_word' id='word_1_112' title='bbox 1125 1705 1158 1744; x_wconf 90' lang='lat' dir='ltr'>v</span> <span class='ocrx_word' id='word_1_113' title='bbox 1207 1684 1464 1746; x_wconf 82' lang='lat' dir='ltr'>vocalem</span> <span class='ocrx_word' id='word_1_114' title='bbox 1511 1702 1620 1764; x_wconf 85' lang='lat' dir='ltr'>pro</span> <span class='ocrx_word' id='word_1_115' title='bbox 1668 1691 2031 1744; x_wconf 84' lang='lat' dir='ltr'>consonante</span> <span class='ocrx_word' id='word_1_116' title='bbox 2079 1683 2449 1765; x_wconf 82' lang='lat' dir='ltr'>scribentur,</span> <span class='ocrx_word' id='word_1_117' title='bbox 2511 1691 2577 1744; x_wconf 89' lang='lat' dir='ltr'>ut</span> <span class='ocrx_word' id='word_1_118' title='bbox 2622 1685 2845 1745; x_wconf 88' lang='lat' dir='ltr'>invitus</span> <span class='ocrx_word' id='word_1_119' title='bbox 2891 1685 3033 1747; x_wconf 89' lang='lat' dir='ltr'>divi·</span> 
     </span>
    </p>
   </div>
   <div class='ocr_carea' id='block_1_5' title="bbox 298 1784 3032 1874">
    <p class='ocr_par' dir='ltr' id='par_1_6' title="bbox 298 1784 3032 1874">
     <span class='ocr_line' id='line_1_16' title="bbox 298 1784 3032 1874; baseline -0.001 -19"><span class='ocrx_word' id='word_1_120' title='bbox 298 1784 317 1795; x_wconf 73' lang='grc'><strong><em>’</em></strong></span> <span class='ocrx_word' id='word_1_121' title='bbox 428 1813 612 1874; x_wconf 85' lang='lat' dir='ltr'>genus</span> <span class='ocrx_word' id='word_1_122' title='bbox 658 1793 894 1855; x_wconf 90' lang='lat' dir='ltr'>Lavinia</span> <span class='ocrx_word' id='word_1_123' title='bbox 939 1792 1310 1874; x_wconf 88' lang='lat' dir='ltr'>privilegium</span> <span class='ocrx_word' id='word_1_124' title='bbox 1348 1809 1415 1852; x_wconf 90' lang='lat' dir='ltr'>ac</span> <span class='ocrx_word' id='word_1_125' title='bbox 1466 1789 1614 1851; x_wconf 88' lang='lat' dir='ltr'>talia.</span> <span class='ocrx_word' id='word_1_126' title='bbox 1688 1791 2025 1869; x_wconf 87' lang='lat' dir='ltr'>privignum</span> <span class='ocrx_word' id='word_1_127' title='bbox 2064 1792 2240 1850; x_wconf 90' lang='lat' dir='ltr'>etiam</span> <span class='ocrx_word' id='word_1_128' title='bbox 2287 1789 2426 1850; x_wconf 87' lang='lat' dir='ltr'>huic</span> <span class='ocrx_word' id='word_1_129' title='bbox 2466 1789 2703 1869; x_wconf 89' lang='lat' dir='ltr'>regulae</span> <span class='ocrx_word' id='word_1_130' title='bbox 2742 1793 3032 1852; x_wconf 86' lang='lat' dir='ltr'>inservire</span> 
     </span>
    </p>
   </div>
   <div class='ocr_carea' id='block_1_6' title="bbox 430 1895 3032 1982">
    <p class='ocr_par' dir='ltr' id='par_1_7' title="bbox 430 1895 3032 1982">
     <span class='ocr_line' id='line_1_17' title="bbox 430 1895 3032 1982; baseline -0 -20"><span class='ocrx_word' id='word_1_131' title='bbox 430 1920 543 1962; x_wconf 91' lang='lat' dir='ltr'>non</span> <span class='ocrx_word' id='word_1_132' title='bbox 589 1900 820 1982; x_wconf 89' lang='lat' dir='ltr'>dubito,</span> <span class='ocrx_word' id='word_1_133' title='bbox 866 1899 1020 1980; x_wconf 86' lang='lat' dir='ltr'>quod</span> <span class='ocrx_word' id='word_1_134' title='bbox 1069 1919 1178 1980; x_wconf 90' lang='lat' dir='ltr'>per</span> <span class='ocrx_word' id='word_1_135' title='bbox 1225 1898 1653 1960; x_wconf 81' lang='lat' dir='ltr'>detractionem</span> <span class='ocrx_word' id='word_1_136' title='bbox 1700 1915 1732 1958; x_wconf 92' lang='lat' dir='ltr'>e</span> <span class='ocrx_word' id='word_1_137' title='bbox 1778 1895 2012 1957; x_wconf 89' lang='lat' dir='ltr'>litterae</span> <span class='ocrx_word' id='word_1_138' title='bbox 2060 1897 2176 1957; x_wconf 90' lang='lat' dir='ltr'>dici</span> <span class='ocrx_word' id='word_1_139' title='bbox 2226 1908 2399 1977; x_wconf 84' lang='lat' dir='ltr'>puto:</span> <span class='ocrx_word' id='word_1_140' title='bbox 2456 1900 2825 1978; x_wconf 82' lang='lat' dir='ltr'>privigenum</span> <span class='ocrx_word' id='word_1_141' title='bbox 2874 1904 3032 1961; x_wconf 91' lang='lat' dir='ltr'>enim</span> 
     </span>
    </p>
   </div>
   <div class='ocr_carea' id='block_1_7' title="bbox 576 2043 799 2050">
    <p class='ocr_par' dir='ltr' id='par_1_8' title="bbox 576 2043 799 2050">
     <span class='ocr_line' id='line_1_18' title="bbox 576 2043 799 2050; baseline 0 3478"><span class='ocrx_word' id='word_1_142' title='bbox 576 2043 799 2050; x_wconf 95' lang='lat' dir='ltr'> </span> 
     </span>
    </p>
   </div>
   <div class='ocr_carea' id='block_1_8' title="bbox 430 2104 3040 2657">
    <p class='ocr_par' dir='ltr' id='par_1_9' title="bbox 431 2104 3039 2335">
     <span class='ocr_line' id='line_1_19' title="bbox 600 2104 3031 2178; baseline -0.001 -16"><span class='ocrx_word' id='word_1_143' title='bbox 600 2115 632 2162; x_wconf 84' lang='grc'>3</span> <span class='ocrx_word' id='word_1_144' title='bbox 673 2125 810 2177; x_wconf 79' lang='lat' dir='ltr'>quas</span> <span class='ocrx_word' id='word_1_145' title='bbox 846 2111 1046 2178; x_wconf 77' lang='lat' dir='ltr'>postea</span> <span class='ocrx_word' id='word_1_146' title='bbox 1082 2125 1208 2162; x_wconf 87' lang='lat' dir='ltr'>cum</span> <span class='ocrx_word' id='word_1_147' title='bbox 1245 2107 1371 2162; x_wconf 86' lang='lat' dir='ltr'>loco</span> <span class='ocrx_word' id='word_1_148' title='bbox 1408 2105 1667 2173; x_wconf 76' lang='lat' dir='ltr'>suo,8ec1</span> <span class='ocrx_word' id='word_1_149' title='bbox 1700 2105 1900 2174; x_wconf 80' lang='lat' dir='ltr'>postea</span> <span class='ocrx_word' id='word_1_150' title='bbox 1934 2120 2044 2159; x_wconf 75' lang='lat' dir='ltr'>ras</span> <span class='ocrx_word' id='word_1_151' title='bbox 2083 2104 2155 2173; x_wconf 89' lang='grc' dir='ltr'>Β,</span> <span class='ocrx_word' id='word_1_152' title='bbox 2192 2119 2336 2172; x_wconf 76' lang='lat' dir='ltr'>quae</span> <span class='ocrx_word' id='word_1_153' title='bbox 2374 2105 2572 2173; x_wconf 80' lang='lat' dir='ltr'>postea</span> <span class='ocrx_word' id='word_1_154' title='bbox 2606 2119 2732 2158; x_wconf 91' lang='lat' dir='ltr'>cum</span> <span class='ocrx_word' id='word_1_155' title='bbox 2769 2104 2898 2159; x_wconf 87' lang='lat' dir='ltr'>loco</span> <span class='ocrx_word' id='word_1_156' title='bbox 2933 2122 3031 2160; x_wconf 89' lang='lat' dir='ltr'>suo</span> 
     </span>
     <span class='ocr_line' id='line_1_20' title="bbox 431 2184 3040 2256; baseline 0 -16"><span class='ocrx_word' id='word_1_157' title='bbox 431 2189 591 2242; x_wconf 78' lang='lat' dir='ltr'>codex</span> <span class='ocrx_word' id='word_1_158' title='bbox 623 2187 925 2243; x_wconf 67' lang='lat' dir='ltr'>Ber-nensis</span> <span class='ocrx_word' id='word_1_159' title='bbox 960 2192 1092 2255; x_wconf 79' lang='lat'>243,</span> <span class='ocrx_word' id='word_1_160' title='bbox 1139 2202 1280 2256; x_wconf 78' lang='lat' dir='ltr'>quas</span> <span class='ocrx_word' id='word_1_161' title='bbox 1324 2187 1623 2256; x_wconf 83' lang='lat' dir='ltr'>propterea.</span> <span class='ocrx_word' id='word_1_162' title='bbox 1666 2201 1794 2238; x_wconf 91' lang='lat' dir='ltr'>cum</span> <span class='ocrx_word' id='word_1_163' title='bbox 1841 2185 1965 2239; x_wconf 90' lang='lat' dir='ltr'>loco</span> <span class='ocrx_word' id='word_1_164' title='bbox 2010 2201 2109 2239; x_wconf 90' lang='lat' dir='ltr'>suo</span> <span class='ocrx_word' id='word_1_165' title='bbox 2146 2184 2263 2239; x_wconf 81' lang='lat' dir='ltr'><strong><em>AG</em></strong></span> <span class='ocrx_word' id='word_1_166' title='bbox 2401 2190 2433 2238; x_wconf 87' lang='grc'>6</span> <span class='ocrx_word' id='word_1_167' title='bbox 2479 2184 2578 2238; x_wconf 84' lang='lat' dir='ltr'>sed</span> <span class='ocrx_word' id='word_1_168' title='bbox 2623 2184 2730 2239; x_wconf 89' lang='lat' dir='ltr'>hoc</span> <span class='ocrx_word' id='word_1_169' title='bbox 2767 2184 2941 2239; x_wconf 79' lang='lat' dir='ltr'>etiam</span> <span class='ocrx_word' id='word_1_170' title='bbox 2977 2188 3040 2239; x_wconf 97' lang='lat' dir='ltr'><strong><em>A</em></strong></span> 
     </span>
     <span class='ocr_line' id='line_1_21' title="bbox 435 2263 3039 2335; baseline 0 -15"><span class='ocrx_word' id='word_1_171' title='bbox 435 2266 527 2321; x_wconf 87' lang='lat' dir='ltr'>sed</span> <span class='ocrx_word' id='word_1_172' title='bbox 563 2267 666 2321; x_wconf 87' lang='lat' dir='ltr'>hec</span> <span class='ocrx_word' id='word_1_173' title='bbox 701 2266 874 2321; x_wconf 78' lang='lat' dir='ltr'>etiam</span> <span class='ocrx_word' id='word_1_174' title='bbox 910 2267 967 2320; x_wconf 90' lang='grc' dir='ltr'><strong><em>Β</em></strong></span> <span class='ocrx_word' id='word_1_175' title='bbox 1003 2266 1099 2321; x_wconf 87' lang='lat' dir='ltr'>sed</span> <span class='ocrx_word' id='word_1_176' title='bbox 1138 2266 1275 2320; x_wconf 78' lang='lat' dir='ltr'>haec</span> <span class='ocrx_word' id='word_1_177' title='bbox 1311 2268 1372 2319; x_wconf 88' lang='lat' dir='ltr'>et</span> <span class='ocrx_word' id='word_1_178' title='bbox 1408 2264 1456 2318; x_wconf 81' lang='lat'><em>0</em></span> <span class='ocrx_word' id='word_1_179' title='bbox 1614 2265 1766 2335; x_wconf 87' lang='lat' dir='ltr'>quod</span> <span class='ocrx_word' id='word_1_180' title='bbox 1801 2265 2002 2320; x_wconf 80' lang='lat' dir='ltr'>harum</span> <span class='ocrx_word' id='word_1_181' title='bbox 2029 2264 2086 2317; x_wconf 90' lang='grc' dir='ltr'><strong><em>Β</em></strong></span> <span class='ocrx_word' id='word_1_182' title='bbox 2122 2281 2235 2335; x_wconf 80' lang='lat' dir='ltr'>qua</span> <span class='ocrx_word' id='word_1_183' title='bbox 2261 2263 2461 2319; x_wconf 85' lang='lat' dir='ltr'>horum</span> <span class='ocrx_word' id='word_1_184' title='bbox 2497 2265 2552 2318; x_wconf 91' lang='lat' dir='ltr'><strong><em>A</em></strong></span> <span class='ocrx_word' id='word_1_185' title='bbox 2589 2281 2733 2333; x_wconf 82' lang='lat' dir='ltr'>quae</span> <span class='ocrx_word' id='word_1_186' title='bbox 2761 2265 2959 2320; x_wconf 77' lang='lat' dir='ltr'>harum</span> <span class='ocrx_word' id='word_1_187' title='bbox 2991 2266 3039 2321; x_wconf 84' lang='lat'><em>0</em></span> 
     </span>
    </p>

    <p class='ocr_par' dir='ltr' id='par_1_10' title="bbox 430 2343 3036 2576">
     <span class='ocr_line' id='line_1_22' title="bbox 534 2343 3031 2417; baseline 0.001 -18"><span class='ocrx_word' id='word_1_188' title='bbox 534 2352 561 2399; x_wconf 80' lang='lat'>7</span> <span class='ocrx_word' id='word_1_189' title='bbox 607 2347 980 2417; x_wconf 87' lang='lat' dir='ltr'>corrumpitur</span> <span class='ocrx_word' id='word_1_190' title='bbox 1023 2362 1161 2401; x_wconf 85' lang='lat' dir='ltr'>corr.</span> <span class='ocrx_word' id='word_1_191' title='bbox 1211 2343 1582 2415; x_wconf 87' lang='lat' dir='ltr'>corripiuntur</span> <span class='ocrx_word' id='word_1_192' title='bbox 1627 2346 1683 2399; x_wconf 93' lang='grc' dir='ltr'><strong><em>Β</em></strong></span> <span class='ocrx_word' id='word_1_193' title='bbox 1869 2351 1902 2400; x_wconf 86' lang='grc'>8</span> <span class='ocrx_word' id='word_1_194' title='bbox 1949 2345 2256 2400; x_wconf 82' lang='lat' dir='ltr'>amiserunt</span> <span class='ocrx_word' id='word_1_195' title='bbox 2297 2344 2414 2398; x_wconf 85' lang='lat' dir='ltr'><strong><em>AC</em></strong></span> <span class='ocrx_word' id='word_1_196' title='bbox 2603 2351 2636 2398; x_wconf 81' lang='lat'>9</span> <span class='ocrx_word' id='word_1_197' title='bbox 2684 2347 2742 2399; x_wconf 87' lang='lat' dir='ltr'>et</span> <span class='ocrx_word' id='word_1_198' title='bbox 2784 2344 2845 2400; x_wconf 88' lang='lat' dir='ltr'>in</span> <span class='ocrx_word' id='word_1_199' title='bbox 2892 2363 3031 2401; x_wconf 86' lang='lat' dir='ltr'>corr.</span> 
     </span>
     <span class='ocr_line' id='line_1_23' title="bbox 432 2423 3032 2495; baseline 0.001 -17"><span class='ocrx_word' id='word_1_200' title='bbox 432 2424 595 2478; x_wconf 84' lang='lat' dir='ltr'>etiam</span> <span class='ocrx_word' id='word_1_201' title='bbox 631 2425 688 2479; x_wconf 90' lang='lat' dir='ltr'>in</span> <span class='ocrx_word' id='word_1_202' title='bbox 723 2426 781 2480; x_wconf 91' lang='grc' dir='ltr'><strong><em>Β</em></strong></span> <span class='ocrx_word' id='word_1_203' title='bbox 909 2432 975 2479; x_wconf 90' lang='grc'>10</span> <span class='ocrx_word' id='word_1_204' title='bbox 1013 2424 1163 2495; x_wconf 87' lang='lat' dir='ltr'>quod</span> <span class='ocrx_word' id='word_1_205' title='bbox 1201 2423 1250 2478; x_wconf 85' lang='lat' dir='ltr'>si</span> <span class='ocrx_word' id='word_1_206' title='bbox 1288 2423 1335 2478; x_wconf 80' lang='lat' dir='ltr'><strong><em>U</em></strong></span> <span class='ocrx_word' id='word_1_207' title='bbox 1368 2425 1501 2492; x_wconf 80' lang='lat' dir='ltr'>quia</span> <span class='ocrx_word' id='word_1_208' title='bbox 1526 2426 1584 2481; x_wconf 85' lang='lat' dir='ltr'>si</span> <span class='ocrx_word' id='word_1_209' title='bbox 1619 2426 1675 2479; x_wconf 93' lang='grc' dir='ltr'><strong><em>Β</em></strong></span> <span class='ocrx_word' id='word_1_210' title='bbox 1713 2443 1749 2495; x_wconf 85' lang='lat' dir='ltr'>q</span> <span class='ocrx_word' id='word_1_211' title='bbox 1786 2424 1835 2479; x_wconf 88' lang='lat' dir='ltr'>si</span> <span class='ocrx_word' id='word_1_212' title='bbox 1871 2426 1926 2479; x_wconf 89' lang='lat' dir='ltr'><strong><em>A</em></strong></span> <span class='ocrx_word' id='word_1_213' title='bbox 2053 2425 2145 2479; x_wconf 82' lang='lat' dir='ltr'>vel</span> <span class='ocrx_word' id='word_1_214' title='bbox 2182 2425 2240 2479; x_wconf 90' lang='lat' dir='ltr'>in</span> <span class='ocrx_word' id='word_1_215' title='bbox 2275 2425 2720 2495; x_wconf 80' lang='lat' dir='ltr'>antepenultima.</span> <span class='ocrx_word' id='word_1_216' title='bbox 2750 2426 2940 2480; x_wconf 86' lang='lat' dir='ltr'>sedem</span> <span class='ocrx_word' id='word_1_217' title='bbox 2976 2427 3032 2480; x_wconf 93' lang='grc' dir='ltr'><strong><em>Β</em></strong></span> 
     </span>
     <span class='ocr_line' id='line_1_24' title="bbox 430 2502 3036 2576; baseline 0.002 -20"><span class='ocrx_word' id='word_1_218' title='bbox 430 2502 516 2556; x_wconf 84' lang='lat' dir='ltr'>uel</span> <span class='ocrx_word' id='word_1_219' title='bbox 546 2503 602 2557; x_wconf 90' lang='lat' dir='ltr'>in</span> <span class='ocrx_word' id='word_1_220' title='bbox 629 2505 1087 2574; x_wconf 77' lang='lat' dir='ltr'>antepenultimis</span> <span class='ocrx_word' id='word_1_221' title='bbox 1116 2503 1244 2559; x_wconf 72' lang='lat' dir='ltr'>sede</span> <span class='ocrx_word' id='word_1_222' title='bbox 1277 2503 1325 2557; x_wconf 79' lang='lat' dir='ltr'><strong><em>C</em></strong></span> <span class='ocrx_word' id='word_1_223' title='bbox 1353 2504 1413 2558; x_wconf 90' lang='lat' dir='ltr'>in</span> <span class='ocrx_word' id='word_1_224' title='bbox 1441 2504 1756 2575; x_wconf 79' lang='lat' dir='ltr'>penultima</span> <span class='ocrx_word' id='word_1_225' title='bbox 1781 2507 1911 2560; x_wconf 77' lang='lat' dir='ltr'>ante</span> <span class='ocrx_word' id='word_1_226' title='bbox 1940 2504 2255 2576; x_wconf 76' lang='lat' dir='ltr'>penultima</span> <span class='ocrx_word' id='word_1_227' title='bbox 2283 2505 2413 2561; x_wconf 84' lang='lat' dir='ltr'>sede</span> <span class='ocrx_word' id='word_1_228' title='bbox 2443 2508 2496 2560; x_wconf 87' lang='lat' dir='ltr'><strong><em>A</em></strong></span> <span class='ocrx_word' id='word_1_229' title='bbox 2608 2512 2674 2559; x_wconf 76' lang='lat'>19„</span> <span class='ocrx_word' id='word_1_230' title='bbox 2712 2505 2903 2560; x_wconf 76' lang='lat' dir='ltr'>lauina</span> <span class='ocrx_word' id='word_1_231' title='bbox 2930 2507 3036 2561; x_wconf 83' lang='lat' dir='ltr'><strong><em>AC</em></strong></span> 
     </span>
    </p>

    <p class='ocr_par' dir='ltr' id='par_1_11' title="bbox 531 2584 2016 2657">
     <span class='ocr_line' id='line_1_25' title="bbox 531 2584 2016 2657; baseline 0.003 -19"><span class='ocrx_word' id='word_1_232' title='bbox 531 2584 807 2640; x_wconf 78' lang='lat' dir='ltr'>desei-nire</span> <span class='ocrx_word' id='word_1_233' title='bbox 845 2584 894 2640; x_wconf 81' lang='lat'><em>0</em></span> <span class='ocrx_word' id='word_1_234' title='bbox 1035 2591 1098 2639; x_wconf 89' lang='lat'>13</span> <span class='ocrx_word' id='word_1_235' title='bbox 1147 2584 1296 2652; x_wconf 90' lang='lat' dir='ltr'>quod</span> <span class='ocrx_word' id='word_1_236' title='bbox 1342 2602 1444 2655; x_wconf 87' lang='lat' dir='ltr'>per</span> <span class='ocrx_word' id='word_1_237' title='bbox 1479 2588 1533 2640; x_wconf 89' lang='lat' dir='ltr'><strong><em>A</em></strong></span> <span class='ocrx_word' id='word_1_238' title='bbox 1572 2603 1717 2655; x_wconf 79' lang='lat' dir='ltr'>quae</span> <span class='ocrx_word' id='word_1_239' title='bbox 1763 2604 1864 2657; x_wconf 90' lang='lat' dir='ltr'>per</span> <span class='ocrx_word' id='word_1_240' title='bbox 1899 2586 2016 2642; x_wconf 85' lang='lat' dir='ltr'>BG</span> 
     </span>
    </p>
   </div>
   <div class='ocr_carea' id='block_1_9' title="bbox 433 2747 1850 2779">
    <p class='ocr_par' dir='ltr' id='par_1_12' title="bbox 433 2747 1850 2779">
     <span class='ocr_line' id='line_1_26' title="bbox 433 2747 1850 2779; baseline -0.002 0"><span class='ocrx_word' id='word_1_241' title='bbox 433 2747 1443 2779; x_wconf 49' lang='lat'>——4—-—-—--.</span> <span class='ocrx_word' id='word_1_242' title='bbox 1466 2771 1499 2775; x_wconf 79' lang='lat'><em>-</em></span> <span class='ocrx_word' id='word_1_243' title='bbox 1516 2771 1619 2777; x_wconf 35' lang='lat'>⁸-—</span> <span class='ocrx_word' id='word_1_244' title='bbox 1642 2771 1850 2777; x_wconf 48' lang='lat'>*—</span> 
     </span>
    </p>
   </div>
   <div class='ocr_carea' id='block_1_10' title="bbox 1857 2770 2262 2777">
    <p class='ocr_par' dir='ltr' id='par_1_13' title="bbox 1857 2770 2262 2777">
     <span class='ocr_line' id='line_1_27' title="bbox 1857 2770 2262 2777; baseline 0 2751"><span class='ocrx_word' id='word_1_245' title='bbox 1857 2770 2262 2777; x_wconf 95' lang='lat' dir='ltr'> </span> 
     </span>
    </p>
   </div>
   <div class='ocr_carea' id='block_1_11' title="bbox 1325 2880 2132 2952">
    <p class='ocr_par' dir='ltr' id='par_1_14' title="bbox 1325 2880 2132 2952">
     <span class='ocr_line' id='line_1_28' title="bbox 1325 2880 2132 2952; baseline 0 -1"><span class='ocrx_word' id='word_1_246' title='bbox 1325 2896 1688 2952; x_wconf 78' lang='lat' dir='ltr'>MARTYRn</span> <span class='ocrx_word' id='word_1_247' title='bbox 1727 2880 1826 2952; x_wconf 57' lang='lat' dir='ltr'>ms</span> <span class='ocrx_word' id='word_1_248' title='bbox 1865 2899 1911 2951; x_wconf 85' lang='lat' dir='ltr'><strong>B</strong></span> <span class='ocrx_word' id='word_1_249' title='bbox 1949 2897 2043 2952; x_wconf 76' lang='lat' dir='ltr'>Er</span> <span class='ocrx_word' id='word_1_250' title='bbox 2081 2897 2132 2951; x_wconf 88' lang='lat' dir='ltr'>v</span> 
     </span>
    </p>
   </div>
   <div class='ocr_carea' id='block_1_12' title="bbox 430 3062 3027 3358">
    <p class='ocr_par' dir='ltr' id='par_1_15' title="bbox 430 3062 3027 3358">
     <span class='ocr_line' id='line_1_29' title="bbox 430 3062 3027 3148; baseline 0.001 -24"><span class='ocrx_word' id='word_1_251' title='bbox 430 3067 947 3148; x_wconf 82' lang='lat' dir='ltr'>causa,.quoniam</span> <span class='ocrx_word' id='word_1_252' title='bbox 993 3082 1026 3124; x_wconf 93' lang='lat' dir='ltr'>a</span> <span class='ocrx_word' id='word_1_253' title='bbox 1075 3062 1270 3124; x_wconf 86' lang='lat' dir='ltr'>verbis</span> <span class='ocrx_word' id='word_1_254' title='bbox 1318 3065 1564 3143; x_wconf 85' lang='lat' dir='ltr'>figurata</span> <span class='ocrx_word' id='word_1_255' title='bbox 1611 3067 1972 3147; x_wconf 87' lang='lat' dir='ltr'>consistunt,</span> <span class='ocrx_word' id='word_1_256' title='bbox 2028 3074 2088 3125; x_wconf 88' lang='lat' dir='ltr'>et</span> <span class='ocrx_word' id='word_1_257' title='bbox 2143 3063 2449 3125; x_wconf 91' lang='lat' dir='ltr'>sciendum</span> <span class='ocrx_word' id='word_1_258' title='bbox 2497 3064 2652 3143; x_wconf 89' lang='lat' dir='ltr'>quod</span> <span class='ocrx_word' id='word_1_259' title='bbox 2712 3084 3027 3144; x_wconf 83' lang='lat' dir='ltr'>quaecum·</span> 
     </span>
     <span class='ocr_line' id='line_1_30' title="bbox 431 3168 3024 3253; baseline -0 -20"><span class='ocrx_word' id='word_1_260' title='bbox 431 3192 539 3252; x_wconf 87' lang='lat' dir='ltr'>que</span> <span class='ocrx_word' id='word_1_261' title='bbox 586 3175 819 3233; x_wconf 87' lang='lat' dir='ltr'>nomina</span> <span class='ocrx_word' id='word_1_262' title='bbox 867 3190 1003 3232; x_wconf 92' lang='lat' dir='ltr'>cum</span> <span class='ocrx_word' id='word_1_263' title='bbox 1052 3169 1249 3230; x_wconf 88' lang='lat' dir='ltr'>verbis</span> <span class='ocrx_word' id='word_1_264' title='bbox 1294 3168 1515 3232; x_wconf 87' lang='lat' dir='ltr'>babent</span> <span class='ocrx_word' id='word_1_265' title='bbox 1560 3174 1930 3253; x_wconf 87' lang='lat' dir='ltr'>societatem,</span> <span class='ocrx_word' id='word_1_266' title='bbox 1976 3169 2292 3232; x_wconf 89' lang='lat' dir='ltr'>verborum</span> <span class='ocrx_word' id='word_1_267' title='bbox 2334 3171 2580 3253; x_wconf 76' lang='lat' dir='ltr'>reguliS,</span> <span class='ocrx_word' id='word_1_268' title='bbox 2628 3190 2775 3251; x_wconf 89' lang='lat' dir='ltr'>quas</span> <span class='ocrx_word' id='word_1_269' title='bbox 2819 3181 3024 3252; x_wconf 87' lang='lat' dir='ltr'>postea</span> 
     </span>
     <span class='ocr_line' id='line_1_31' title="bbox 430 3277 2284 3358; baseline -0.001 -18"><span class='ocrx_word' id='word_1_270' title='bbox 430 3279 552 3341; x_wconf 91' lang='lat' dir='ltr'>loco</span> <span class='ocrx_word' id='word_1_271' title='bbox 597 3300 707 3342; x_wconf 88' lang='lat' dir='ltr'>suo</span> <span class='ocrx_word' id='word_1_272' title='bbox 754 3279 1120 3358; x_wconf 80' lang='lat' dir='ltr'>dederimuS,</span> <span class='ocrx_word' id='word_1_273' title='bbox 1168 3279 1293 3358; x_wconf 87' lang='lat' dir='ltr'>ipsa</span> <span class='ocrx_word' id='word_1_274' title='bbox 1342 3295 1580 3356; x_wconf 86' lang='lat' dir='ltr'>quoque</span> <span class='ocrx_word' id='word_1_275' title='bbox 1630 3296 1876 3338; x_wconf 89' lang='lat' dir='ltr'>necesse</span> <span class='ocrx_word' id='word_1_276' title='bbox 1925 3277 2284 3338; x_wconf 88' lang='lat' dir='ltr'>subiaceant.</span> 
     </span>
    </p>
   </div>
   <div class='ocr_carea' id='block_1_13' title="bbox 598 3383 3130 3467">
    <p class='ocr_par' dir='ltr' id='par_1_16' title="bbox 598 3383 3130 3467">
     <span class='ocr_line' id='line_1_32' title="bbox 598 3383 3130 3467; baseline 0 -20"><span class='ocrx_word' id='word_1_277' title='bbox 598 3387 665 3447; x_wconf 92' lang='lat' dir='ltr'>Bi</span> <span class='ocrx_word' id='word_1_278' title='bbox 704 3386 893 3466; x_wconf 88' lang='lat' dir='ltr'>longa,</span> <span class='ocrx_word' id='word_1_279' title='bbox 931 3387 982 3446; x_wconf 89' lang='lat' dir='ltr'>si</span> <span class='ocrx_word' id='word_1_280' title='bbox 1018 3383 1379 3464; x_wconf 83' lang='lat' dir='ltr'>paenultima</span> <span class='ocrx_word' id='word_1_281' title='bbox 1418 3384 1621 3465; x_wconf 73' lang='lat' dir='ltr'>suerit,</span> <span class='ocrx_word' id='word_1_282' title='bbox 1653 3403 1760 3463; x_wconf 90' lang='lat' dir='ltr'>per</span> <span class='ocrx_word' id='word_1_283' title='bbox 1798 3384 1837 3445; x_wconf 93' lang='lat' dir='ltr'>b</span> <span class='ocrx_word' id='word_1_284' title='bbox 1877 3393 2097 3445; x_wconf 83' lang='lat' dir='ltr'>mutam</span> <span class='ocrx_word' id='word_1_285' title='bbox 2138 3384 2452 3467; x_wconf 88' lang='lat' dir='ltr'>scribetur,</span> <span class='ocrx_word' id='word_1_286' title='bbox 2500 3393 2564 3445; x_wconf 88' lang='lat' dir='ltr'>ut</span> <span class='ocrx_word' id='word_1_287' title='bbox 2601 3385 2780 3445; x_wconf 90' lang='lat' dir='ltr'>libido</span> <span class='ocrx_word' id='word_1_288' title='bbox 2820 3384 3030 3465; x_wconf 85' lang='lat' dir='ltr'>rubigo</span> <span class='ocrx_word' id='word_1_289' title='bbox 3125 3443 3130 3448; x_wconf 86' lang='lat'>.</span> 
     </span>
    </p>
   </div>
   <div class='ocr_carea' id='block_1_14' title="bbox 382 3490 3029 3571">
    <p class='ocr_par' dir='ltr' id='par_1_17' title="bbox 382 3490 3029 3571">
     <span class='ocr_line' id='line_1_33' title="bbox 382 3490 3029 3571; baseline -0 -18"><span class='ocrx_word' id='word_1_290' title='bbox 382 3507 405 3546; x_wconf 81' lang='lat'>⁵</span> <span class='ocrx_word' id='word_1_291' title='bbox 431 3492 640 3554; x_wconf 89' lang='lat' dir='ltr'>tibicen</span> <span class='ocrx_word' id='word_1_292' title='bbox 681 3490 937 3553; x_wconf 87' lang='lat' dir='ltr'>ambitus</span> <span class='ocrx_word' id='word_1_293' title='bbox 976 3490 1307 3552; x_wconf 89' lang='lat' dir='ltr'>concubina</span> <span class='ocrx_word' id='word_1_294' title='bbox 1346 3490 1557 3552; x_wconf 85' lang='lat' dir='ltr'>cubile.</span> <span class='ocrx_word' id='word_1_295' title='bbox 1616 3490 1721 3552; x_wconf 90' lang='lat' dir='ltr'>sed</span> <span class='ocrx_word' id='word_1_296' title='bbox 1758 3491 1871 3551; x_wconf 89' lang='lat' dir='ltr'>hoc</span> <span class='ocrx_word' id='word_1_297' title='bbox 1912 3494 2088 3552; x_wconf 89' lang='lat' dir='ltr'>etiam</span> <span class='ocrx_word' id='word_1_298' title='bbox 2118 3493 2580 3567; x_wconf 74' lang='lat' dir='ltr'>manifestamuS,</span> <span class='ocrx_word' id='word_1_299' title='bbox 2620 3493 2775 3571; x_wconf 89' lang='lat' dir='ltr'>quod</span> <span class='ocrx_word' id='word_1_300' title='bbox 2818 3492 3029 3552; x_wconf 87' lang='lat' dir='ltr'>horum</span> 
     </span>
    </p>
   </div>
   <div class='ocr_carea' id='block_1_15' title="bbox 431 3597 3031 3787">
    <p class='ocr_par' dir='ltr' id='par_1_18' title="bbox 431 3597 3031 3787">
     <span class='ocr_line' id='line_1_34' title="bbox 431 3597 3031 3681; baseline -0 -22"><span class='ocrx_word' id='word_1_301' title='bbox 431 3600 707 3678; x_wconf 84' lang='lat' dir='ltr'>quaedam</span> <span class='ocrx_word' id='word_1_302' title='bbox 762 3602 823 3659; x_wconf 91' lang='lat' dir='ltr'>in</span> <span class='ocrx_word' id='word_1_303' title='bbox 879 3599 1395 3675; x_wconf 76' lang='lat' dir='ltr'>transfiguratione</span> <span class='ocrx_word' id='word_1_304' title='bbox 1453 3600 1890 3678; x_wconf 84' lang='lat' dir='ltr'>corripiuntur,</span> <span class='ocrx_word' id='word_1_305' title='bbox 1945 3607 2012 3659; x_wconf 87' lang='lat' dir='ltr'>ut</span> <span class='ocrx_word' id='word_1_306' title='bbox 2058 3597 2276 3659; x_wconf 90' lang='lat' dir='ltr'>tibicen</span> <span class='ocrx_word' id='word_1_307' title='bbox 2336 3598 2503 3681; x_wconf 91' lang='lat' dir='ltr'>tibia,</span> <span class='ocrx_word' id='word_1_308' title='bbox 2553 3598 2746 3659; x_wconf 87' lang='lat' dir='ltr'>cubile</span> <span class='ocrx_word' id='word_1_309' title='bbox 2794 3597 3031 3658; x_wconf 74' lang='lat' dir='ltr'>cubitus</span> 
     </span>
     <span class='ocr_line' id='line_1_35' title="bbox 431 3703 3030 3787; baseline 0.001 -24"><span class='ocrx_word' id='word_1_310' title='bbox 431 3706 515 3765; x_wconf 91' lang='lat' dir='ltr'>vel</span> <span class='ocrx_word' id='word_1_311' title='bbox 558 3704 943 3787; x_wconf 90' lang='lat' dir='ltr'>concubium,</span> <span class='ocrx_word' id='word_1_312' title='bbox 989 3723 1139 3785; x_wconf 89' lang='lat' dir='ltr'>quae</span> <span class='ocrx_word' id='word_1_313' title='bbox 1187 3703 1326 3766; x_wconf 90' lang='lat' dir='ltr'>licet</span> <span class='ocrx_word' id='word_1_314' title='bbox 1362 3707 1477 3765; x_wconf 90' lang='lat' dir='ltr'>vim</span> <span class='ocrx_word' id='word_1_315' title='bbox 1514 3705 1824 3785; x_wconf 86' lang='lat' dir='ltr'>longarum</span> <span class='ocrx_word' id='word_1_316' title='bbox 1864 3707 2193 3786; x_wconf 89' lang='lat' dir='ltr'>amiserint,</span> <span class='ocrx_word' id='word_1_317' title='bbox 2240 3713 2436 3765; x_wconf 90' lang='lat' dir='ltr'>tamen</span> <span class='ocrx_word' id='word_1_318' title='bbox 2486 3703 2729 3765; x_wconf 88' lang='lat' dir='ltr'>eandem</span> <span class='ocrx_word' id='word_1_319' title='bbox 2779 3707 3030 3783; x_wconf 84' lang='lat' dir='ltr'>scriptu·</span> 
     </span>
    </p>
   </div>
   <div class='ocr_carea' id='block_1_16' title="bbox 323 3811 3032 3891">
    <p class='ocr_par' dir='ltr' id='par_1_19' title="bbox 323 3811 3032 3891">
     <span class='ocr_line' id='line_1_36' title="bbox 323 3811 3032 3891; baseline -0 -20"><span class='ocrx_word' id='word_1_320' title='bbox 323 3819 342 3839; x_wconf 88' lang='grc'><em>·</em></span> <span class='ocrx_word' id='word_1_321' title='bbox 431 3830 547 3873; x_wconf 89' lang='lat' dir='ltr'>ram</span> <span class='ocrx_word' id='word_1_322' title='bbox 603 3816 780 3874; x_wconf 89' lang='lat' dir='ltr'>etiam</span> <span class='ocrx_word' id='word_1_323' title='bbox 834 3816 896 3873; x_wconf 90' lang='lat' dir='ltr'>in</span> <span class='ocrx_word' id='word_1_324' title='bbox 952 3813 1347 3873; x_wconf 84' lang='lat' dir='ltr'>remutatione</span> <span class='ocrx_word' id='word_1_325' title='bbox 1405 3830 1639 3872; x_wconf 88' lang='lat' dir='ltr'>servare</span> <span class='ocrx_word' id='word_1_326' title='bbox 1696 3811 2052 3873; x_wconf 84' lang='lat' dir='ltr'>desiderant.</span> <span class='ocrx_word' id='word_1_327' title='bbox 2127 3811 2434 3873; x_wconf 89' lang='lat' dir='ltr'>sciendum</span> <span class='ocrx_word' id='word_1_328' title='bbox 2491 3821 2797 3890; x_wconf 89' lang='lat' dir='ltr'>praeterea</span> <span class='ocrx_word' id='word_1_329' title='bbox 2855 3811 3032 3891; x_wconf 88' lang='lat' dir='ltr'>quod,</span> 
     </span>
    </p>
   </div>
   <div class='ocr_carea' id='block_1_17' title="bbox 430 3910 3033 4000">
    <p class='ocr_par' dir='ltr' id='par_1_20' title="bbox 430 3910 3033 4000">
     <span class='ocr_line' id='line_1_37' title="bbox 430 3910 3033 4000; baseline -0 -22"><span class='ocrx_word' id='word_1_330' title='bbox 430 3921 477 3979; x_wconf 90' lang='lat' dir='ltr'>si</span> <span class='ocrx_word' id='word_1_331' title='bbox 538 3923 597 3981; x_wconf 90' lang='lat' dir='ltr'>in</span> <span class='ocrx_word' id='word_1_332' title='bbox 663 3910 1004 4000; x_wconf 83' lang='lat' dir='ltr'>compositis</span> <span class='ocrx_word' id='word_1_333' title='bbox 1068 3916 1408 3980; x_wconf 90' lang='lat' dir='ltr'>nominibus</span> <span class='ocrx_word' id='word_1_334' title='bbox 1475 3918 1564 3978; x_wconf 88' lang='lat' dir='ltr'>vel</span> <span class='ocrx_word' id='word_1_335' title='bbox 1629 3918 2124 3999; x_wconf 85' lang='lat' dir='ltr'>antepaenultima</span> <span class='ocrx_word' id='word_1_336' title='bbox 2193 3917 2332 3978; x_wconf 89' lang='lat' dir='ltr'>sede</span> <span class='ocrx_word' id='word_1_337' title='bbox 2399 3919 2454 3977; x_wconf 90' lang='lat' dir='ltr'>vi</span> <span class='ocrx_word' id='word_1_338' title='bbox 2519 3916 2690 3994; x_wconf 84' lang='lat' dir='ltr'>longa</span> <span class='ocrx_word' id='word_1_339' title='bbox 2754 3917 3033 3982; x_wconf 81' lang='lat' dir='ltr'>inciderit</span> 
     </span>
    </p>
   </div>
   <div class='ocr_carea' id='block_1_18' title="bbox 359 4023 3031 4109">
    <p class='ocr_par' dir='ltr' id='par_1_21' title="bbox 359 4023 3031 4109">
     <span class='ocr_line' id='line_1_38' title="bbox 359 4023 3031 4109; baseline 0 -25"><span class='ocrx_word' id='word_1_340' title='bbox 359 4042 405 4079; x_wconf 81' lang='grc' dir='ltr'>ιο</span> <span class='ocrx_word' id='word_1_341' title='bbox 430 4026 667 4109; x_wconf 79' lang='lat' dir='ltr'>syllaba,</span> <span class='ocrx_word' id='word_1_342' title='bbox 733 4046 841 4106; x_wconf 84' lang='lat' dir='ltr'>per</span> <span class='ocrx_word' id='word_1_343' title='bbox 896 4045 928 4084; x_wconf 86' lang='lat' dir='ltr'>v</span> <span class='ocrx_word' id='word_1_344' title='bbox 995 4024 1253 4086; x_wconf 85' lang='lat' dir='ltr'>vocalem</span> <span class='ocrx_word' id='word_1_345' title='bbox 1318 4043 1428 4105; x_wconf 88' lang='lat' dir='ltr'>pro</span> <span class='ocrx_word' id='word_1_346' title='bbox 1486 4035 1847 4086; x_wconf 86' lang='lat' dir='ltr'>consonante</span> <span class='ocrx_word' id='word_1_347' title='bbox 1915 4024 2239 4106; x_wconf 89' lang='lat' dir='ltr'>scribetur,</span> <span class='ocrx_word' id='word_1_348' title='bbox 2289 4033 2371 4085; x_wconf 76' lang='lat' dir='ltr'>&#39;ut</span> <span class='ocrx_word' id='word_1_349' title='bbox 2434 4026 2657 4085; x_wconf 86' lang='lat' dir='ltr'>invitus</span> <span class='ocrx_word' id='word_1_350' title='bbox 2722 4023 3031 4102; x_wconf 86' lang='lat' dir='ltr'>divigenus</span> 
     </span>
    </p>
   </div>
   <div class='ocr_carea' id='block_1_19' title="bbox 428 4130 3030 4424">
    <p class='ocr_par' dir='ltr' id='par_1_22' title="bbox 428 4130 3030 4424">
     <span class='ocr_line' id='line_1_39' title="bbox 430 4130 3030 4213; baseline -0.001 -21"><span class='ocrx_word' id='word_1_351' title='bbox 430 4131 657 4194; x_wconf 79' lang='lat' dir='ltr'>Lavinia</span> <span class='ocrx_word' id='word_1_352' title='bbox 716 4131 1090 4213; x_wconf 82' lang='lat' dir='ltr'>privilegium</span> <span class='ocrx_word' id='word_1_353' title='bbox 1146 4149 1213 4191; x_wconf 89' lang='lat' dir='ltr'>ac</span> <span class='ocrx_word' id='word_1_354' title='bbox 1270 4130 1422 4191; x_wconf 87' lang='lat' dir='ltr'>talia.</span> <span class='ocrx_word' id='word_1_355' title='bbox 1498 4133 1832 4212; x_wconf 84' lang='lat' dir='ltr'>privignum</span> <span class='ocrx_word' id='word_1_356' title='bbox 1879 4135 2055 4192; x_wconf 92' lang='lat' dir='ltr'>etiam</span> <span class='ocrx_word' id='word_1_357' title='bbox 2101 4132 2241 4192; x_wconf 86' lang='lat' dir='ltr'>lmic</span> <span class='ocrx_word' id='word_1_358' title='bbox 2289 4130 2526 4210; x_wconf 89' lang='lat' dir='ltr'>regulae</span> <span class='ocrx_word' id='word_1_359' title='bbox 2574 4132 2862 4191; x_wconf 86' lang='lat' dir='ltr'>inservire</span> <span class='ocrx_word' id='word_1_360' title='bbox 2914 4149 3030 4190; x_wconf 90' lang='lat' dir='ltr'>non</span> 
     </span>
     <span class='ocr_line' id='line_1_40' title="bbox 428 4237 3029 4320; baseline -0.001 -22"><span class='ocrx_word' id='word_1_361' title='bbox 428 4238 655 4320; x_wconf 87' lang='lat' dir='ltr'>dubito,</span> <span class='ocrx_word' id='word_1_362' title='bbox 703 4241 838 4318; x_wconf 85' lang='lat' dir='ltr'>quia</span> <span class='ocrx_word' id='word_1_363' title='bbox 884 4257 993 4317; x_wconf 85' lang='lat' dir='ltr'>per</span> <span class='ocrx_word' id='word_1_364' title='bbox 1041 4237 1468 4299; x_wconf 87' lang='lat' dir='ltr'>detractionem</span> <span class='ocrx_word' id='word_1_365' title='bbox 1516 4257 1548 4297; x_wconf 92' lang='lat' dir='ltr'>e</span> <span class='ocrx_word' id='word_1_366' title='bbox 1596 4237 1828 4298; x_wconf 88' lang='lat' dir='ltr'>litterae</span> <span class='ocrx_word' id='word_1_367' title='bbox 1876 4238 2210 4317; x_wconf 81' lang='lat' dir='ltr'>diciputo:</span> <span class='ocrx_word' id='word_1_368' title='bbox 2257 4239 2630 4317; x_wconf 88' lang='lat' dir='ltr'>privigenum</span> <span class='ocrx_word' id='word_1_369' title='bbox 2677 4240 2834 4296; x_wconf 91' lang='lat' dir='ltr'>enim</span> <span class='ocrx_word' id='word_1_370' title='bbox 2883 4238 3029 4296; x_wconf 86' lang='lat' dir='ltr'>inte·</span> 
     </span>
     <span class='ocr_line' id='line_1_41' title="bbox 428 4343 3029 4424; baseline -0.003 -17"><span class='ocrx_word' id='word_1_371' title='bbox 428 4364 588 4424; x_wconf 86' lang='lat' dir='ltr'>gram</span> <span class='ocrx_word' id='word_1_372' title='bbox 634 4347 996 4424; x_wconf 64' lang='lat' dir='ltr'>magis,esse</span> <span class='ocrx_word' id='word_1_373' title='bbox 1044 4343 1364 4405; x_wconf 89' lang='lat' dir='ltr'>dictionem</span> <span class='ocrx_word' id='word_1_374' title='bbox 1413 4353 1617 4405; x_wconf 89' lang='lat' dir='ltr'>noster</span> <span class='ocrx_word' id='word_1_375' title='bbox 1661 4347 1895 4405; x_wconf 86' lang='lat' dir='ltr'>animus</span> <span class='ocrx_word' id='word_1_376' title='bbox 1940 4343 2279 4405; x_wconf 87' lang='lat' dir='ltr'>arbitratur.</span> <span class='ocrx_word' id='word_1_377' title='bbox 2354 4344 2737 4404; x_wconf 87' lang='lat' dir='ltr'>admonemus</span> <span class='ocrx_word' id='word_1_378' title='bbox 2792 4360 3029 4420; x_wconf 89' lang='lat' dir='ltr'>quoquc</span> 
     </span>
    </p>
   </div>
   <div class='ocr_carea' id='block_1_20' title="bbox 414 4443 3029 4533">
    <p class='ocr_par' dir='ltr' id='par_1_23' title="bbox 414 4443 3029 4533">
     <span class='ocr_line' id='line_1_42' title="bbox 414 4443 3029 4533; baseline -0.003 -17"><span class='ocrx_word' id='word_1_379' title='bbox 414 4451 583 4530; x_wconf 80' lang='lat' dir='ltr'>,quod</span> <span class='ocrx_word' id='word_1_380' title='bbox 636 4454 698 4512; x_wconf 94' lang='lat' dir='ltr'>in</span> <span class='ocrx_word' id='word_1_381' title='bbox 752 4451 1090 4512; x_wconf 88' lang='lat' dir='ltr'>derivativis</span> <span class='ocrx_word' id='word_1_382' title='bbox 1158 4450 1252 4510; x_wconf 88' lang='lat' dir='ltr'>hic</span> <span class='ocrx_word' id='word_1_383' title='bbox 1308 4452 1513 4532; x_wconf 88' lang='lat' dir='ltr'>etiam,</span> <span class='ocrx_word' id='word_1_384' title='bbox 1576 4443 1733 4512; x_wconf 84' lang='lat' dir='ltr'>sicut</span> <span class='ocrx_word' id='word_1_385' title='bbox 1796 4450 2044 4533; x_wconf 86' lang='lat' dir='ltr'>ubique,</span> <span class='ocrx_word' id='word_1_386' title='bbox 2109 4449 2508 4531; x_wconf 88' lang='lat' dir='ltr'>spectabimus</span> <span class='ocrx_word' id='word_1_387' title='bbox 2573 4450 3029 4529; x_wconf 72' lang='lat' dir='ltr'>primiformium</span> 
     </span>
    </p>
   </div>
   <div class='ocr_carea' id='block_1_21' title="bbox 432 4593 849 4600">
    <p class='ocr_par' dir='ltr' id='par_1_24' title="bbox 432 4593 849 4600">
     <span class='ocr_line' id='line_1_43' title="bbox 432 4593 849 4600; baseline 0 0"><span class='ocrx_word' id='word_1_388' title='bbox 432 4593 849 4600; x_wconf 95' lang='lat' dir='ltr'> </span> 
     </span>
    </p>
   </div>
   <div class='ocr_carea' id='block_1_22' title="bbox 427 4655 3039 4968">
    <p class='ocr_par' dir='ltr' id='par_1_25' title="bbox 427 4655 3039 4968">
     <span class='ocr_line' id='line_1_44' title="bbox 599 4655 3039 4726; baseline -0.002 -14"><span class='ocrx_word' id='word_1_389' title='bbox 599 4665 632 4712; x_wconf 73' lang='lat'><strong>2</strong></span> <span class='ocrx_word' id='word_1_390' title='bbox 672 4676 705 4713; x_wconf 83' lang='lat' dir='ltr'>a</span> <span class='ocrx_word' id='word_1_391' title='bbox 741 4659 926 4714; x_wconf 81' lang='lat' dir='ltr'>verbis</span> <span class='ocrx_word' id='word_1_392' title='bbox 964 4658 1177 4713; x_wconf 80' lang='lat' dir='ltr'>habent</span> <span class='ocrx_word' id='word_1_393' title='bbox 1213 4657 1270 4710; x_wconf 91' lang='lat' dir='ltr'><em>P</em></span> <span class='ocrx_word' id='word_1_394' title='bbox 1298 4655 1483 4711; x_wconf 82' lang='lat' dir='ltr'>verbis</span> <span class='ocrx_word' id='word_1_395' title='bbox 1520 4656 1771 4712; x_wconf 78' lang='lat' dir='ltr'>habeant</span> <span class='ocrx_word' id='word_1_396' title='bbox 1804 4657 1872 4710; x_wconf 87' lang='lat' dir='ltr'>N</span> <span class='ocrx_word' id='word_1_397' title='bbox 1982 4663 2017 4711; x_wconf 87' lang='lat'>4</span> <span class='ocrx_word' id='word_1_398' title='bbox 2052 4656 2248 4726; x_wconf 83' lang='lat' dir='ltr'>robigo</span> <span class='ocrx_word' id='word_1_399' title='bbox 2288 4657 2362 4710; x_wconf 92' lang='lat' dir='ltr'>P.</span> <span class='ocrx_word' id='word_1_400' title='bbox 2453 4663 2485 4710; x_wconf 81' lang='lat'>5</span> <span class='ocrx_word' id='word_1_401' title='bbox 2525 4655 2946 4710; x_wconf 79' lang='lat' dir='ltr'>manifestamus</span> <span class='ocrx_word' id='word_1_402' title='bbox 2982 4655 3039 4708; x_wconf 90' lang='lat' dir='ltr'><em>P</em></span> 
     </span>
     <span class='ocr_line' id='line_1_45' title="bbox 427 4736 2928 4805; baseline -0 -14"><span class='ocrx_word' id='word_1_403' title='bbox 427 4736 899 4794; x_wconf 72' lang='lat' dir='ltr'>manifestavimus</span> <span class='ocrx_word' id='word_1_404' title='bbox 934 4738 1001 4792; x_wconf 92' lang='lat' dir='ltr'><em>N</em></span> <span class='ocrx_word' id='word_1_405' title='bbox 1139 4745 1171 4793; x_wconf 87' lang='grc'>6</span> <span class='ocrx_word' id='word_1_406' title='bbox 1210 4736 1392 4793; x_wconf 86' lang='lat' dir='ltr'>cubile</span> <span class='ocrx_word' id='word_1_407' title='bbox 1429 4754 1530 4792; x_wconf 89' lang='lat' dir='ltr'>om.</span> <span class='ocrx_word' id='word_1_408' title='bbox 1566 4737 1644 4804; x_wconf 88' lang='lat' dir='ltr'>N,</span> <span class='ocrx_word' id='word_1_409' title='bbox 1682 4738 1811 4793; x_wconf 81' lang='lat' dir='ltr'>add.</span> <span class='ocrx_word' id='word_1_410' title='bbox 1851 4738 1907 4791; x_wconf 89' lang='lat' dir='ltr'><strong><em>P</em></strong></span> <span class='ocrx_word' id='word_1_411' title='bbox 2042 4743 2072 4791; x_wconf 79' lang='lat'>⁷</span> <span class='ocrx_word' id='word_1_412' title='bbox 2111 4737 2203 4792; x_wconf 79' lang='lat' dir='ltr'>vel</span> <span class='ocrx_word' id='word_1_413' title='bbox 2241 4736 2579 4791; x_wconf 89' lang='lat' dir='ltr'>connubium</span> <span class='ocrx_word' id='word_1_414' title='bbox 2615 4736 2692 4805; x_wconf 90' lang='lat' dir='ltr'>N,</span> <span class='ocrx_word' id='word_1_415' title='bbox 2728 4753 2830 4791; x_wconf 85' lang='lat' dir='ltr'>om.</span> <span class='ocrx_word' id='word_1_416' title='bbox 2871 4737 2928 4790; x_wconf 90' lang='lat' dir='ltr'><strong><em>P</em></strong></span> 
     </span>
     <span class='ocr_line' id='line_1_46' title="bbox 428 4809 2932 4884; baseline -0.001 -12"><span class='ocrx_word' id='word_1_417' title='bbox 428 4823 461 4871; x_wconf 84' lang='lat'>8</span> <span class='ocrx_word' id='word_1_418' title='bbox 498 4818 665 4872; x_wconf 72' lang='lat' dir='ltr'>etiam</span> <span class='ocrx_word' id='word_1_419' title='bbox 702 4834 802 4872; x_wconf 89' lang='lat' dir='ltr'>om.</span> <span class='ocrx_word' id='word_1_420' title='bbox 839 4817 916 4884; x_wconf 87' lang='lat' dir='ltr'>N,</span> <span class='ocrx_word' id='word_1_421' title='bbox 953 4818 1082 4873; x_wconf 78' lang='lat' dir='ltr'>aad.</span> <span class='ocrx_word' id='word_1_422' title='bbox 1125 4816 1182 4871; x_wconf 92' lang='lat' dir='ltr'><strong><em>P</em></strong></span> <span class='ocrx_word' id='word_1_423' title='bbox 1337 4818 1396 4872; x_wconf 88' lang='lat' dir='ltr'>in</span> <span class='ocrx_word' id='word_1_424' title='bbox 1432 4819 1739 4874; x_wconf 78' lang='lat' dir='ltr'>remotione</span> <span class='ocrx_word' id='word_1_425' title='bbox 1776 4817 1834 4870; x_wconf 89' lang='lat' dir='ltr'><strong><em>P</em></strong></span> <span class='ocrx_word' id='word_1_426' title='bbox 2005 4822 2037 4870; x_wconf 88' lang='grc'>9</span> <span class='ocrx_word' id='word_1_427' title='bbox 2075 4816 2166 4870; x_wconf 87' lang='lat' dir='ltr'>vel</span> <span class='ocrx_word' id='word_1_428' title='bbox 2202 4822 2252 4870; x_wconf 82' lang='lat' dir='ltr'>ct</span> <span class='ocrx_word' id='word_1_429' title='bbox 2287 4816 2418 4872; x_wconf 87' lang='lat' dir='ltr'>sede</span> <span class='ocrx_word' id='word_1_430' title='bbox 2454 4809 2554 4872; x_wconf 59' lang='lat' dir='ltr'>oin.</span> <span class='ocrx_word' id='word_1_431' title='bbox 2593 4817 2671 4882; x_wconf 88' lang='lat' dir='ltr'>N,</span> <span class='ocrx_word' id='word_1_432' title='bbox 2707 4817 2836 4871; x_wconf 81' lang='lat' dir='ltr'>add.</span> <span class='ocrx_word' id='word_1_433' title='bbox 2875 4817 2932 4870; x_wconf 91' lang='lat' dir='ltr'><strong><em>P</em></strong></span> 
     </span>
     <span class='ocr_line' id='line_1_47' title="bbox 434 4891 3038 4968; baseline 0 -17"><span class='ocrx_word' id='word_1_434' title='bbox 434 4904 498 4952; x_wconf 89' lang='lat'>10</span> <span class='ocrx_word' id='word_1_435' title='bbox 532 4898 801 4953; x_wconf 78' lang='lat' dir='ltr'>scribetur</span> <span class='ocrx_word' id='word_1_436' title='bbox 839 4891 899 4950; x_wconf 78' lang='lat' dir='ltr'>P·</span> <span class='ocrx_word' id='word_1_437' title='bbox 925 4897 1234 4953; x_wconf 80' lang='lat' dir='ltr'>scribentur</span> <span class='ocrx_word' id='word_1_438' title='bbox 1268 4898 1335 4952; x_wconf 86' lang='lat' dir='ltr'>N</span> <span class='ocrx_word' id='word_1_439' title='bbox 1474 4905 1539 4953; x_wconf 78' lang='lat'>12</span> <span class='ocrx_word' id='word_1_440' title='bbox 1578 4897 1723 4953; x_wconf 86' lang='lat' dir='ltr'>enim</span> <span class='ocrx_word' id='word_1_441' title='bbox 1761 4915 1862 4952; x_wconf 83' lang='lat' dir='ltr'>om.</span> <span class='ocrx_word' id='word_1_442' title='bbox 1901 4899 1979 4966; x_wconf 83' lang='lat' dir='ltr'>N,</span> <span class='ocrx_word' id='word_1_443' title='bbox 2025 4901 2152 4955; x_wconf 84' lang='lat' dir='ltr'>add.</span> <span class='ocrx_word' id='word_1_444' title='bbox 2195 4899 2252 4954; x_wconf 94' lang='lat' dir='ltr'><strong><em>P</em></strong></span> <span class='ocrx_word' id='word_1_445' title='bbox 2393 4904 2460 4951; x_wconf 77' lang='lat'>14</span> <span class='ocrx_word' id='word_1_446' title='bbox 2503 4895 2877 4968; x_wconf 77' lang='lat' dir='ltr'>spectavimus</span> <span class='ocrx_word' id='word_1_447' title='bbox 2912 4897 3038 4953; x_wconf 89' lang='lat' dir='ltr'>NP</span> 
     </span>
    </p>
   </div>
   <div class='ocr_carea' id='block_1_23' title="bbox 2116 5151 2152 5173">
    <p class='ocr_par' dir='ltr' id='par_1_26' title="bbox 2116 5151 2152 5173">
     <span class='ocr_line' id='line_1_48' title="bbox 2116 5151 2152 5173; baseline 0 0"><span class='ocrx_word' id='word_1_448' title='bbox 2116 5151 2152 5173; x_wconf 64' lang='grc' dir='ltr'>ν’</span> 
     </span>
    </p>
   </div>
  </div>
 </body>
</html>
