3613 5528
593 422 722 490 180
1664 420 2122 479 CASSIODORII

593 540 636 577 p.
663 528 767 568 ποι
795 525 845 565 P.

589 612 934 692 derivativa,
988 609 1059 670 ab
1115 608 1257 669 Alba
1315 607 1600 691 Albanus,
1660 627 1692 668 a
1749 608 1892 669 silva
1952 608 2250 689 Silvanus,
2306 626 2337 667 a
2393 609 2561 688 privo
2616 609 2936 688 privatum,
2989 624 3022 666 a
3077 603 3197 666 libo

588 717 832 779 libatum
880 716 969 778 vel
1015 715 1341 797 inlibatum.

750 822 842 884 .Ve
892 829 1165 902 correpta
1221 824 1343 883 sive
1398 820 1523 881 sola
1582 822 1763 883 fuerit
1823 825 1945 883 sive
1997 822 2223 883 adiecta
2269 823 2645 904 consonanti,
2702 839 2810 901 per
2855 839 2889 878 v
2937 819 3198 880 vocalem

587 929 716 992 loco
763 933 1015 1011 positam
1063 930 1446 990 consonantis
1484 937 1753 1012 notetur,
1798 939 1867 992 ut
1912 931 2143 990 iuvenis
2189 930 2387 990 alveus
2435 929 2599 989 fovea
2646 927 2865 988 advena
2912 929 3200 988 iuvencus
3263 920 3272 927 ’

514 1066 539 1083 s
588 1055 835 1098 caverna
873 1056 1129 1099 noverca
1166 1046 1227 1098 et
1263 1035 1547 1097 adversus
1590 1038 1977 1117 praepositio,
2019 1045 2257 1116 praeter
2297 1035 2575 1098 trabeam.
2640 1033 3003 1114 gubernator
3039 1035 3198 1094 enim
3227 1046 3254 1085 ⁵

586 1142 724 1204 licet
770 1162 877 1223 per
923 1144 961 1206 b
1008 1152 1232 1206 mutam
1281 1142 1602 1225 scribatur,
1648 1152 1848 1204 tamen
1895 1143 2007 1204 hoc
2055 1162 2271 1204 nomen
2317 1142 2576 1204 arbitror
2623 1161 2655 1202 a
2700 1141 2968 1221 guberno
3019 1139 3198 1199 verbo

586 1237 905 1329 figuratum
952 1254 1307 1332 consistere,
1353 1252 1524 1311 cuius
1570 1249 1808 1330 regulas
1853 1258 2060 1330 postea
2099 1249 2542 1331 meditabimur,
2588 1267 2724 1309 cum
2763 1247 2835 1309 ad
2881 1255 3198 1308 tractatum

589 1355 626 1415 b
672 1355 905 1418 litterae
944 1359 1232 1420 trifariam
1281 1360 1342 1418 in
1382 1358 1618 1418 nomine
1665 1358 1891 1437 positae
1931 1359 2283 1419 venerimus,
2358 1359 2438 1418 ita
2484 1366 2707 1436 tamen,
2754 1358 2805 1416 si
2853 1374 2970 1415 non
3017 1353 3198 1414 demi—

587 1466 789 1524 nutiva
844 1466 1079 1525 nomina
1138 1463 1227 1526 vel
1282 1464 1600 1526 derivativa
1661 1454 1910 1527 fuerint:
1975 1463 2076 1526 illa
2131 1466 2321 1547 enim,
2385 1466 2542 1525 sicut
2594 1464 2871 1543 superius
2926 1462 3200 1542 diximus,

586 1578 899 1650 prototypa
939 1590 1044 1632 sua
1091 1579 1446 1653 sequentur,
1492 1581 1561 1633 ut
1607 1571 1755 1633 liber
1803 1571 2054 1633 libertus
2100 1571 2360 1652 libellus,
2405 1574 2593 1632 hiems
2631 1570 2722 1630 vel
2767 1567 2958 1630 imber
3003 1567 3198 1629 hiber·
3231 1579 3283 1617 1⁰

587 1693 730 1757 nuS,
783 1677 1038 1739 flabrum
1092 1677 1417 1759 flabellum,
1475 1676 1670 1738 tabula
1716 1676 1928 1738 tabella
1976 1675 2220 1738 taberna
2268 1675 2741 1757 tabernaculum,
2795 1673 3044 1736 bellator
3093 1676 3198 1734 im-

587 1781 757 1843 bellis
803 1784 894 1845 vel
941 1783 1298 1870 imbecilluS,
1358 1783 1552 1845 fabula
1600 1781 1837 1864 fabella,
1894 1800 2042 1861 quae
2090 1786 2286 1843 omnia
2331 1801 2440 1863 per
2485 1781 2525 1842 b
2573 1790 2794 1843 mutam
2841 1800 2952 1843 ceu
2998 1783 3199 1860 primi·

589 1886 799 1949 formia
833 1891 1175 1952 scribentur
1204 1892 1554 1952 certissime.
1610 1889 1685 1951 be
1712 1888 2003 1970 producta
2032 1907 2140 1969 per
2168 1889 2458 1950 b·mutam
2488 1889 2857 1950 omnifariam
2887 1886 3203 1969 scribetur,

768 2069 794 2115 1
836 2062 1139 2118 diriuatum
1176 2064 1232 2117 B
1366 2069 1401 2117 4
1436 2064 1662 2117 notetur
1695 2060 1815 2115 BC
1845 2062 2074 2115 notatur
2108 2060 2163 2114 A
2292 2066 2323 2115 5
2362 2060 2621 2130 noverca]
2661 2075 2834 2114 cavea
2869 2060 2921 2113 A
3059 2064 3089 2112 ⁷
3130 2058 3203 2113 ad

585 2141 891 2197 tractatum
918 2160 1020 2213 per
1042 2145 1081 2199 b
1110 2143 1335 2198 litterae
1362 2143 1416 2195 B
1455 2142 1527 2197 ad
1555 2143 1862 2196 tractatum
1889 2141 1927 2195 b
1955 2141 2204 2196 litteram
2241 2140 2288 2196 G'
2319 2140 2392 2195 ad
2419 2140 2777 2195 tractandum
2804 2139 2842 2192 b
2871 2138 3118 2193 litteram
3146 2140 3202 2192 A

665 2227 728 2274 10
766 2224 831 2277 ut
865 2222 1008 2278 liber
1038 2222 1273 2278 libertus
1300 2221 1525 2277 libellus
1552 2222 1644 2278 uel
1672 2221 1852 2276 imber
1889 2220 2154 2276 hibernus
2183 2221 2399 2290 (ymber
2425 2220 2704 2289 hybernus
2729 2219 2807 2289 B)
2845 2218 2968 2272 AB
3003 2220 3069 2272 ut
3105 2219 3201 2288 bip

590 2302 747 2370 (corr.
786 2302 892 2371 lib)
927 2302 1050 2371 lipt'
1080 2302 1305 2357 libellus
1341 2301 1378 2355 l‘
1415 2302 1537 2357 iber
1572 2301 1798 2356 ibernus
1839 2301 1887 2355 (J
1917 2356 1954 2379 A,
1993 2309 2057 2356 11
2099 2302 2320 2357 fabrum
2357 2300 2627 2355 fabellam
2665 2300 2722 2353 B
2846 2298 3072 2353 inbellis
3110 2299 3199 2352 uel

588 2379 883 2434 inbecillus
920 2380 974 2434 B
1011 2379 1233 2437 inbellis
1268 2381 1361 2436 uel
1397 2381 1675 2436 inbecillis
1712 2383 1766 2435 A
1786 2380 1834 2434 G
1975 2378 2040 2436 13
2078 2383 2388 2438 scribentur
2423 2379 2539 2435 AC'

1494 2681 1862 2737 MARTYRH
1899 2681 1997 2736 DE
2033 2682 2080 2736 B
2118 2682 2214 2737 ΕΤ
2252 2682 2303 2735 V

593 2869 726 2911 rum
787 2852 924 2930 quia
979 2850 1088 2911 alia
1135 2868 1209 2911 ex
1262 2851 1627 2929 posteritatis
1684 2848 1903 2929 syllaba
1958 2851 2294 2931 nominum,
2349 2847 2458 2908 alia
2515 2867 2588 2909 ex
2635 2848 2832 2910 verbis
2877 2851 3202 2929 composita

592 2956 685 3020 vel
731 2956 993 3018 derivata
1040 2964 1207 3039 sunt,
1255 2957 1379 3016 suis
1424 2956 1571 3017 locis
1619 2958 1912 3017 rationem
1960 2955 2370 3017 festinabimus
2417 2954 2687 3017 reddere.

769 3062 850 3124 Ve
898 3070 1173 3143 correpta
1228 3064 1348 3123 sive
1397 3062 1522 3123 sola
1576 3063 1757 3124 fuerit
1812 3064 1934 3124 sive
1990 3064 2218 3124 adiecta
2265 3071 2653 3145 consonante,
2708 3079 2816 3143 per
2864 3081 2897 3122 v
2942 3060 3204 3123 vocalem

593 3169 722 3231 loco
770 3173 1020 3251 positam
1067 3170 1446 3231 consonantis
1493 3176 1764 3250 notetur,
1810 3177 1877 3230 ut
1921 3171 2151 3235 iuvenis
2189 3169 2388 3229 alveus
2435 3169 2601 3230 fovea
2649 3169 2869 3230 advena
2915 3171 3203 3230 iuvencus

592 3295 839 3338 caverna
880 3295 1131 3338 noverca
1168 3285 1229 3337 et
1265 3275 1547 3335 adversus
1583 3278 1972 3356 praepositio,
2016 3283 2253 3355 praeter
2292 3273 2572 3337 trabeam.
2637 3276 2998 3356 gubernator
3043 3279 3203 3336 enim
3231 3288 3258 3327 ⁵

592 3381 733 3443 licet
775 3401 884 3463 per
931 3383 968 3443 b
1015 3391 1238 3445 mutam
1285 3381 1606 3456 scribatur,
1660 3389 1855 3442 tamen
1904 3381 2015 3442 hoc
2063 3400 2278 3443 nomen
2326 3380 2583 3443 arbitror
2629 3401 2662 3442 a
2708 3380 2973 3461 guberno
3020 3381 3203 3442 verbo

594 3490 910 3568 figuratum
949 3491 1304 3572 consistere,
1349 3489 1521 3548 cuius
1568 3486 1804 3566 regulas
1850 3496 2055 3568 postea
2094 3488 2527 3550 meditabimur.
2601 3491 2683 3550 ita
2728 3498 2950 3565 tamen,
2995 3491 3046 3550 si
3083 3508 3203 3550 non

595 3595 941 3656 diminutiva
980 3599 1216 3658 nomina
1254 3593 1346 3656 vel
1383 3594 1701 3655 derivativa
1742 3594 1981 3656 fuerint.
2055 3594 2151 3655 illa
2190 3597 2374 3676 enim,
2420 3598 2578 3657 sicut
2615 3597 2892 3676 superius
2929 3594 3205 3674 diximuS,

594 3709 906 3781 prototypa
947 3721 1052 3764 sua
1091 3710 1446 3783 sequentur,
1490 3708 1559 3761 ut
1595 3699 1746 3761 liber
1781 3700 2033 3763 libertus
2071 3701 2341 3782 libellus,
2385 3701 2617 3764 labrum
2664 3701 2967 3778 labellum,
3012 3700 3203 3761 hiems

590 3807 678 3867 vel
738 3806 931 3869 imber
984 3809 1298 3891 hibernus,
1363 3808 1614 3869 flabrum
1671 3807 1997 3892 flabellum,
2057 3809 2251 3871 tabula
2313 3808 2582 3891 taberna,
2643 3807 2890 3869 bellator
2950 3805 3205 3868 imbellis
3235 3823 3288 3862 10

588 3912 680 3972 vel
725 3913 1083 3999 imbecillus,
1142 3935 1293 3995 quae
1340 3916 1533 3975 omnia
1585 3933 1694 3994 per
1740 3914 1778 3976 b
1828 3924 2049 3977 mutam
2096 3934 2207 3977 ceu
2254 3916 2641 3996 primiformia
2690 3913 3029 3975 scribentur
3074 3932 3202 3974 cer·
3337 3914 3346 3920 “

590 4021 833 4081 tissime.
932 4020 1004 4082 be
1064 4023 1365 4102 producta
1423 4038 1532 4104 per
1587 4019 1625 4080 b
1686 4029 1912 4082 mutam
1970 4024 2340 4084 omnifariam
2401 4020 2722 4102 scribetur,
2798 4029 2868 4081 ut
2929 4020 3207 4102 verbena,

590 4126 806 4189 rubeta
843 4118 880 4189 ὁ
918 4127 1201 4210 φρῦνος,
1240 4128 1563 4211 ambesum,
1598 4127 1844 4190 habena.
1910 4131 2204 4210 excipitur
2240 4148 2448 4212 avena,
2485 4111 2635 4208 quae
2675 4127 2965 4207 significat
3000 4127 3205 4188 tibiam

591 4269 771 4276 -—----

773 4332 800 4379 1
852 4327 1003 4383 aliae
1045 4344 1113 4382 ex
1158 4327 1495 4398 posteritate
1542 4326 1794 4396 syllabae
1842 4327 2131 4382 nominum
2167 4328 2235 4383 N
2273 4328 2389 4383 alia
2435 4344 2502 4381 ex
2547 4325 2877 4397 posteritate
2913 4325 3203 4381 nominum

593 4406 813 4475 syllaba.
849 4407 906 4460 P
1024 4413 1056 4462 2
1095 4406 1187 4460 vel
1225 4406 1478 4462 derivata
1515 4405 1571 4459 P
1599 4422 1672 4460 an
1709 4406 1967 4461 derivata
2002 4407 2070 4460 N
2176 4406 2564 4462 festinavimus
2599 4405 2667 4460 N
2785 4411 2820 4459 4
2855 4407 3118 4460 notentur
3143 4405 3213 4458 N

591 4487 882 4542 notabitur
922 4487 979 4543 P
1119 4494 1150 4543 6
1190 4487 1466 4542 scribatur
1506 4485 1563 4538 P
1595 4484 1858 4541 scribitur
1892 4486 1961 4540 N
2098 4494 2128 4542 7
2168 4486 2566 4543 meditabimur
2600 4485 2659 4539 P
2686 4483 3023 4540 meditemur
3055 4485 3126 4539 N

594 4571 626 4620 8
662 4567 754 4621 vel
790 4566 1105 4623 derivativa
1145 4566 1201 4620 P
1233 4584 1306 4621 an
1343 4563 1623 4621 defectiva
1657 4564 1725 4618 N
1899 4566 2151 4637 superius
2187 4566 2303 4621 dixi
2348 4565 2650 4636 prototypa
2699 4566 2766 4619 ut
2800 4563 2943 4620 liber
2977 4563 3206 4620 libellus

591 4648 812 4703 labrum
855 4647 1147 4702 labellum⁴
1170 4646 1391 4701 fabrum
1435 4644 1723 4700 flabellum
1768 4645 1826 4698 P
2007 4652 2039 4700 9
2076 4647 2380 4717 prototypa
2414 4662 2516 4700 sua
2551 4661 2652 4701 om.
2690 4644 2756 4698 N
2949 4643 3202 4715 libellus]

593 4726 846 4781 libellum
893 4727 962 4781 N
1097 4725 1278 4781 hiems
1324 4742 1398 4780 an
1440 4725 1621 4781 imb'er
1664 4723 1731 4779 N
1872 4730 1938 4778 10
1982 4724 2206 4780 inbellis
2251 4726 2311 4780 et
2354 4723 2651 4779 inbecillus
2698 4724 2755 4777 P
2893 4730 2954 4778 11
3009 4723 3207 4794 primi·

594 4806 798 4862 formia
844 4807 901 4861 P
942 4807 1158 4877 primae
1207 4805 1420 4862 formae
1466 4805 1534 4860 N
1674 4811 1738 4859 12
1784 4804 1858 4860 be
1902 4805 2176 4874 producta
2218 4821 2321 4875 per
2364 4805 2402 4859 b
2446 4807 2662 4860 mutam
2707 4803 2981 4860 scribetur
3025 4803 3205 4858 omni-

595 4887 795 4943 fariam
825 4889 883 4942 P
906 4887 972 4942 In
998 4887 1068 4941 be
1092 4918 1155 4926 —
1186 4885 1499 4941 scribentur
1524 4887 1589 4941 N
1695 4892 1760 4939 13
1789 4901 1969 4941 avena
1994 4901 2095 4941 om.
2123 4884 2202 4951 N,
2230 4885 2358 4939 add.
2378 4883 2435 4939 P
2526 4884 2727 4942 tibiam
2747 4901 2819 4941 an
2848 4883 3116 4954 stipulam
3143 4884 3213 4937 N
