3613 5528
1328 439 1426 495 os
1464 436 2049 496 os'rsossAPmA
2673 395 2678 399 ’
2873 434 2998 498 145

387 554 432 591 P.
461 542 566 582 2278
591 541 639 582 P.

390 620 634 707 ‘quom',
670 624 942 711 moderni
982 618 1165 685 ‘cum'
1200 623 1379 685 scribi
1416 627 1641 686 rectius
1670 627 2082 705 aestimarunt;
2121 632 2186 713 et
2218 633 2416 686 cetera
2447 643 2595 705 quae
2626 621 2830 684 subtili
2867 623 2997 701 qui-

387 732 547 812 dem,
601 731 703 792 sed
762 732 1096 792 necessaria
1151 730 1533 793 distinctione
1587 740 1909 793 narrantur
1966 750 2088 794 non
2144 731 2426 794 velociter
2480 733 2838 813 transcurri,
2894 729 2997 790 sed

390 838 634 899 sollicita
682 839 900 898 mentis
947 839 1274 925 iqtentione
1323 840 1594 920 tractavi,
1654 845 1722 899 ut
1768 855 1919 917 quae
1965 838 2179 918 incipis
2225 836 2375 897 bene
2411 836 2654 898 discere
2703 836 2774 897 ad
2822 837 2998 896 finem

384 945 766 1025 perfectionis
810 945 1097 1005 inoffensa
1145 941 1363 1003 debeas
1409 946 1892 1023 pronuntiatione
1939 943 2291 1023 perducere.
2361 961 2496 1004 nam
2543 944 2595 1003 si
2643 940 2811 1002 vobis
2847 939 3000 1001 adsit

306 1067 331 1107 5
387 1051 654 1132 capiendi
716 1050 1106 1131 desiderium,
1162 1067 1313 1129 quae
1359 1051 1526 1129 prius
1571 1069 1679 1131 per
1725 1068 1951 1111 moram
1998 1050 2343 1131 quaesistis,
2390 1051 2663 1130 protinus
2710 1048 2999 1108 inoffensa

385 1158 692 1220 velocitate
738 1157 1181 1231 transcurretis
1255 1155 1578 1234 gloriosum
1624 1158 1895 1238 profecto
1943 1156 2204 1217 studium
2251 1164 2312 1216 et
2355 1155 2630 1217 humanis
2672 1173 2740 1215 ac
2787 1154 3000 1214 divinis

385 1264 598 1325 litteris
609 1313 627 1346 ,
672 1272 742 1326 ut
785 1263 1038 1345 videtur,
1084 1262 1556 1339 accommodum,
1604 1263 1762 1343 quod
1810 1263 1972 1344 loqui
2020 1263 2235 1325 debeas
2283 1268 2690 1343 competenter
2736 1259 2999 1322 scribere

387 1379 446 1432 et
491 1389 641 1451 quae
690 1371 909 1451 scripta
957 1376 1099 1430 sunt
1154 1370 1283 1429 sine
1337 1368 1530 1449 aliqua
1587 1373 1811 1432 erroris
1867 1369 2248 1451 ambiguitate
2302 1371 2592 1451 prolerre.
2672 1388 2784 1429 vox
2841 1369 2998 1428 enim

386 1476 693 1538 articulata
750 1495 782 1537 a
844 1474 1164 1557 pecoribus
1220 1493 1328 1535 nos
1385 1486 1748 1558 sequestrat,
1803 1477 2105 1539 scribendi
2163 1496 2301 1538 vero
2360 1479 2510 1539 ratio
2570 1476 2642 1538 ab
2707 1477 3002 1557 imperitis

308 1601 361 1640 ιο
387 1583 593 1645 dividit
629 1592 689 1645 et
728 1583 1008 1643 confusis.
1073 1583 1155 1643 ita
1191 1583 1525 1661 perfectum
1563 1583 1864 1644 hominem
1901 1584 2020 1645 duo
2058 1583 2172 1645 sibi
2208 1586 2321 1646 ista
2359 1583 2657 1646 vindicant
2694 1601 2761 1644 ac
2798 1582 2998 1644 desen·

387 1690 552 1752 dunt.
626 1708 760 1750 nam
817 1707 953 1750 cum
1008 1686 1121 1748 sibi
1186 1687 1323 1748 talia
1379 1691 1548 1768 quasi
1605 1689 1723 1751 duo
1777 1689 2000 1751 lumina
2047 1692 2456 1773 consentiunt,
2510 1698 2764 1770 utraque
2820 1696 3000 1763 recta,

389 1806 638 1875 utraque
685 1795 900 1857 decora
948 1801 1119 1875 sunt3
1179 1813 1314 1856 cum
1362 1813 1503 1856 vero
1550 1813 1583 1856 a
1630 1814 1693 1857 se
1741 1796 2081 1877 discrepare
2130 1799 2465 1881 coeperint,
2509 1798 2718 1858 vitium
2765 1792 3001 1856 strabae

389 1902 684 1964 foeditatis
728 1905 1065 1965 incurrunt.
1116 1971 1121 1977 ¹

563 2009 694 2072 Erit
739 2012 937 2090 itaque
985 2011 1357 2090 propositum
1405 2000 1675 2071 nostrum
1724 2028 1874 2090 quae
1922 2018 2331 2090 competenter
2377 2010 2695 2071 modernae
2752 2024 3001 2069 consue-

313 2134 363 2173 ιε»
392 2117 581 2179 tudini
635 2116 708 2177 ab
763 2119 1024 2197 antiquis
1079 2116 1293 2178 tradita
1352 2124 1493 2177 sunt
1548 2120 1717 2196 quasi
1778 2120 1841 2178 in
1888 2136 2065 2179 unam
2114 2135 2394 2179 coronam
2441 2117 2712 2197 redigere
2759 2124 2819 2177 et
2865 2116 3003 2176 usui

392 2223 780 2285 celeberrimo
828 2224 1131 2304 deputare.
1187 2222 1285 2283 illa
1332 2240 1472 2283 vero
1520 2241 1670 2302 quae
1718 2225 2057 2304 antiquitati
2112 2225 2296 2303 magis
2352 2226 2712 2285 conveniunt
2765 2221 3005 2303 expedit

392 2332 519 2391 sine
566 2330 931 2392 dubitatione
979 2329 1344 2409 relinquere,
1391 2347 1468 2390 ne
1515 2328 1681 2391 labor
1726 2330 2071 2391 adsumatur
2116 2332 2508 2412 incongruuS,
2557 2333 2658 2411 qui
2703 2330 3004 2411 praesenti

393 2437 627 2499 saeculo
684 2438 916 2500 videtur
970 2436 1213 2499 inutilis.
1288 2438 1364 2496 sit
1410 2454 1552 2516 ergo
1599 2439 1660 2497 in
1716 2439 1910 2517 primo
1965 2436 2118 2497 libro
2176 2438 2619 2497 institutionum
2664 2445 3004 2497 nostrarum

392 2543 564 2606 titulo
612 2546 790 2606 tertio
837 2544 1096 2627 decimo,
1144 2561 1320 2623 quem
1367 2543 1438 2603 ad
1487 2542 1729 2604 modum
1774 2542 1891 2623 legi
1938 2542 2152 2604 debeat
2197 2541 2468 2603 caelestis
2503 2545 2855 2624 auctoritaS,
2901 2540 3005 2604 ubi

314 2667 368 2706 πο
395 2650 670 2713 idiomata
715 2652 863 2732 legis
909 2651 1138 2713 divinae
1178 2651 1477 2713 communi
1515 2652 1653 2711 usui
1697 2651 2087 2731 repugnantia
2128 2668 2246 2710 non
2294 2651 2676 2729 permisimus
2713 2650 3004 2730 dissipari.

392 2756 490 2820 hic
527 2768 751 2842 autem,
799 2762 859 2821 in
907 2758 1059 2821 libro
1098 2759 1326 2821 scilicet
1363 2757 1845 2838 orthographiae,
1890 2755 2137 2818 liberius
2178 2764 2238 2819 et
2282 2755 2639 2836 generaliter
2677 2763 3007 2838 appetatur,

395 2882 571 2943 quem
618 2865 689 2927 ad
737 2867 976 2928 modum
1024 2886 1095 2928 ex
1141 2863 1364 2945 regulis
1410 2866 1628 2925 artium
1672 2864 2065 2925 humanarum
2104 2862 2261 2925 salva
2302 2865 2653 2925 auctoritate
2701 2865 3006 2925 seniorum

396 2980 608 3034 ctlncta
662 2972 838 3035 lectio
894 2973 1110 3035 decora
1163 2975 1340 3034 nimis
1395 2980 1456 3033 et
1512 2979 1780 3032 correcta
1844 2970 2142 3032 reddatur.
2226 2972 2413 3050 siquis
2467 2978 2665 3031 autem
2731 2978 3028 3031 auctores⁴

396 3076 826 3160 orthographos
883 3081 945 3140 in
1002 3086 1168 3142 textu
1225 3097 1337 3140 suo
1395 3077 1592 3157 legere
1650 3078 1903 3138 sortasse
1959 3076 2239 3158 voluerit,
2295 3078 2685 3157 transcriptos
2745 3071 3008 3138 inveniet

317 3201 369 3242 25
397 3203 548 3264 quos
594 3204 732 3268 ego,
778 3195 1032 3266 quantos
1078 3187 1249 3267 potui
1294 3187 1594 3265 reperire,
1640 3185 2001 3244 monasterio
2049 3200 2181 3243 meo
2238 3190 2574 3262 praestante
2622 3183 2859 3245 domino
2907 3183 3006 3245 de-

395 3293 639 3376 reliqui,
676 3303 742 3355 ut
777 3294 954 3356 latius
991 3293 1146 3355 dicta
1184 3292 1439 3373 probare
1477 3293 1720 3372 possitis
1752 3293 1816 3352 in
1857 3290 2202 3352 auctoribus
2242 3293 2394 3373 suiS,
2431 3309 2584 3371 quos
2617 3309 2725 3352 nos
2761 3296 3008 3372 propter

398 3398 696 3462 fastidium
742 3408 1006 3463 vestrum
1053 3400 1426 3461 deflorandos
1473 3418 1603 3460 esse
1651 3400 2005 3479 putavimus.
2846 3471 2859 3483 ·

572 3505 720 3568 Illud
768 3508 945 3567 etiam
981 3525 1087 3567 vos
1125 3524 1481 3586 magnopere
1519 3504 1746 3567 credidi
1785 3504 2275 3588 commonendos,
2321 3514 2389 3567 ut
2425 3505 2836 3567 distinctiones
2856 3485 3008 3566 'sen-

398 3631 572 3674 suum
626 3612 875 3674 sollicita
930 3622 1126 3674 mente
1182 3615 1532 3693 perquirere
1589 3631 1657 3673 ac
1712 3630 1936 3693 ponere
1993 3611 2283 3693 debeatiS,
2347 3614 2476 3673 sine
2533 3611 2752 3692 quibus
2814 3631 3008 3693 neque

320 3735 373 3775 ao
397 3718 594 3798 legere
644 3721 958 3799 quicquam
1005 3726 1415 3800 competenter
1461 3737 1656 3798 neque
1703 3718 2047 3798 intellegere
2103 3717 2527 3798 praevalemus.
2609 3721 2765 3780 scire
2811 3727 3009 3780 autem

402 3824 686 3887 debemus
722 3824 1015 3887 Donatum
1051 3824 1456 3905 artigraphum
1503 3824 1576 3885 de
1622 3827 1910 3904 posituris
1956 3827 2035 3885 ita
2082 3832 2400 3906 tractasse,
2446 3832 2515 3886 ut
2559 3843 2679 3886 non
2724 3824 2808 3886 ibi
2854 3826 3010 3886 ordi-

402 3950 538 3992 nem
586 3931 690 3993 sed
734 3934 990 3994 virtutes
1035 3951 1240 3994 earum
1286 3935 1484 4012 potius
1530 3933 1864 4011 exprimere
1912 3930 2197 3993 videatur.
2273 3950 2407 3993 nam
2465 3933 2516 3991 si
2562 3931 3011 3993 distinctionum

406 4039 619 4098 seriem
676 4056 785 4118 per
838 4039 1058 4118 gradus
1112 4040 1380 4119 cognitos
1438 4043 1820 4118 sequeretur,
1889 4039 2081 4117 primo
2150 4036 2412 4119 plenam,
2477 4036 2691 4100 deinde
2761 4039 3011 4100 mediam

402 4161 775 4223 nequaquam
838 4164 1061 4226 ponere
1126 4146 1445 4226 potuisset3
1509 4161 1619 4203 nec
1683 4142 1821 4203 inde
1879 4146 2065 4223 magis
2129 4146 2446 4226 inciperet,
2511 4144 2614 4206 ubi
2676 4146 3012 4227 praedictae

410 4291 467 4298 *—

546 4375 578 4423 2
617 4385 728 4425 non
764 4386 866 4426 om.
905 4370 1152 4437 ABGs‘,
1189 4370 1316 4425 add.
1358 4368 1554 4424 Carrio
1680 4374 1713 4422 3
1761 4368 1932 4424 solita.
1975 4368 2030 4421 B
2151 4368 2394 4425 tractaui
2431 4385 2464 4427 ς
2500 4369 2732 4425 tractari
2766 4368 2949 4423 ABG

405 4456 437 4505 6
472 4450 864 4506 transcurretis
895 4451 1116 4516 Carrio,
1151 4448 1531 4504 transeam-itis
1567 4448 1790 4506 ABC's
1910 4454 1940 4502 7
1981 4448 2156 4519 quod]
2196 4448 2333 4517 quid
2363 4449 2409 4503 O
2442 4465 2584 4517 quae
2620 4450 2674 4503 A
2794 4465 3013 4520 compe-

404 4533 591 4585 tenter
609 4533 668 4586 et
686 4531 927 4586 scribere
951 4530 998 4584 0
1094 4536 1159 4585 10
1179 4528 1285 4584 sibi
1303 4529 1417 4583 ista
1435 4530 1490 4583 B
1517 4530 1628 4584 ista
1646 4528 1757 4583 sibi
1775 4530 1830 4583 A
1846 4528 1893 4582 G
1989 4536 2015 4582 1
2027 4537 2051 4583 1
2074 4528 2184 4584 sibi
2201 4527 2342 4583 talia
2358 4528 2520 4597 quasi
2539 4528 2649 4583 dno
2671 4529 2881 4584 lumina
2895 4527 3015 4583 AB

408 4608 517 4663 sibi
536 4607 677 4664 talia.
694 4626 838 4678 quae
858 4612 990 4664 sunt
1007 4609 1116 4663 duo
1136 4608 1351 4663 lumina
1362 4608 1491 4664 Par.
1506 4625 1539 4667 ς
1560 4608 1666 4663 sibi
1688 4609 1797 4663 duo
1818 4609 1930 4664 ista
1952 4607 1999 4661 C
2072 4609 2248 4679 recta]
2267 4611 2455 4663 rectae
2469 4606 2523 4660 B
2605 4614 2672 4661 22
2694 4624 2762 4662 ex
2780 4607 3014 4679 regulis]

409 4692 469 4744 et
493 4688 704 4758 regulis
730 4688 848 4744 AG
980 4693 1049 4743 26
1076 4689 1303 4758 possitis
1333 4689 1591 4759 (possetis
1620 4693 1675 4752 ς)
1705 4689 1761 4743 in
1790 4690 2114 4745 auctoribus
2143 4687 2259 4743 suis
2288 4686 2421 4756 (suis
2447 4701 2550 4741 om,
2575 4687 2650 4752 B,
2677 4688 2805 4742 add.
2835 4688 2889 4755 b)
2916 4687 3016 4745 Βς

405 4769 556 4840 posit
598 4768 659 4823 in
703 4768 930 4824 auribus
978 4768 1090 4822 suis
1125 4770 1180 4823 A
1226 4768 1406 4838 possis
1451 4768 1511 4823 in
1546 4769 1775 4824 auribus
1823 4769 1935 4824 suis
1975 4768 2023 4823 G
2157 4767 2284 4838 nos]
2321 4783 2435 4820 non
2470 4765 2570 4824 Bc.-
2713 4772 2782 4822 28
2820 4766 3014 4838 etiam]

411 4903 473 4956 et
496 4900 612 4955 AG
713 4907 782 4955 29
819 4917 886 4957 ac
912 4901 1146 4973 ponere]
1185 4861 1531 4971 {conponere
1559 4900 1614 4954 B
1722 4908 1792 4955 34
1828 4917 1933 4956 nec
1958 4902 2090 4956 inde
2117 4901 2297 4972 magis
2323 4900 2377 4954 A
2416 4898 2618 4955 deinde
2646 4899 2829 4969 magis
2863 4899 3019 4957 Boc,-

517 5009 827 5041 annun-101
851 5010 1025 5040 nunu
1050 5010 1135 5040 vn.
2527 4997 2591 5045 10
