3613 5528
1327 448 1424 503 DE
1461 447 2048 505 ORTHOGRAPHIA
2953 453 2995 515 5

390 654 560 717 quem
604 636 947 697 Priscianus
1003 633 1255 696 subinde
1304 633 1729 696 Terentianum
1784 634 2069 716 appellat:
2125 653 2235 696 nos
2291 644 2488 697 tamen
2537 636 2675 697 freti
2721 636 3002 699 Gellianis

389 743 714 825 codicibuS,
772 751 896 805 tum
944 743 1353 803 uetustissimo
1400 741 1748 826 exemplari,
1804 742 2153 804 Terentium
2202 745 2404 823 potius
2451 743 2745 805 edidimus
2754 792 2775 826 ,
2829 745 3003 807 cuius

384 857 618 929 praeter
663 848 775 910 alia
821 850 1042 928 ingenii
1089 850 1450 910 monimenta
1496 849 1757 910 citantur
1802 849 1958 929 apud
2009 849 2255 910 idoneos
2301 858 2572 931 autores,
2618 849 2893 932 Fabulae,
2939 859 3000 913 et

384 957 454 1018 de
501 955 807 1018 erroribus
846 955 1082 1017 Cesellii
1121 953 1381 1016 Vindicis
1428 950 1619 1017 libri'.
1693 954 1879 1016 codex
1919 963 2117 1017 autem
2166 975 2284 1035 quo
2325 955 2646 1018 Sichardus
2685 975 2831 1018 usus
2871 966 2999 1018 erat

382 1071 483 1125 aut
537 1065 663 1143 ipse
720 1062 1021 1124 Palatinus
1081 1063 1221 1144 suit,
1275 1065 1379 1142 qui
1436 1081 1595 1124 nunc
1652 1071 1957 1144 superest,
2027 1071 2130 1124 aut
2186 1062 2326 1124 huic
2382 1062 2608 1124 similis.
2691 1081 2828 1124 cum
2885 1063 2998 1125 hoc

276 1156 289 1167 ’
383 1173 539 1233 enim
578 1171 719 1233 editi
757 1170 1110 1250 exemplaris
1146 1170 1323 1231 lectio
1362 1169 1713 1250 plerumque
1743 1172 2057 1231 consentit.
2106 1168 2180 1230 ab
2208 1170 2387 1232 huius
2424 1169 2646 1231 codicis
2684 1173 2999 1252 scriptura,

383 1296 531 1357 quae
579 1286 672 1340 est
715 1281 776 1339 in
823 1275 1086 1339 clausula
1133 1276 1270 1339 libri
1315 1297 1371 1358 p.
1419 1275 1594 1339 2262
1640 1280 1797 1339 haec
1842 1286 1984 1339 sunl
2029 1297 2190 1353 quae
2235 1282 2484 1355 umenti
2527 1287 2794 1355 tempore
2838 1297 2995 1339 com-

375 1389 562 1463 plecti
617 1388 730 1446 tibi
791 1389 853 1446 in
908 1388 1268 1462 praesentia
1322 1388 1592 1463 potuit
1656 1386 1745 1445 he
1803 1387 1874 1445 si
1934 1386 2127 1459 quid
2189 1388 2476 1462 exemplis
2541 1383 2838 1462 defecerit
2901 1390 3004 1447 uel

380 1495 834 1569 quaestionibus
890 1494 1365 1567 subiunyentur‚
1429 1492 1736 1571 protectus
1791 1499 1885 1552 est
1945 1490 2295 1572 SicharduS,
2350 1509 2489 1551 cum
2543 1500 2604 1551 et
2659 1490 2743 1552 ibi
2799 1492 2997 1553 addito

381 1599 597 1661 Thesei
652 1601 891 1660 nomine
948 1597 1240 1659 scriberet
1285 1596 1463 1675 potu‘i
1513 1597 1741 1659 Theseu
1798 1600 1965 1674 quod
2015 1615 2126 1676 pro
2181 1599 2360 1675 potui
2408 1600 2467 1657 st·
2517 1600 2670 1673 quid
2725 1606 2785 1660 et
2838 1598 2998 1659 idem

382 1724 596 1767 nomen
641 1708 702 1767 in
750 1706 1137 1785 inscriptione
1198 1701 1332 1764 libri
1378 1712 1657 1785 poneret,
1722 1706 1785 1777 Q.
1841 1703 2112 1765 Terentii
2154 1705 2386 1765 Scauri
2430 1706 2507 1765 de
2551 1707 2997 1783 orthoyraphe'a

381 1816 466 1874 ad
515 1814 816 1875 Theseum.
890 1812 1099 1873 eadem
1153 1812 1461 1891 inscriptio
1525 1818 1764 1891 praeter
1810 1812 2143 1891 principem
2189 1810 2508 1872 editionem
2556 1813 2619 1872 in
2665 1812 2995 1892 fragmento

381 1919 604 1981 codicis
642 1918 907 1980 Vaticani
943 1920 1178 1999 legitur.
1255 1918 1359 1979 sed
1407 1920 1537 1979 eius
1584 1918 1901 1997 fragmenti
1949 1918 2306 1998 scripturam
2352 1919 2414 1978 in
2461 1916 2710 1998 reliquis
2757 1938 2995 1999 quoque

383 2045 518 2088 cum
563 2029 856 2106 impresso
904 2025 1174 2106 exemplo
1231 2027 1315 2087 ita
1358 2026 1558 2085 inveni
1603 2026 2097 2106 consentientem,
2142 2031 2211 2085 ut
2256 2042 2376 2085 non
2424 2024 2691 2087 videatur
2739 2023 2994 2087 dubitari

380 2152 553 2215 posse
609 2135 753 2212 quin
811 2151 884 2194 ex
939 2131 1053 2194 hoc
1111 2136 1242 2213 ipso
1299 2131 1614 2193 Vaticanus
1671 2131 1858 2192 codex
1915 2130 2283 2214 descriptuS,
2338 2150 2457 2192 non
2513 2150 2586 2192 ex
2642 2130 2742 2192 illo
2789 2132 2994 2193 codice

379 2241 559 2303 editio
599 2216 867 2302 Sichardi
908 2241 1058 2301 sacta
1096 2242 1190 2302 sit.
1255 2259 1327 2301 ex
1368 2238 1691 2300 Basileensi
1738 2238 1999 2300 editione
2048 2247 2289 2319 recepta
2335 2246 2476 2300 sunt
2522 2246 2802 2320 excerpta
2838 2238 2994 2319 apud

380 2347 444 2410 G.
482 2346 818 2408 Fabricium
864 2364 1109 2426 gramm.
1149 2355 1259 2407 vet.
1304 2344 1405 2406 lib.
1453 2345 1525 2406 de
1572 2347 1937 2425 proprietate
1986 2354 2046 2406 et
2091 2345 2443 2408 differentiis
2491 2347 2783 2407 sermonis
2827 2344 2995 2408 latini

380 2472 428 2515 a.
472 2450 663 2535 1569,
708 2454 960 2532 repetita
1006 2469 1039 2511 a
1077 2450 1439 2513 Gothosredo
1486 2461 1639 2512 auct.
1687 2451 1784 2513 lat.
1831 2451 1970 2531 ling.
2014 2471 2074 2533 p.
2117 2448 2286 2514 1373
2337 2460 2396 2514 et
2441 2471 2473 2513 a
2523 2450 2806 2513 Vulcanio
2844 2452 2993 2515 theS.

381 2569 495 2622 utr.
540 2560 680 2639 ling.
717 2579 773 2639 p.
815 2552 1044 2640 759.*)
1117 2558 1363 2619 eandem
1411 2558 1731 2620 editionem
1778 2560 2002 2640 paucis,
2049 2578 2199 2638 quae
2249 2560 2561 2621 manifesto
2608 2578 2815 2621 errore
2862 2578 2991 2621 cor·

378 2676 552 2747 rupta
610 2675 805 2748 erant,
860 2668 1150 2727 correctis
1209 2667 1502 2745 expressit
1555 2664 1984 2747 PutschiuS,
2049 2668 2151 2745 qui
2213 2676 2272 2727 et
2327 2666 2618 2728 Beruensi
2673 2666 2876 2728 codice
2935 2677 2996 2729 et

379 2775 739 2836 coniecturis
767 2774 1081 2835 doctorum
1110 2776 1372 2834 virorum
1411 2791 1475 2834 se
1517 2792 1690 2835 usum
1729 2792 1861 2835 esse
1901 2773 2138 2856 indicat,
2176 2793 2311 2836 cum
2353 2770 2448 2835 ‘ex
2484 2773 2637 2836 libro
2665 2774 2994 2856 Bongarsii,

379 2883 537 2942 notis
589 2881 914 2943 Ranconeti
981 2888 1042 2942 et
1094 2879 1259 2943 Petri
1323 2879 1605 2941 Scriverii
1670 2876 2046 2943 restitutum'
2103 2900 2136 2942 a
2192 2900 2256 2942 se
2312 2881 2538 2942 editum
2592 2899 2728 2956 esse
2784 2881 2993 2942 Scauri

377 2987 596 3049 librum
625 2986 851 3049 scribit.
898 3005 1106 3048 verum
1133 2994 1330 3048 tamen
1366 2989 1573 3067 paucis
1609 2985 1774 3068 locis,
1814 2996 1881 3048 ut
1918 2986 2057 3069 dixi,
2093 2986 2315 3048 codicis
2354 2989 2711 3068 scripturam
2748 2988 2994 3070 recepit,
3028 3059 3035 3068 ,

292 3069 303 3080 “
379 3096 659 3174 pauciora
707 3096 882 3155 etiam
931 3095 1273 3155 coniectura
1318 3094 1668 3161 emendavit.

560 3199 627 3260 ln
667 3218 813 3261 nova
851 3200 1110 3261 editione
1149 3198 1382 3261 duobus
1420 3199 1725 3262 codicibus
1764 3219 1916 3280 quos
1955 3219 2136 3280 supra
2173 3201 2294 3262 dixi
2334 3220 2478 3262 usus
2516 3219 2664 3263 sum.
2714 3221 2746 3277 e
2778 3199 2994 3281 quihus

378 3307 743 3368 Beruensem
774 3308 882 3380 (B)
913 3309 1038 3386 ipsc
1077 3325 1211 3368 cum
1244 3305 1512 3367 Putschii
1549 3307 1810 3368 editione
1849 3305 2244 3367 contuleram:
2282 3324 2472 3367 meam
2510 3324 2752 3385 operam
2789 3314 2993 3387 postea

378 3414 658 3494 llagenus
716 3413 913 3475 denuo
959 3429 1212 3472 excusso
1259 3410 1463 3472 codice
1519 3412 1600 3472 ita
1647 3411 1969 3493 supplevit,
2029 3420 2096 3474 ut
2155 3411 2375 3472 nullam
2435 3412 2861 3475 dubitationem
2920 3415 2991 3476 de

377 3524 675 3601 scriptura
723 3519 944 3581 codicis
991 3518 1256 3580 relictam
1305 3536 1438 3578 esse
1484 3526 1708 3597 putem.
1780 3517 2113 3579 Palatinum
2153 3517 2418 3579 codicem
2457 3521 2566 3593 (P)
2606 3538 2701 3580 me
2749 3531 2992 3601 rogante

377 3626 708 3689 Stenderus
766 3644 902 3687 cum
956 3627 1227 3706 principe
1288 3624 1546 3685 editione
1594 3624 1863 3686 contulit.
1939 3626 2252 3704 utriusque
2299 3623 2436 3686 libri
2483 3624 2795 3688 lectionem
2842 3629 2992 3689 inte-

375 3753 543 3815 gram
603 3732 874 3813 exhibui,
933 3740 993 3792 et
1051 3731 1417 3792 Bernensem
1477 3729 1718 3810 quidem
1777 3732 1857 3791 ita
1917 3734 2215 3812 expressi,
2272 3737 2342 3793 ut
2400 3734 2576 3794 etiam
2631 3735 2694 3795 in
2753 3737 2984 3796 ratione

375 3839 706 3922 scribendi,
760 3846 1044 3918 quantum
1100 3839 1230 3899 fieri
1283 3845 1512 3920 posset,
1565 3836 1725 3897 bunc
1779 3854 2067 3916 sequerer
2123 3846 2183 3898 et
2235 3840 2298 3898 in
2355 3857 2425 3899 eo
2482 3857 2718 3919 quoque
2765 3859 2984 3920 genere

376 3964 615 4008 omnem
669 3946 1000 4024 scripturae
1056 3944 1510 4025 discrepantiam
1569 3945 1834 4023 exceptis
1898 3942 2136 4022 quidem
2195 3943 2375 4005 rebus
2433 3945 2772 4029 levissimis,
2838 3967 2989 4027 quae

375 4052 598 4114 nullam
645 4050 957 4113 utilitatem
994 4049 1232 4131 habent,
1278 4049 1637 4110 adnotarem.
1712 4051 2010 4129 scriptura
2049 4050 2271 4111 codicis
2308 4053 2545 4131 saepius
2580 4052 2762 4114 altera
2809 4073 2986 4116 manu

376 4162 505 4239 ipsa
569 4175 804 4238 quoque
869 4159 1135 4237 antiqua,
1198 4174 1373 4236 quam
1438 4155 1704 4236 adposita
1776 4157 1813 4216 b
1872 4155 2069 4217 littera
2133 4158 2480 4236 significavi,
2545 4168 2815 4222 correcta
2879 4171 2988 4223 est.

376 4265 607 4327 litteras
650 4266 711 4325 in
757 4281 964 4324 rasura
1011 4263 1487 4324 membranarum
1524 4263 1767 4344 positas,
1812 4265 1863 4324 si
1911 4262 2084 4324 modo
2131 4262 2274 4325 illud
2322 4266 2477 4344 quod
2519 4265 2658 4328 olim
2697 4269 2986 4347 scriptum

557 4516 607 4584 *)
663 4514 895 4572 Nullam
939 4516 1108 4572 fldem
1152 4517 1364 4572 habent
1408 4533 1551 4586 quae
1597 4514 1862 4571 Claudius
1908 4511 2260 4584 Dausqueiua
2306 4516 2365 4571 in
2412 4517 2815 4589 orthographia
2862 4536 2914 4575 v.
2963 4518 2988 4572 1

380 4615 434 4667 p.
463 4602 560 4649 162
589 4595 794 4651 Scauro
829 4596 1056 4666 tribuit,
1089 4596 1361 4652 ‘Scaurus
1398 4597 1493 4651 lib.
1523 4597 1600 4651 IX
1638 4597 1709 4652 de
1745 4592 2175 4664 orthographia:
2210 4597 2268 4649 et
2302 4612 2430 4652 raro
2459 4596 2626 4667 Capri
2661 4597 2987 4653 testimonio

382 4695 409 4730 s
445 4675 593 4746 apud
644 4676 906 4732 Etruscos
953 4675 1283 4746 exprimitur
1325 4677 1386 4730 et
1427 4693 1494 4730 ex
1539 4676 1757 4733 Latinis
1799 4674 2176 4732 locutionibus
2222 4693 2640 4748 nonnumquam
2686 4677 2986 4735 evanescit.

381 4754 618 4809 Ennius:
653 4755 875 4811 Interea
908 4755 1061 4826 fugit
1094 4756 1245 4812 albu'
1272 4756 1435 4811 iubar
1460 4756 1780 4827 Hyperioni'
1813 4756 2084 4814 cursum'.
2132 4771 2262 4809 nam
2290 4773 2471 4824 neque
2497 4774 2533 4813 a
2561 4757 2768 4814 Scauro
2804 4775 2988 4830 neque

387 4850 425 4888 a
460 4833 637 4904 Capro
672 4834 815 4890 haec
849 4834 1035 4904 petita
1068 4838 1220 4904 sunt,
1258 4835 1357 4891 sed
1392 4835 1465 4890 ab
1503 4836 1777 4906 Agroecio
1816 4855 1869 4907 p.
1909 4843 2066 4893 2269.
2120 4836 2285 4891 Ennii
2323 4839 2510 4892 autem
2550 4855 2767 4894 versum
2805 4838 2986 4910 Capro

386 4916 609 4968 auctore
644 4930 774 4970 usus
809 4914 1127 4970 Priscianus
1162 4914 1198 4969 1.
1238 4914 1289 4970 V
1326 4933 1380 4985 p.
1422 4921 1549 4985 170,
1587 4921 1620 4970 9
1657 4915 1717 4972 in
1754 4916 1871 4971 alia
1905 4918 2230 4990 quaestione
2266 4916 2575 4991 adscripsit.
