3613 5528
589 412 721 477 264
1034 430 1040 435 ·
1771 414 2016 469 BEDAE

586 524 630 562 Ρ.
658 514 777 555 2777.
807 515 858 553 78
886 514 935 553 P.
1121 514 1142 534 ⁶

666 610 682 628 ·
763 598 948 659 Ambo
987 607 1047 659 et
1092 598 1209 659 duo
1258 599 1626 680 neutraliter,
1671 599 1877 661 ambos
1925 608 1985 662 et
2031 601 2180 662 duos
2229 600 2568 663 masculine.
2643 620 2760 662 nou
2808 602 2951 663 nulli
3000 612 3193 664 tamen

588 706 844 765 Graecos
891 708 1083 767 secuti
1129 705 1335 768 dicunt
1381 705 1491 768 hos
1537 708 1656 770 duo
1702 718 1762 770 et
1809 708 1918 771 hos
1965 707 2165 791 ambo,
2220 711 2359 788 quia
2415 707 2499 769 illi
2556 698 2715 783 τοὺς
2760 702 2886 771 δύο
2933 717 2996 770 ct
3038 702 3196 783 τοὺς

587 804 787 892 ἄμφω
836 811 1068 874 dicunt:
1117 811 1407 893 Vergilius
1451 807 1684 897 (qeorq.
1735 817 1886 876 IIII
1923 809 2037 898 88)

911 937 1151 980 verum
1200 918 1319 980 ubi
1366 921 1707 982 ductores
1753 925 1906 983 acie
1954 925 2413 984 revocaveris
2458 922 2672 983 ambo.

765 1028 991 1106 Anguis
1029 1045 1166 1088 cum
1204 1029 1283 1088 sit
1320 1027 1629 1089 masculini
1666 1032 1923 1112 generiS,
1965 1029 2248 1092 dixerunt
2284 1038 2481 1092 tamen
2520 1037 2580 1090 et
2615 1031 2898 1091 feminino
2936 1027 3198 1111 OvidiuS,
3252 1045 3278 1084 5

591 1132 773 1195 Varro
820 1135 1118 1197 Atacinus.

768 1244 921 1303 Acer
967 1242 1109 1303 facit
1153 1241 1444 1323 pluralem
1490 1244 1639 1324 acri,
1684 1244 1840 1303 acris
1885 1241 2174 1323 pluralem
2221 1261 2409 1305 acres

771 1348 1195 1425 Absconditus,
1243 1368 1362 1411 non
1408 1348 1751 1412 absconsus.

769 1455 933 1517 Alter
971 1456 1042 1517 de
1082 1456 1341 1537 duobuS,
1378 1473 1536 1517 unus
1573 1474 1645 1515 ex
1682 1453 1983 1538 pluribuS,
2030 1458 2296 1536 quamvis
2341 1457 2604 1536 legamus
2632 1475 2800 1539 „unus
2839 1475 2912 1518 ex
2948 1456 3200 1519 duobus.

770 1562 1065 1625 Audacter
1119 1562 1365 1623 latinum
1425 1571 1543 1645 est3
1604 1563 1708 1624 sed
1765 1564 2069 1625 audaciter
2124 1564 2361 1647 meliuS,
2424 1567 2560 1644 quia
2616 1568 2853 1627 nomina
2910 1585 2945 1626 x
3006 1565 3200 1627 littera
3236 1582 3284 1619 ιο

595 1673 909 1732 terminata
965 1673 1027 1731 in
1076 1669 1368 1731 adverbiis
1421 1671 1538 1731 iter
1584 1670 1930 1751 adsumunt,
1986 1679 2054 1731 ut
2106 1679 2273 1731 atrox
2321 1673 2618 1753 atrociter,
2668 1673 2846 1734 -serox
2903 1673 3199 1735 ferociter.

770 1777 1038 1839 Accersit
1083 1781 1185 1857 qui
1231 1786 1462 1853 evocat,
1509 1779 1759 1840 arcessit
1803 1779 1907 1857 qui
1952 1786 2207 1839 accusat.
2248 1777 2257 1854 Ι
2762 1783 2779 1796 “

772 1887 1034 1946 Acervus
1081 1884 1268 1945 moles
1314 1894 1435 1967 est,
1480 1885 1734 1946 acerbus
1780 1887 2116 1946 inmaturus
2163 1893 2264 1946 aut
2311 1902 2501 1964 asper.

774 1991 1097 2053 Adficimur
1144 1990 1369 2052 honore
1416 2001 1479 2053 et
1523 1992 1831 2052 adficimur
1877 1992 2109 2052 iniuria.

775 2101 1034 2180 Apparet
1079 2101 1183 2179 qui
1230 2099 1481 2180 videtur,
1526 2097 1771 2179 adparet
1819 2100 1919 2177 qui
1965 2096 2335 2179 obsequitur,
2383 2116 2499 2159 nou
2541 2098 2776 2179 regulae
2816 2101 3061 2180 ratione,
3100 2101 3202 2161 sed
3238 2113 3290 2154 15

598 2206 978 2268 discernendi
1023 2208 1208 2286 gratia
1255 2204 1610 2267 intellectus.

776 2313 968 2375 Arbor
1014 2331 1188 2373 omne
1236 2312 1461 2392 lignum
1507 2313 1747 2393 dicitur,
1792 2311 2034 2374 arbusta
2082 2331 2202 2373 uon
2250 2315 2364 2374 nisi
2413 2314 2737 2376 fructifera.

779 2422 1008 2482 Avenae
1038 2419 1241 2482 sterile
1274 2438 1537 2501 germen,
1574 2418 1837 2481 habenae
1867 2418 2191 2480 retinacula
2220 2420 2655 2481 iumentorum:
2704 2420 2815 2482 boc
2843 2421 2916 2482 de
2953 2420 3207 2482 habendi

602 2535 926 2609 potestate,
972 2526 1116 2589 illud
1164 2526 1237 2588 de
1285 2527 1613 2607 occupandi
1661 2526 1935 2588 aviditate
1982 2526 2223 2587 dictum.

780 2634 1072 2697 Accidunt
1116 2634 1291 2715 mala,
1339 2636 1693 2713 contingunt
1737 2632 1919 2714 bona,
1965 2635 2246 2693 eveniunt
2293 2640 2563 2712 utraque.
3239 2651 3297 2688 au

780 2743 1114 2806 Advocatur
1160 2742 1408 2805 daturus
1462 2743 1887 2823 patrocinium,
1934 2748 2213 2802 evocatur
2268 2738 2650 2821 praebiturus
2697 2740 3076 2823 obsequium,
3121 2743 3209 2804 in·

607 2861 847 2914 vocatur
893 2860 1306 2933 praestaturus
1351 2851 1650 2912 auxilium.

783 2960 1109 3040 Adportare
1166 2965 1258 3019 est
1312 2958 1532 3038 aliquid
1588 2956 1850 3040 adferre,
1905 2964 2259 3037 conportare
2315 2958 2376 3017 iu
2435 2975 2617 3018 uuum
2674 2957 2873 3019 locum
2920 2960 3212 3035 conferre,

606 3067 923 3148 deportare
972 3067 1300 3148 deponere,
1347 3073 1661 3147 exportare
1709 3065 1937 3126 tollere.

782 3175 1171 3255 Agnoscimus
1217 3192 1369 3253 quae
1414 3171 1587 3234 nobis
1630 3171 1998 3253 exciderant,
2043 3172 2768 3263 cognoscimus-ignorata
2816 3182 2875 3234 et
2922 3173 3122 3233 invisa.

783 3281 981 3343 Altum
1027 3288 1091 3366 et
1134 3298 1374 3341 sursum
1420 3287 1482 3341 et
1526 3279 1808 3340 deorsum
1856 3278 2162 3357 significat.
2262 3356 2271 3365 .

785 3390 1071 3469 Aquatam
1116 3390 1419 3467 potionem
1465 3394 1629 3448 recte
1675 3385 1929 3446 dicimus
1977 3404 2127 3465 quae
2174 3403 2385 3464 aquam
2432 3384 2669 3446 aliunde
2715 3387 2990 3467 recipiat,
3035 3403 3214 3464 aquo·

610 3516 742 3557 sum
789 3505 987 3558 autem
1035 3495 1231 3556 locum
1278 3497 1379 3575 qui
1428 3514 1497 3555 ex
1547 3513 1610 3555 se
1659 3510 1871 3573 aquam
1919 3490 2140 3552 fundat.

786 3602 998 3663 Album
1058 3611 1302 3663 naturae
1363 3610 1592 3663 tantum
1647 3609 1762 3682 est,
1826 3599 2140 3661 candidum
2198 3600 2544 3678 frequenter
2596 3608 2657 3660 et
2712 3599 2920 3662 studii:
2977 3618 3110 3660 nam
3156 3610 3218 3662 et

610 3712 847 3789 corpori
893 3718 955 3769 et
999 3712 1195 3770 animo
1242 3709 1598 3789 aliquotiens
1643 3707 2002 3787 adsignatur.
2076 3704 2238 3766 albos
2286 3723 2428 3784 ergo
2475 3704 2747 3786 capillos,
2793 3724 3033 3781 carnem
3080 3724 3214 3766 can·
3239 3720 3294 3758 3³

611 3816 806 3877 didam
849 3823 1017 3878 recte
1063 3816 1334 3878 dicimus

3241 3185 3301 3223 ἒ

788 3924 966 3984 Alvus
1002 3925 1266 3985 virorum
1307 3933 1468 3985 recte
1507 3921 1743 4003 dicitur,
1782 3930 1991 3982 uterus
2028 3918 2374 4001 mulierum,
2418 3926 2624 3980 venter
2662 3922 2723 3981 in
2762 3928 3016 3999 utroque
3054 3938 3219 3981 sexu.

791 4036 1081 4112 Acceptor
1127 4040 1187 4093 et
1248 4034 1557 4111 accipiter:
1613 4029 1906 4110 Vergilius
1954 4029 2111 4089 enim
2158 4029 2440 4107 accipiter
2486 4026 2655 4109 dicit,
2712 4025 2973 4088 Lucilius
3022 4034 3220 4087 autem

616 4135 1054 4220 ‘acceptoris
1101 4148 1170 4201 et
1215 4133 1543 4220 ungues'.

793 4247 964 4327 Apud
1010 4265 1118 4326 per
1165 4246 1201 4306 d
1250 4245 1658 4327 scribendum,
1704 4252 1884 4324 caput
1926 4262 2036 4323 per
2082 4250 2133 4325 t,
2179 4244 2317 4322 quia
2363 4242 2503 4303 facit
2548 4242 2774 4322 capitis.
3252 4255 3307 4293 ³⁵

939 4370 1039 4378 *—

791 4426 824 4475 2
861 4414 993 4482 τοὺς
1029 4413 1136 4473 δύο
1173 4420 1233 4474 et
1266 4434 1368 4473 om.
1409 4418 1484 4471 M
1588 4424 1621 4471 4
1659 4415 1757 4471 ubi
1792 4431 1894 4473 om.
1932 4414 2009 4469 M
2107 4412 2362 4469 doetores
2399 4412 2456 4466 P
2555 4418 2589 4467 6
2627 4410 2896 4467 Atacinus
2934 4408 3224 4465 Char-isius

609 4518 668 4571 p.
697 4506 788 4567 90,
817 4505 908 4567 18,
945 4501 1005 4554 et
1039 4498 1256 4553 aeiuius
1296 4498 1370 4552 M
1381 4497 1496 4551 PL
1601 4503 1634 4551 9
1673 4513 1741 4551 ex
1776 4495 2055 4565 pluribus]
2094 4493 2165 4548 de
2200 4493 2456 4564 pluribus
2492 4493 2545 4546 L
2691 4498 2757 4545 10
2794 4491 2986 4546 litbera
3019 4506 3119 4546 om.
3153 4491 3229 4544 M

689 4588 754 4636 11
795 4578 1080 4650 ferociter]
1120 4578 1393 4634 ueraciter
1432 4578 1490 4631 P
1622 4584 1688 4631 13
1725 4593 1960 4631 aceruus
1994 4579 2223 4643 utroque
2259 4574 2373 4627 loco
2414 4572 2471 4626 P
2606 4577 2671 4625 15
2718 4572 2959 4641 apparet
2997 4576 3227 4639 utroque

618 4663 730 4716 loco
768 4660 825 4714 P
957 4656 1203 4729 regulari
1239 4657 1456 4712 ratione
1492 4658 1545 4711 L
1692 4662 1755 4709 16
1793 4655 2115 4710 intellectus
2150 4670 2250 4708 om.
2289 4653 2342 4706 L
2487 4658 2554 4706 18
2591 4650 2841 4720 Avenae]
2882 4666 3061 4705 auena.
3097 4649 3154 4703 P

619 4747 687 4796 23
715 4740 900 4795 locum
928 4754 1027 4793 om.
1051 4739 1125 4792 Μ
1228 4744 1298 4792 24
1326 4737 1620 4807 deportare
1640 4768 1705 4777 --
1722 4735 1923 4791 tollere
1943 4752 2043 4790 om.
2067 4735 2143 4788 M
2246 4738 2314 4786 26
2344 4731 2676 4787 excederant
2705 4729 2844 4784 MP
2940 4729 3225 4799 ignorata]

618 4820 939 4889 ignorantia.
970 4819 1043 4872 M
1148 4824 1215 4872 28
1242 4817 1428 4873 locum
1457 4835 1523 4873 eo
1553 4817 1700 4886 quod
1732 4834 1799 4871 ex
1829 4832 1886 4870 se
1906 4816 1959 4869 L
2066 4820 2135 4869 30
2164 4812 2467 4882 corporeP
2566 4826 2731 4865 carne
2752 4810 2808 4863 P
2908 4816 2975 4864 33
3004 4808 3231 4863 lucillus

624 4902 694 4955 M
709 4899 822 4953 PL
930 4902 1118 4952 autem
1148 4914 1309 4953 coma.
1340 4898 1531 4953 heroio
1561 4896 1873 4968 acceptoris
1902 4896 1961 4951 et
1986 4910 2201 4963 ungues
2237 4893 2288 4946 L
2397 4898 2465 4946 35
2502 4891 2670 4960 Apud
2699 4921 2763 4931 —-
2796 4887 2999 4959 capitis
3023 4905 3124 4944 om.
3158 4889 3233 4943 M
