3613 5528
619 410 750 476 370
1735 412 2076 468 DOSITHEI

618 617 751 659 nam
805 616 1014 677 parum
1078 595 1378 677 probabile
1446 596 1677 658 videtur
1743 617 1811 658 ex
1881 597 2258 661 uberioribus
2314 599 2578 661 Dosithei
2643 602 3080 661 commentariis
3146 617 3214 660 ea

617 707 811 767 omnia
856 711 1060 785 postea
1107 723 1139 764 a
1184 705 1581 783 grammaticis
1628 714 1904 786 excerpta
1962 714 2023 767 et
2074 708 2135 767 in
2192 706 2351 769 hunc
2408 706 2677 770 ordinem
2736 707 2972 770 redacta
3019 726 3151 769 esse
3198 754 3212 767 .

620 832 810 894 neque
859 821 1053 876 tamen
1101 815 1162 874 in
1211 812 1468 874 editione
1515 830 1584 873 ea
1629 812 1952 874 omittenda
2000 817 2225 897 putavi,
2280 822 2594 896 propterea
2642 814 2799 895 quod
2857 816 3105 876 maxime
3152 817 3213 876 in

618 920 812 983 verbis
858 920 971 982 hoc
1019 919 1148 981 loco
1196 921 1493 1000 congestis
1540 920 1824 999 quaedam
1874 923 2158 983 memoria
2203 920 2359 983 baud
2407 921 2641 1003 indigna
2689 924 3086 984 inveniuntur.

794 1027 910 1090 Sed
977 1046 1094 1108 quo
1162 1029 1412 1110 rectius,
1485 1045 1659 1107 quam
1732 1027 1925 1090 adhuc
1990 1046 2022 1089 a
2085 1027 2385 1109 plerisque
2454 1029 2672 1091 factum
2748 1038 2865 1110 est,
2938 1028 3010 1090 de
3085 1031 3213 1110 ipso

618 1134 896 1198 Dositheo
960 1135 1284 1215 iudicetur,
1351 1137 1465 1196 iam
1530 1134 1603 1196 de
1660 1135 1906 1216 reliquis
1963 1135 2131 1197 libris
2188 1139 2291 1218 qui
2344 1135 2517 1217 vulgo
2576 1135 2766 1199 eidem
2831 1138 3214 1217 grammatico

621 1243 966 1306 tribuuntur
1010 1261 1195 1324 pauca
1243 1242 1448 1305 dicam.
1524 1261 1738 1305 nomen
1777 1246 1961 1324 igitur
1997 1244 2261 1332 Dosithei
2299 1247 2563 1325 magistri
2600 1247 2662 1307 in
2699 1264 2819 1306 uno
2851 1244 3214 1325 Sangallensi

619 1351 821 1412 codice
859 1352 973 1413 arti
1019 1352 1433 1430 grammaticae
1479 1353 1913 1431 praescriptum
1950 1360 2084 1414 est.
2113 1352 2253 1414 huic
2291 1352 2498 1413 similis
2536 1353 2721 1414 fuisse
2761 1351 2992 1413 videtur
3029 1352 3215 1413 codex

617 1457 946 1539 Bobiensis,
991 1460 1094 1538 qui
1138 1460 1200 1519 in
1247 1458 1440 1519 indice
1488 1457 1762 1520 codicum
1806 1457 2189 1537 Bobiensium
2236 1477 2268 1520 a
2313 1458 2637 1520 Muratorio
2684 1461 2861 1539 antiq.
2900 1457 3107 1520 Ital.‘v.
3135 1456 3215 1518 ΙΙΙ

617 1585 673 1646 p.
731 1562 858 1628 817
917 1565 1075 1627 edito
1149 1565 1378 1628 decimo
1434 1564 1696 1648 saeculo,
1761 1572 1830 1627 ut
1892 1565 1976 1627 illi
2039 1565 2377 1648 videbatur,
2442 1569 2664 1647 scripto
2720 1573 3215 1628 commemoratus

618 1681 739 1753 est,
786 1676 1009 1735 librum
1056 1674 1098 1734 I
1134 1673 1411 1735 Dosithei
1453 1676 1529 1736 de
1568 1677 1977 1749 qrammatica
2018 1720 2031 1735 .
2068 1682 2376 1755 praeterea
2422 1673 2578 1735 nulla
2626 1673 2804 1736 huius
2849 1674 3212 1753 grammatici

620 1783 901 1842 memoria
947 1787 1109 1843 extat
1153 1829 1166 1842 .
1215 1779 1318 1842 sed
1367 1800 1438 1841 ex
1483 1782 1953 1862 praescriptione
2010 1780 2232 1843 codicis
2280 1780 2676 1861 Sangallensis
2735 1781 2874 1843 olim
2922 1780 3215 1861 Cuiacius,

619 1890 721 1968 qui
767 1889 995 1969 primus
1041 1907 1113 1949 eo
1160 1888 1363 1949 codice
1411 1906 1556 1949 usus
1602 1897 1718 1971 est,
1766 1886 1909 1949 illud
1957 1906 2173 1950 nomen
2219 1887 2292 1950 ad
2329 1906 2398 1950 ea
2435 1891 2629 1950 omnia
2669 1907 2818 1969 quae
2855 1897 2990 1969 post
3025 1894 3214 1949 artem

619 1998 1057 2076 grammaticam
1086 1998 1306 2077 scripta
1344 2004 1485 2058 sunt
1521 1995 1822 2057 transtulit
1852 2043 1865 2057 .
1896 2014 2030 2057 nam
2067 1996 2140 2058 de
2175 1995 2456 2058 Hadriani
2494 1998 2804 2057 sententiis
2849 2003 2910 2057 et
2945 1994 3215 2076 epistulis

618 2111 788 2165 antea
835 2103 908 2165 ab
954 2103 1213 2165 Hem-ico
1262 2103 1559 2183 Stephano
1606 2122 1677 2164 ex
1725 2102 1838 2164 alio
1885 2104 2087 2165 codice
2135 2103 2309 2165 editis
2355 2096 2459 2188 (cf.
2500 2102 2737 2165 Vulean.
2775 2103 2923 2165 thes,
2964 2105 3214 2183 utriusq.

618 2210 756 2291 ling.
802 2230 858 2290 p.
896 2204 1058 2295 299)
1104 2210 1414 2292 disputans
1459 2209 1668 2272 scribit
1712 2211 1859 2272 haec
1906 2209 2134 2272 observ.
2182 2210 2217 2272 l.
2257 2210 2389 2271 XXI
2426 2229 2476 2272 c.
2516 2207 2559 2272 5
2594 2229 2650 2291 p.
2687 2207 2852 2272 1001
2894 2209 2983 2271 ed.
3015 2210 3214 2271 Colon.

618 2337 667 2380 a.
721 2315 920 2399 1591,
986 2313 1172 2390 ‘Quae
1220 2319 1513 2380 sententia
1567 2335 1703 2379 cum
1758 2326 1919 2379 esset
1982 2320 2044 2378 in
2100 2318 2357 2380 editione
2418 2316 2701 2397 Stephani
2756 2318 3099 2398 imperfecta
3154 2326 3216 2378 et

619 2424 959 2505 depravata,
1005 2440 1133 2484 eam
1179 2425 1259 2486 ita
1306 2425 1543 2485 restitui
1588 2443 1661 2486 ex
1709 2423 2064 2486 bibliotheca
2113 2423 2170 2484 S.
2218 2422 2365 2484 Galli
2412 2423 2565 2505 apud
2613 2423 2939 2502 Helvetios,
2996 2424 3097 2487 ubi
3151 2428 3213 2487 in

618 2531 780 2592 calce
827 2530 1250 2593 Grammatices
1298 2530 1562 2592 Dositbei
1606 2530 1872 2611 Magistri
1937 2539 2077 2593 sunt
2142 2530 2406 2592 eiusdem
2463 2529 2701 2593 Adriani
2760 2530 3100 2593 Sententiae
3155 2540 3216 2592 et

578 2634 952 2720 ·Epistolae,
1015 2637 1128 2700 hoc
1184 2645 1302 2720 est,
1364 2639 1652 2718 rescripta
1718 2637 1917 2699 brevia
1982 2637 2152 2718 longe
2208 2636 2608 2700 emendatiora
2672 2638 2962 2718 longeque
3027 2637 3215 2720 plura,

539 2788 551 2797 ⁴
620 2764 769 2827 quae
817 2747 1012 2807 omnia
1059 2745 1129 2808 ad
1177 2747 1271 2809 ius
1315 2753 1587 2809 nostrum
1635 2745 1817 2809 Civile
1861 2747 2193 2829 pertinent,
2241 2744 2463 2807 Graece
2512 2754 2571 2808 et
2607 2744 2813 2808 Latine
2861 2747 3215 2826 conscripta,

619 2849 685 2928 ἐξ
751 2838 876 2935 ὧν,
953 2863 1020 2915 ιιι
1092 2856 1218 2935 ipse
1294 2853 1614 2915 Dositheus
1686 2855 2017 2935 praefatur,
2098 2852 2337 2935 μείζων
2419 2843 2771 2935 εὐχρηστία
2854 2845 3222 2916 ἀκολουθεῖ

618 2952 1038 3043 ἀνθρώποις,
1110 2952 1239 3023 ἀπὸ
1300 2955 1545 3025 τούτου
1604 2959 1728 3026 τοῦ
1790 2953 2116 3044 ἄρχοντος
2182 2955 2442 3041 ἐγένετο
2505 2954 2617 3022 καὶ
2687 2953 3026 3041 λαλιότης,
3103 2952 3210 3023 διὸ

616 3060 993 3148 ἀναγκαίως
1064 3063 1235 3131 εἰσὶν
1310 3060 1771 3150 ἆναγνωστέα,
1859 3063 1970 3131 καὶ
2052 3061 2278 3151 μνήμῃ
2351 3062 2756 3150 παραδοτέα,
2848 3066 2911 3130 εἰ
2988 3061 3218 3149 μέντοι

617 3170 908 3257 θέλομεν
972 3170 1294 3259 ρωμαιστὶ
1357 3177 1584 3238 λαλεῖν
1639 3165 1681 3257 ἢ
1738 3170 2071 3256 ἑλληνιστὶ
2125 3169 2328 3258 χωρὶς
2381 3165 2641 3249 αἰτίας’.
2733 3174 2925 3237 eidem
2988 3178 3215 3237 auctori

620 3282 896 3344 Cuiaeius
943 3284 1334 3364 fragmentum
1401 3283 1474 3345 de
1540 3286 1670 3344 iure
1682 3332 1701 3366 ,
1767 3283 1926 3363 quod
1982 3282 2198 3344 Petrus
2252 3281 2536 3343 Pithoeus
2592 3281 2735 3343 Mos,
2783 3291 2845 3344 et
2889 3282 3056 3344 Rom.
3104 3282 3216 3364 leg.

620 3388 749 3450 coll.
785 3409 841 3470 p.
876 3386 1001 3452 122
1039 3410 1109 3452 ex
1148 3391 1351 3476 eodiqe
1381 3389 1607 3452 Claudii
1643 3390 1892 3452 Puteani
1930 3408 2048 3451 non
2076 3389 2274 3451 addito
2303 3390 2540 3450 nomine
2570 3388 2837 3450 ediderat
2863 3409 2911 3451 a.
2948 3383 3219 3473 1574*)‚

620 3494 829 3557 tribuit
890 3498 953 3557 in
1016 3495 1275 3558 editione
1331 3497 1553 3558 codicis
1607 3496 2003 3559 Theodosiani
2057 3496 2324 3558 Parisina
2378 3514 2428 3557 a.
2491 3491 2659 3558 1586
2717 3495 2829 3557 hae
2884 3498 3218 3577 praeposita

618 3604 1024 3686 inscriptione,
1046 3598 1139 3664 ‘ex
1157 3603 1423 3666 Dositbei
1437 3604 1701 3684 Magistri
1715 3598 2146 3667 Grammatica'.
2175 3603 2460 3666 Pithoeus
2484 3612 2679 3666 autem
2700 3602 2774 3665 de
2797 3623 2869 3665 eo
2889 3604 3218 3684 fragmento

618 3711 678 3769 in
716 3710 1078 3789 praefatione
1116 3713 1438 3792 scripserat
1473 3711 1646 3794 haec,
1684 3707 1911 3773 ‘Visum
1949 3720 2041 3774 est
2076 3714 2253 3774 etiam
2280 3712 2544 3774 Puteano
2582 3720 2788 3773 nostro
2829 3712 2926 3773 bic
2962 3711 3218 3773 adiicere

621 3816 1014 3897 fragmentum
1059 3818 1202 3882 illud
1240 3818 1514 3880 Latinum
1562 3821 1736 3880 toties
1784 3838 1817 3880 a
1864 3838 1966 3880 me
2005 3818 2333 3899 laudatum,
2380 3817 2536 3898 quod
2577 3818 2902 3880 Graeculus
2940 3820 3218 3898 magister

620 3924 863 3985 Omeliis
901 3927 1024 3987 suis
1063 3937 1123 3988 et
1159 3944 1403 4007 graecae
1441 3926 1675 4007 linguae
1722 3925 2247 3989 exercitationibus
2292 3930 2450 3988 inter
2497 3926 2606 3987 alia
2652 3926 2942 4006 quaedam
2979 3944 3051 3986 ex
3090 3925 3220 3987 aliis

619 4031 963 4094 auctoribus
1043 4035 1210 4095 initia
1290 4033 1579 4096 librorum
1661 4028 2046 4096 inseruerat’.
2166 4032 2378 4094 deiude
2462 4033 2776 4095 Goldastus
2861 4052 2932 4095 ex
3015 4032 3217 4095 codice

622 4138 983 4220 Sangallensi
1048 4140 1325 4202 Hadriani
1390 4144 1715 4203 sententias
1778 4151 1840 4202 et
1894 4141 2179 4221 epistulas
2236 4141 2420 4203 edidit
2484 4140 2597 4202 hoc
2663 4139 2865 4221 titulo,
2929 4136 3217 4202 ‘Dosithei

620 4249 888 4327 magistri
932 4247 1083 4309 liber
1129 4248 1209 4309 111
1257 4251 1569 4310 continens
1616 4247 1742 4308 Divi
1789 4247 2031 4309 Adriani
2075 4246 2220 4329 Imp.
2267 4249 2591 4309 sententias
2637 4256 2698 4309 et
2743 4242 3044 4328 epistolas’
3092 4295 3105 4309 .
3154 4249 3216 4308 in

759 4420 809 4489 *)
832 4420 1233 4493 Apographum
1259 4420 1578 4491 fragmenti,
1607 4420 1755 4489 quod
1785 4437 1853 4475 ex
1873 4418 2109 4474 Puteani
2137 4418 2327 4474 codice
2355 4419 2621 4475 Pithoeus
2641 4419 2910 4489 ediderat,
2931 4438 2997 4475 ex
3017 4419 3215 4475 eodem

619 4501 836 4571 codice,
871 4503 939 4556 ut
974 4501 1222 4570 videtur,
1260 4499 1472 4555 factum
1510 4502 1596 4556 est
1630 4500 1689 4555 in
1726 4501 1919 4556 codice
1955 4498 2214 4554 Leidensi
2243 4497 2600 4569 Scaligerano
2630 4507 2696 4556 61
2730 4542 2742 4554 .
2770 4499 2952 4570 ipsum
2980 4498 3218 4554 Puteani

617 4581 823 4637 librum
877 4598 1023 4637 nunc
1068 4582 1241 4638 etiam
1295 4582 1352 4636 in
1398 4580 1654 4637 Parisina
1707 4580 2050 4636 bibliotheca
2099 4581 2312 4649 extare,
2368 4581 2468 4637 sed
2522 4595 2729 4650 magna
2782 4582 2941 4650 parte
2994 4579 3052 4634 in
3108 4580 3216 4635 fine

618 4659 966 4730 mutilatum,
1021 4678 1198 4732 nuper
1242 4661 1514 4718 indicavit
1556 4662 1624 4717 A.
1665 4660 1969 4718 Boucherie
2014 4659 2228 4717 notices
2274 4663 2333 4717 et
2377 4661 2609 4717 extraits
2645 4659 2742 4715 des
2776 4659 3108 4716 manuscrits
3145 4659 3216 4714 de

618 4740 675 4794 la
731 4740 1112 4811 bibliotheque
1166 4741 1451 4797 nationale
1506 4761 1557 4800 v.
1595 4741 1778 4798 XXIII
1829 4749 1862 4797 2
1919 4760 1972 4812 p.
2011 4747 2115 4796 495
2153 4744 2212 4797 et
2248 4748 2353 4797 525
2394 4784 2405 4796 .
2444 4757 2575 4797 nam
2610 4739 2920 4795 Parisinum
2968 4741 3215 4796 codicem

620 4828 785 4891 6503,
842 4822 975 4876 olim
1035 4822 1167 4876 ‘Iac.
1215 4822 1451 4877 Puteani
1499 4823 1579 4880 Cl.
1619 4823 1739 4891 fil),
1793 4822 1876 4877 ita
1929 4819 2145 4877 invenit
2198 4838 2325 4877 cum
2380 4821 2651 4892 Scaligeri
2706 4821 3031 4891 apographo
3087 4838 3215 4875 con·

618 4901 967 4970 sentientem,
995 4905 1058 4958 ut
1084 4902 1247 4957 illum
1274 4903 1381 4958 hoc
1409 4901 1532 4973 ipso
1561 4902 1706 4958 libro
1733 4904 1876 4970 tum,
1904 4919 2026 4958 eum
2057 4903 2276 4972 integer
2304 4906 2468 4973 esset,
2507 4920 2666 4959 usum
2695 4918 2815 4958 esse
2844 4902 3215 4958 adseveraret.
