3613 5528
578 395 668 461 60
1656 395 1860 450 VELII
1894 394 2124 452 LONGI

578 507 621 544 p.
650 497 766 537 2223.
796 496 849 537 24
877 496 927 535 P.

582 582 709 660 ipso
762 580 931 642 hirco
988 599 1029 642 u
1074 580 1330 641 litteram
1388 598 1507 641 non
1562 581 2014 661 interponamus
2060 583 2122 642 in
2180 583 2613 664 enuntiatione,
2672 587 2867 643 tamen
2921 580 3190 642 videmus

586 706 892 749 remanere
938 690 1001 748 in
1047 686 1410 749 derivatione
1465 689 1722 748 nominis
1770 688 1928 767 quod
1974 688 2113 750 hinc
2162 696 2418 751 tractum
2464 696 2582 769 est,
2642 696 2706 750 ut
2752 707 2855 750 eos
2901 690 3004 768 qui
3050 697 3192 749 sunt

581 796 643 854 in
698 792 894 855 adulta
949 801 1138 855 aetate
1192 792 1567 873 hirquitallos
1623 811 1922 856 vocemus
2011 797 2074 855 in
2131 798 2372 876 antiquo
2429 797 2605 857 etiam
2666 796 2933 857 videmus
2992 795 3190 856 locum

579 903 742 962 hanc
784 899 1041 962 litteram
1085 899 1306 961 habere
1354 909 1412 962 et
1458 902 1520 961 in
1565 902 1796 980 postico
1845 919 1965 961 non
2012 899 2230 962 habere
2276 896 2322 980 †
2364 919 2500 962 nam
2545 909 2606 963 et
2652 904 2961 982 antiquum
3006 900 3078 963 ab
3119 920 3189 963 eo

582 1005 741 1086 quod
787 1014 882 1068 est
927 1007 1085 1087 quod
1133 1014 1376 1087 apparet
1416 1006 1426 1082 Ι
1469 1025 1539 1067 ex
1588 1008 1914 1087 scriptione
1960 1015 2314 1087 temporum.
3113 1046 3120 1053 ·
3218 1023 3245 1064 5

759 1113 930 1175 Nunc
989 1114 1061 1175 ad
1120 1114 1590 1194 praepositiones
1653 1122 2021 1176 transeamus
2081 1122 2258 1194 atque
2319 1117 2674 1195 incipiamus
2729 1114 2801 1176 ab
2854 1115 2953 1177 illa
3014 1134 3190 1195 quam

584 1222 794 1283 Cicero
841 1224 902 1282 in
950 1222 1199 1283 Oratore
1255 1221 1570 1282 adnotavit.
1663 1223 1820 1282 varia
1867 1222 2026 1281 enim
2088 1229 2176 1283 est
2231 1222 2602 1283 consuetudo
2649 1224 2711 1284 in
2758 1241 2828 1283 eo
2885 1221 3043 1302 quod
3101 1230 3193 1283 est

585 1327 657 1389 ab
696 1335 756 1389 et
793 1346 825 1388 a
863 1335 924 1388 et
960 1326 1065 1388 abs
1104 1335 1164 1389 et
1200 1345 1294 1409 au,
1342 1306 1411 1388 ut
1447 1345 1583 1388 cum
1628 1326 1883 1389 dicimus
1918 1346 1950 1387 a
1989 1346 2101 1408 me,
2147 1326 2360 1389 deinde
2398 1327 2471 1389 ab
2507 1328 2628 1410 illo,
2672 1327 2886 1389 deinde
2932 1326 3192 1407 abstulit,

587 1433 799 1495 deinde
844 1435 1064 1516 aufert,
1123 1433 1279 1512 quod
1327 1452 1467 1494 sane
1516 1441 1745 1494 tantum
1792 1436 1854 1494 in
1900 1432 2133 1495 duobus
2180 1433 2376 1495 verbis
2424 1443 2778 1516 usurpatum
2825 1442 2942 1517 est,
2997 1435 3193 1495 aufert

587 1548 648 1602 et
693 1540 938 1619 aufugit.
1030 1539 1208 1601 adicit
1251 1539 1346 1600 his
1392 1537 1931 1619 praepositionibus
1978 1549 2039 1601 et
2083 1540 2240 1602 illam
2288 1560 2440 1621 quae
2486 1540 2770 1603 scribitur
2813 1560 2923 1622 per
2971 1541 2998 1601 f
3038 1539 3191 1602 litte·
3222 1558 3275 1597 ιο

592 1665 735 1729 ram,
781 1664 957 1727 quam
1004 1645 1075 1707 ab
1123 1649 1380 1726 antiquis
1427 1648 1704 1707 usitatam
1750 1647 1832 1706 ait
1877 1649 2127 1708 maxime
2176 1650 2235 1708 in
2284 1647 2613 1709 rationibus
2652 1656 2712 1708 et
2747 1650 2811 1708 in
2848 1649 3076 1727 accepti
3113 1654 3195 1707 tau

592 1752 763 1815 bulis.
838 1771 972 1813 nam
1011 1755 1287 1834 quotiens
1325 1762 1628 1835 acceptam
1671 1754 1985 1834 pecuniam
2032 1753 2387 1837 referebant,
2431 1773 2551 1816 non
2588 1753 2866 1816 dicebant
2899 1772 2933 1814 a
2969 1752 3193 1833 Longo,

590 1858 693 1921 sed
740 1860 804 1920 af
842 1858 1061 1939 Longo.
1153 1868 1215 1921 et
1259 1862 1339 1921 ait
1384 1856 1732 1941 religionem
1776 1860 1931 1921 hanc
1978 1860 2280 1921 scribendi
2324 1861 2479 1942 apud
2525 1863 2916 1941 paucissimos
2962 1877 3190 1921 reman-

587 1970 735 2028 sisse
783 1966 1020 2028 saeculo
1067 1985 1194 2029 suo.
1276 1970 1552 2047 antiquos
1600 1969 1822 2028 scimus
1869 1974 1930 2028 et
1975 1965 2080 2028 abs
2119 1975 2177 2029 te
2225 1966 2471 2030 dixisset
2518 1987 2626 2029 nos
2674 1970 2940 2030 contenti
2987 1984 3195 2028 sumus

588 2093 619 2134 a
676 2080 735 2135 te
792 2074 1010 2136 dicere.
1100 2076 1322 2135 scimus
1377 2078 1538 2155 ipsos
1595 2082 1655 2135 et
1712 2071 1784 2134 ab
1811 2080 1818 2095 ³
1841 2070 2025 2134 Lucio
2085 2072 2331 2134 dixisse:
2391 2091 2501 2133 nos
2555 2072 2937 2134 observamus
2994 2082 3061 2134 ut
3115 2076 3194 2135 ab
3225 2092 3277 2131 15

586 2189 987 2261 praeponatur
1043 2179 1135 2241 his
1193 2180 1532 2242 nominibus
1590 2198 1738 2259 quae
1795 2197 1829 2239 a
1884 2178 2068 2239 vocali
2122 2181 2440 2263 incipiunt,
2496 2187 2565 2241 ut
2619 2197 2756 2241 cum
2815 2179 3066 2241 dicimus
3122 2179 3195 2241 ab

586 2287 851 2371 Olympo,
943 2304 1062 2347 non
1119 2286 1449 2349 adsumitur
1500 2294 1698 2348 autem
1745 2284 1892 2346 haec
1938 2283 1976 2345 b
2023 2284 2247 2366 littera,
2303 2287 2578 2366 quotiens
2625 2289 2861 2349 nomina
2906 2305 2939 2347 a
2986 2302 3194 2348 conso·

589 2400 766 2454 nante
838 2394 1156 2473 incipiunt,
1209 2401 1277 2454 ut
1338 2411 1370 2453 a
1415 2392 1685 2454 Romulo.
1786 2393 1975 2471 siquis
2029 2393 2227 2471 itaque
2283 2396 2630 2476 quaesierit,
2695 2412 2878 2474 quare
2940 2411 3059 2454 non
3121 2391 3195 2454 ab

584 2499 810 2560 lunone
867 2498 1157 2582 dicamuS,
1214 2499 1318 2560 sed
1373 2519 1406 2561 a
1450 2500 1704 2582 Iunone,
1750 2499 2089 2560 meminerit
2143 2497 2239 2560 hic
2304 2499 2562 2561 litteram
2609 2502 2629 2561 i
2675 2520 2785 2581 pro
2833 2507 3196 2562 consonante

589 2606 867 2685 positam,
912 2602 985 2665 de
1034 2623 1150 2684 quo
1197 2605 1372 2667 latius
1420 2613 1479 2667 et
1526 2623 1704 2686 supra
1750 2604 2196 2687 disputavimus.
2271 2605 2376 2667 abs
2425 2625 2564 2667 vero
2611 2625 2807 2687 neque
2855 2606 3194 2668 nominibus
3223 2624 3277 2665 20

768 2776 955 2842 Codeae„
985 2778 1280 2832 Parrhasii
1369 2785 1403 2833 3
1447 2778 1506 2832 in
1554 2776 1806 2833 adultam
1853 2776 2099 2832 aetatem
2145 2775 2331 2845 inquit
2376 2779 2519 2835 alios
2566 2783 2831 2835 nocemus
3008 2778 3196 2833 locum

588 2856 837 2911 litteram
1000 2864 1032 2912 6
1072 2858 1550 2929 praepositionem
1716 2863 1745 2911 7
1785 2857 1945 2912 naria
1980 2855 2130 2911 enim
2169 2859 2510 2914 consuetudo
2548 2858 2606 2913 in
2644 2875 2822 2928 aequo
2860 2861 2947 2914 est
2982 2858 3053 2913 ab

594 2944 658 2990 10
696 2936 893 2992 adiicit
1014 2956 1116 3009 per
1151 2940 1188 2995 b
1225 2938 1476 2994 litteram
1603 2943 1667 2991 11
1708 2936 1953 3008 accepti]
1991 2938 2238 3009 acceptis
2367 2943 2430 2992 13
2469 2937 2568 2993 sed
2604 2937 2676 2992 ab
2713 2937 2883 3008 longo
3020 2944 3087 2993 15
3125 2938 3197 2993 ab

585 3035 795 3090 lucidio
829 3033 1035 3091 dixisse
1153 3037 1217 3092 ut
1249 3039 1627 3108 praeponatur
1747 3042 1811 3092 1⁷
1849 3036 1983 3109 non]
2021 3024 2076 3091 ”N
2183 3052 2219 3090 a
2256 3034 2582 3091 consonanti
2617 3034 2966 3105 incipiuntur
3003 3038 3068 3091 nt

596 3121 659 3169 19
696 3132 798 3185 pro
838 3115 1171 3172 consonanti
1314 3121 1382 3171 20
1421 3116 1491 3171 de
1528 3132 1641 3186 qua

587 3273 862 3326 ponamus
899 3258 1126 3315 coniecit
1159 3258 1315 3312 idem.
1380 3258 1611 3327 fortasse
1645 3273 1777 3313 nam
1815 3256 2073 3327 quamvis
2110 3273 2211 3313 nos
2247 3275 2286 3312 u
2332 3255 2583 3313 litteram
2619 3273 2732 3313 non
2777 3258 3200 3330 interponamus

590 3338 649 3391 in
684 3337 966 3393 hircorum
1004 3336 1391 3394 enuntiatione

731 3422 763 3471 2
802 3419 868 3472 ut
900 3417 960 3472 in
998 3435 1090 3473 eos
1127 3418 1226 3486 qni
1259 3418 1394 3472 suut
1429 3417 1624 3473 adulta
1662 3419 1850 3472 aetate
1886 3419 2130 3475 ediderat
2169 3418 2468 3474 Putcchius
2637 3425 2668 3473 3
2717 3419 2777 3474 in
2822 3418 3010 3476 antico
3045 3418 3200 3473 nide-

595 3514 715 3550 mus
751 3496 938 3552 locum
972 3498 1224 3553 litteram
1258 3499 1466 3554 habere
1502 3498 1558 3553 R
1727 3504 1762 3552 4
1799 3500 1863 3554 at
1896 3498 1955 3553 in
1992 3498 2210 3570 postico
2248 3499 2518 3555 Semlerus
2689 3516 2823 3554 nam
2859 3501 2916 3553 et
2951 3498 3199 3554 anticum

593 3575 665 3630 ab
714 3591 781 3631 eo
828 3578 978 3646 quod
1027 3579 1114 3633 est
1158 3579 1312 3648 post,
1368 3578 1518 3648 qnod
1564 3580 1803 3647 apparet
1846 3579 1929 3646 R,
1974 3581 2074 3636 ubi
2114 3582 2247 3635 ante
2289 3597 2395 3649 pro
2441 3581 2574 3649 post
2616 3579 2969 3634 substitutum
3014 3585 3090 3634 est
3137 3580 3202 3634 in

593 3658 928 3728 corriyendis
962 3662 1012 3712 et
1047 3658 1111 3711 in
1136 3658 1370 3712 editione
1398 3657 1730 3716 Commclini.
1788 3677 1920 3715 nam
1947 3662 2007 3715 et
2033 3660 2330 3728 antiquum
2358 3660 2431 3714 ab
2469 3677 2534 3716 eo
2574 3661 2725 3731 qnod
2762 3661 2848 3714 est
2880 3661 3012 3729 post
3047 3660 3200 3728 quod

593 3738 833 3808 apparet
858 3739 1024 3794 codex
1054 3737 1260 3796 Vrsini.
1315 3740 1548 3806 fortasse
1574 3755 1705 3794 nam
1734 3742 1794 3796 et
1829 3739 2121 3810 antiquom
2150 3740 2222 3796 ab
2261 3756 2327 3795 eo
2366 3755 2588 3809 quoque
2626 3742 2738 3810 est,
2776 3739 2927 3809 qnod
2963 3742 3202 3809 apparet

592 3833 661 3871 ex
697 3816 919 3887 scriptis
955 3820 1328 3890 antiquorum.
1400 3821 1617 3876 diversa
1660 3821 1729 3876 ab
1774 3821 1880 3876 hac
1923 3823 2234 3891 quaestione
2268 3827 2399 3877 sunt
2433 3838 2498 3876 ea
2548 3837 2686 3891 quae
2721 3821 2786 3876 de
2820 3820 3114 3889 scriptione
3148 3836 3198 3877 v.

593 3896 858 3967 antiquus
892 3901 1101 3969 scripta
1134 3906 1264 3956 sunt
1290 3917 1351 3970 p.
1392 3905 1483 3967 77,
1508 3906 1541 3955 1
1678 3905 1710 3954 5
1746 3902 2090 3974 temporum]
2126 3902 2468 3972 templorum
2495 3900 2838 3956 Niebuhr-ius
2863 3903 2928 3956 in
2952 3902 3201 3972 mar-qim

594 3977 851 4033 editionis
891 3978 1261 4037 Putschianae
1305 3982 1601 4050 adscripsit
1636 3980 1703 4034 de
1739 3982 1929 4035 antica
1964 3986 2015 4036 et
2049 3983 2269 4051 postica
2304 3979 2649 4048 templorum,
2696 3984 2758 4033 ut
2792 3980 3024 4047 videtur,
3060 3981 3200 4050 συρί-

594 4068 722 4117 tans
865 4069 896 4116 6
933 4060 1095 4116 Nunc
1130 4061 1203 4118 ad
1239 4061 1702 4133 praepositionem
1739 4062 2090 4117 transeamus
2125 4061 2297 4129 atque
2333 4057 2665 4128 incipiemus
2700 4059 2756 4114 R
2937 4065 2967 4114 7
3007 4059 3199 4115 Cicero

596 4141 654 4195 in
695 4141 950 4212 Oratore]
990 4156 1033 4195 c.
1071 4146 1144 4197 47
1178 4143 1221 4214 5
1254 4148 1365 4198 158
1510 4141 1667 4197 varia
1702 4139 1851 4196 enim
1888 4141 2232 4195 consuetudo
2268 4140 2328 4194 in
2365 4153 2545 4207 aequo
2576 4140 2662 4193 est
2687 4138 2776 4194 Ab
2812 4138 2868 4193 R
2996 4145 3063 4193 10
3099 4156 3202 4210 per

592 4222 630 4277 b
678 4220 927 4276 litteram
963 4220 1048 4289 R,
1093 4237 1193 4291 per
1240 4220 1266 4275 f
1305 4222 1553 4278 litteram
1590 4220 1917 4276 Freundius
1963 4220 2064 4274 leae.
2114 4220 2270 4274 latin.
2305 4220 2484 4288 praef.
2532 4236 2596 4288 p.
2635 4222 2708 4273 63
2889 4224 2956 4273 13
2993 4219 3092 4274 sed
3128 4220 3199 4273 ab

596 4303 792 4371 Longo
828 4300 909 4369 R,
947 4300 1045 4355 sed
1082 4300 1146 4355 af
1174 4300 1369 4372 Longo
1406 4301 1730 4356 Frewndius
1906 4306 1969 4355 15
2009 4301 2081 4356 ab
2118 4297 2331 4353 Lucilio
2368 4297 2425 4351 R
2596 4299 2661 4351 nt
2696 4300 3076 4368 praeponatur
3112 4298 3201 4352 his

594 4380 913 4438 nominibus
946 4380 1002 4435 R
1146 4388 1211 4436 17
1249 4397 1361 4438 non
1396 4381 1730 4452 adsumitur]
1770 4380 2085 4436 absumitur
2119 4378 2175 4433 R
2325 4394 2361 4432 a
2397 4375 2725 4432 consonanti
2759 4375 3104 4447 incipiuntur
3137 4379 3203 4432 ut

597 4480 631 4517 a
666 4461 905 4517 Romulo
941 4460 997 4515 R
1139 4466 1209 4516 20
1247 4461 1317 4517 de
1355 4478 1469 4532 qna
1506 4460 1673 4516 latius
1710 4460 1766 4514 R
1910 4475 2079 4529 supra
2113 4456 2547 4528 disputavimus]
2579 4473 2640 4524 p.
2671 4459 2763 4520 48,
2793 4461 2829 4511 8
2972 4458 3201 4528 Absque

595 4557 752 4610 vero,
789 4557 971 4610 neque
1008 4541 1341 4609 nominibus,
1379 4558 1562 4610 neque
1598 4540 1687 4595 his
1726 4539 1981 4611 partibus
2018 4538 2302 4607 orationis,
2332 4555 2460 4592 cum
2497 4535 2698 4606 quibus
2734 4534 2794 4588 in
2821 4537 3200 4591 confusionem

595 4639 708 4677 non
753 4619 934 4687 venit,
981 4620 1328 4693 adiungitur,
1373 4622 1474 4677 abs
1521 4623 1580 4677 te
1626 4620 1773 4676 enim
1813 4621 1956 4676 duae
2003 4626 2190 4692 partes
2226 4616 2495 4675 orationis
2540 4615 2682 4670 sunt.
2758 4612 2974 4670 scilicet
3018 4615 3202 4670 verbis

599 4719 725 4756 cnm
761 4699 1097 4770 quibusdam
1126 4702 1343 4758 unitate
1370 4701 1687 4770 consensit,
1725 4705 1791 4757 ut
1827 4701 2095 4771 abstinet,
2134 4698 2442 4756 abscondit.
2496 4698 2636 4751 haec
2665 4691 2812 4750 enim
2840 4711 2971 4764 pars
2998 4694 3202 4750 oratio·

597 4779 684 4835 nis
721 4778 1032 4849 composita
1068 4783 1178 4836 est:
1217 4783 1277 4835 et
1313 4783 1577 4851 quoniam
1615 4785 1674 4837 et
1708 4782 1970 4837 accondit
2004 4798 2039 4837 ιιι
2074 4781 2262 4847 habet,
2303 4781 2362 4835 et
2395 4777 2692 4834 abscondit
2729 4772 2917 4830 durius
2945 4773 3201 4842 sonabat,

599 4857 906 4919 interuenit
938 4880 977 4933 p
1013 4864 1206 4921 littera
1243 4877 1387 4930 quae
1425 4863 1717 4917 exornaret
1751 4861 2009 4918 anditum
2043 4861 2115 4919 R.
2171 4861 2288 4916 Abs
2324 4875 2457 4916 vero
2495 4857 2856 4917 Commelinus
