3613 5528
1383 407 1882 464 ORTHOGRAPH
1893 408 1960 462 [A
2896 401 2981 467 97

366 526 408 563 p.
437 515 555 554 2241.
583 514 637 553 ⁴2
666 512 716 552 P.

370 599 622 661 evadunt
675 598 992 677 significat:
1043 591 1283 656 ‘casus
1322 602 1796 674 superaverat
1842 586 2121 653 omnes'
2159 610 2267 671 pro
2315 598 2606 652 evaserat:
2646 583 2656 673 Ι
2699 585 2982 669 ‘captae

371 706 913 786 superavimus
979 696 1187 764 urbi'
1254 721 1365 781 pro
1430 704 1894 781 superviximus:
1969 695 2378 778 ‘superent
2451 697 2735 777 quibus
2811 696 2983 778 hoc,

371 812 726 893 Neptune,
773 804 1077 871 dedisti'
1124 828 1234 890 pro
1280 811 1545 869 vincant:

691 920 950 979 amissa
998 916 1195 979 solus
1242 915 1472 996 palma
1521 915 1917 995 superabat
1961 914 2257 975 Acestes

320 1053 347 1092 5
371 1046 479 1108 pro
527 1024 805 1087 restabat.

551 1131 883 1213 Spectabat.
960 1138 1232 1211 spectare
1276 1133 1571 1209 θεωρεῖν
1621 1131 1750 1210 erit,
1799 1135 2112 1208 expectare
2161 1130 2288 1187 sine
2336 1146 2365 1187 s
2411 1118 2790 1207 ἀναμένειν.

551 1239 804 1300 Demitte
880 1246 972 1298 est
1046 1237 1325 1298 deorsum
1392 1240 1593 1318 mitte,
1668 1236 1898 1296 dimitte
1975 1227 2319 1296 ἀπόλυσον
2385 1234 2652 1295 absolve:
2726 1234 2985 1294 dismitte

376 1365 493 1407 non
539 1345 719 1406 dicas,

552 1452 735 1512 Fidus
781 1454 1009 1512 amicus
1056 1453 1198 1529 erit3
1246 1449 1529 1511 famulum
1576 1449 1811 1510 fidelem
1857 1449 2056 1510 dicito.

301 1587 352 1626 1⁰
556 1558 768 1618 Coram
794 1558 893 1618 illo
914 1557 1249 1638 dicendum,
1270 1575 1388 1617 non
1410 1557 1598 1636 palam
1623 1556 1738 1617 illo.
1771 1576 1905 1617 nam
1927 1556 2116 1637 palam
2136 1556 2205 1616 ad
2228 1558 2447 1618 multos
2467 1558 2755 1618 refertur:
2777 1552 2988 1636 ‘palam

380 1668 596 1727 factum
638 1660 767 1726 est'
806 1663 879 1724 de
920 1662 1120 1724 multis
1159 1661 1335 1722 habet
1374 1662 1890 1743 significationem,
1930 1665 2160 1723 etiamsi
2198 1662 2310 1723 hoc
2347 1672 2581 1724 veteres
2618 1665 2989 1724 variaverint.

555 1773 982 1853 cognoscimus
1027 1773 1226 1849 ignota
1274 1778 1335 1829 et
1378 1771 1592 1851 invisa,
1638 1772 2015 1848 agnoscimus
2063 1788 2214 1849 quae
2261 1770 2434 1831 nobis
2481 1772 2838 1832 exciderant.

554 1879 721 1940 Illius
768 1878 976 1939 similis
1022 1877 1094 1937 ad
1141 1895 1340 1938 mores
1386 1878 1675 1959 refertur,
1720 1877 1805 1937 illi
1854 1877 2064 1938 similis
2111 1877 2183 1937 ad
2230 1878 2474 1940 vultum.
2563 1869 2567 1873 ’

560 1985 830 2065 Clipeum
876 1976 1161 2061 ἀσπίδα,
1210 1983 1488 2062 clupeum
1534 1991 1948 2043 ornamentum
1999 1982 2175 2044 dices,

306 2119 354 2157 ιε,
561 2092 783 2152 Vorsus
830 2092 1075 2170 paginae
1122 2089 1384 2169 dicetur,
1429 2108 1638 2150 versus
1685 2092 2064 2169 participium
2110 2097 2202 2150 est
2248 2108 2280 2150 a
2326 2092 2507 2153 verbo
2557 2100 2771 2153 vertor.

561 2201 718 2260 Alias
745 2200 1031 2277 temporis
1061 2208 1152 2256 est
1181 2195 1542 2276 adverbium,
1581 2196 1739 2275 quod
1769 2197 1980 2257 Graeci
2008 2189 2246 2258 ἄλλοτε
2285 2202 2514 2275 dicunt,
2554 2199 2724 2261 aliter
2761 2191 2993 2271 ἄλλως.

560 2306 686 2368 Cilo
753 2312 846 2364 est
910 2305 1101 2382 capite
1159 2310 1438 2383 angusto,
1499 2304 1597 2363 cui
1660 2302 1773 2363 hoc
1835 2306 2083 2383 contigit
2143 2307 2205 2364 in
2265 2314 2467 2389 partu3
2533 2306 2687 2367 chilo
2752 2306 2993 2366 modum

383 2414 673 2476 labiorum
720 2411 1031 2472 excedens,

560 2519 968 2582 Collactaneus
1026 2524 1119 2576 est
1185 2516 1409 2577 eisdem
1475 2518 1745 2577 mammis
1812 2516 2128 2599 educatu5‚
2191 2518 2512 2581 collacteus
2579 2522 2681 2600 qui
2745 2540 2817 2582 ex
2878 2538 2997 2581 uno

561 2682 588 2730 1
622 2673 807 2744 casus]
846 2668 1002 2739 Very.
1033 2685 1209 2738 yeory.
1242 2670 1411 2724 IIII
1434 2675 1546 2726 485
1671 2672 1930 2725 euaserat
1956 2670 2200 2727 humano
2234 2676 2242 2742 Ι
2275 2686 2394 2729 mos
2421 2673 2672 2744 loquitur
2699 2676 2898 2745 captae
2924 2673 2996 2729 Β.

384 2757 629 2811 humanu
677 2772 741 2810 os
787 2750 1039 2821 loquitur
1078 2756 1207 2820 post
1254 2754 1512 2807 euaserat
1563 2752 1994 2821 superam-iptum
2048 2758 2125 2807 est
2177 2755 2240 2808 in
2288 2753 2357 2823 0,
2413 2756 2671 2810 euaserat
2723 2754 3000 2810 humanos

385 2837 633 2906 loquitur
669 2836 870 2905 captae
901 2850 942 2902 p
1114 2833 1337 2905 captae]
1391 2834 1546 2903 Very.
1586 2834 1722 2887 Aen.
1763 2833 1848 2885 II
1884 2837 1994 2887 643
2164 2842 2195 2889 2
2236 2838 2500 2904 superent
2537 2836 2739 2906 quibus
2779 2836 2827 2891 0
2859 2837 3001 2890 Item

384 2917 647 2986 superent
681 2914 883 2984 quibus
921 2930 950 2967 c
987 2913 1128 2968 Item
1177 2916 1445 2984 superant
1480 2913 1681 2981 quibus
1719 2913 1775 2967 Β
1814 2916 2076 2981 superent
2112 2915 2200 2968 his
2237 2916 2438 2984 quibus
2479 2916 2574 2969 M:
2624 2915 2823 2986 Veryil.
2861 2915 2999 2968 Aen.

395 2996 446 3048 V
476 3002 584 3052 195
755 3001 790 3047 4
837 2991 1045 3049 amissa
1082 2993 1132 3047 0
1176 2993 1315 3048 item
1353 2992 1559 3047 amissa
1594 2993 1691 3048 Bc
1726 2995 1899 3049 missa
1936 2994 2032 3047 M:
2082 2993 2236 3064 Very.
2275 2996 2412 3050 Aen.
2465 2994 2518 3048 V
2549 2999 2656 3050 519
2830 3000 2861 3049 5
2898 3010 3001 3064 pro

384 3076 734 3131 restaurabat
767 3074 823 3126 Β
969 3078 1001 3126 6
1040 3072 1346 3141 Spectabat
1374 3073 1628 3140 spectare
1664 3072 1934 3127 theoreon
1978 3073 2084 3127 erit
2121 3075 2458 3143 expectabat
2494 3078 2789 3145 expectare
2828 3075 2948 3129 sine
2976 3093 3001 3128 s

384 3156 618 3217 ὰΥΡΕΙΝ
652 3155 726 3208 Μ
760 3152 1040 3208 ΘΕΟΡΕΙΝ
1079 3152 1210 3219 (erit
1237 3152 1363 3208 add.
1397 3151 1462 3217 0)
1492 3154 1787 3221 expectare
1817 3144 2202 3208 ὰΝὸΜΕΝΕΙΝ
2240 3153 2298 3209 id
2337 3158 2424 3209 est
2449 3159 2747 3210 uenturum
2776 3170 3001 3226 sperare

384 3235 499 3290 ΒΟ
538 3235 804 3305 Spectare
848 3248 950 3300 per
987 3250 1012 3285 a
1061 3234 1359 3301 expectare
1406 3248 1507 3300 per
1549 3250 1585 3285 x
1623 3247 1657 3290 ς
1705 3231 1967 3301 Spectare
2019 3249 2120 3300 per
2157 3250 2182 3285 s
2219 3236 2492 3303 θεωρεῖν,
2529 3237 2824 3304 expectare
2861 3228 3001 3286 ἄνα-

386 3314 577 3385 μένειν
612 3315 673 3369 id
710 3315 796 3369 est
830 3313 1129 3366 venturum
1165 3326 1390 3381 sperare
1428 3326 1504 3377 p:
1554 3311 1622 3377 cf.
1672 3310 1827 3381 Very.
1864 3327 2041 3381 yeorq.
2081 3313 2251 3366 IIII
2284 3318 2396 3368 367
2442 3314 2737 3383 spectabat
2784 3313 3005 3369 diversa

390 3395 526 3451 locis
672 3400 702 3448 7
733 3389 1005 3462 Demitte]
1046 3391 1202 3461 Ver-9.
1229 3408 1406 3461 yeorq.
1439 3392 1607 3445 IIII
1642 3396 1752 3448 542
1782 3394 1843 3446 et
1879 3409 2097 3446 sacrum
2134 3391 2344 3463 iugulis
2382 3394 2616 3449 demitte
2645 3411 2895 3449 cruorem

386 3474 609 3531 dimitte
646 3506 715 3515 —
751 3472 1004 3542 absolve]
1053 3470 1275 3525 dimitte
1313 3466 1618 3542 ᾲῌᾴςςῼῌ
1666 3466 2002 3529 ὸΠΟΛΙΕΕΝ
2041 3475 2271 3530 absolue
2312 3475 2386 3527 M
2431 3473 2654 3529 dimitte
2693 3470 3003 3533 ΛΝὸΕΚΟΕ

386 3556 446 3611 id
481 3557 567 3611 est
600 3556 729 3610 laxa
763 3551 879 3606 BG
911 3550 1133 3606 dimitte
1170 3545 1385 3613 ἀνάδος
1421 3551 1478 3605 id
1518 3553 1605 3606 est
1641 3551 1770 3606 laxa
1797 3568 1843 3620 p
1887 3571 1892 3576 ·
1970 3558 2002 3606 9
2031 3551 2201 3608 Fidus
2233 3553 2388 3623 Very.
2419 3554 2556 3608 Aen.
2589 3555 2632 3608 I
2655 3561 2761 3610 113
2799 3554 3000 3608 fidum-

388 3653 496 3705 que
534 3634 776 3690 vehebat
802 3632 1048 3687 Oronten
1192 3628 1435 3686 famulus
1472 3631 1654 3687 fidelis
1692 3632 1866 3687 dicito
1903 3631 2022 3687 BG
2162 3639 2229 3687 10
2269 3632 2469 3688 Coram
2505 3633 2628 3703 illo]
2671 3634 2825 3703 Very.
2857 3635 2997 3689 Aen.

392 3718 436 3770 I
469 3720 579 3771 595
617 3731 804 3770 coram
842 3727 1010 3781 quem
1047 3711 1316 3781 quaeritis
1354 3712 1552 3768 adsum
1733 3718 1797 3767 11
1850 3716 1936 3768 est
1972 3730 2071 3770 om.
2110 3713 2167 3766 Β
2354 3713 2719 3770 uariauerunt
2752 3712 2870 3767 BG

392 3801 456 3851 12
503 3791 927 3866 Cognoscimus]
975 3791 1127 3859 Very.
1174 3792 1311 3847 Aen.
1361 3792 1538 3847 VIII
1579 3798 1689 3849 155
1734 3792 1951 3862 accipio
1998 3810 2352 3864 agnoscoque
2396 3795 2577 3851 libens
2782 3794 3002 3864 ignota]

386 3875 647 3946 ignorata
679 3873 734 3927 Β
749 3872 797 3927 0
969 3887 1113 3941 quae
1150 3886 1186 3924 a
1221 3872 1383 3926 nobie
1423 3872 1744 3928 exciderant
1782 3872 1858 3925 M
2035 3879 2100 3927 13
2150 3873 2223 3928 ad
2259 3874 2496 3930 maiores
2535 3892 2673 3929 corr.
2714 3875 2785 3928 al.
2823 3891 2892 3929 m.
2930 3873 3003 3927 ad

389 3973 569 4010 mores
603 3955 659 4008 B
843 3958 909 4007 14
956 3951 1211 4021 Clipeam
1256 3947 1502 4013 ΔΠΥὸὸ
1546 3951 1664 4007 ΒΟ
1712 3950 1986 4021 clypeum
2021 3947 2270 4013 ὸΠΥωὸ
2309 3956 2384 4009 M
2391 3976 2408 4009 .·
2456 3953 2671 4010 Charis.
2700 3972 2763 4023 12.
2801 3958 2892 4021 77,
2929 3960 3009 4010 20

390 4033 538 4090 Serv.
576 4037 641 4089 in
687 4034 844 4105 Verq.
882 4032 1020 4086 Aen.
1071 4031 1290 4086 VIIII
1324 4039 1432 4088 709
1597 4036 1662 4086 15
1698 4030 1911 4101 pagina
1948 4030 2153 4087 dicitur
2192 4035 2266 4088 M
2425 4042 2490 4091 16
2543 4034 2702 4090 Alias
2738 4033 3009 4104 temporis

392 4117 479 4170 eet
505 4114 832 4170 aduerbium
859 4114 1010 4182 quod
1047 4114 1240 4183 graeci
1276 4107 1501 4170 ὸΕωΤΕ
1538 4110 1703 4166 aliter
1739 4105 1926 4168 ὸΛωΕ
1965 4111 2042 4164 Μ
2073 4113 2229 4169 Alias
2265 4115 2532 4185 temporis
2561 4113 2891 4170 adnerbinm
2924 4114 3011 4167 eet

392 4195 542 4265 quod
578 4193 729 4264 greci
766 4187 1003 4253 ὸιΛὰΒω
1040 4194 1205 4248 aliter
1240 4192 1531 4250 ΛΛωΔΟ(
1566 4192 1622 4244 Β
1656 4190 1818 4246 Alias
1854 4192 2122 4260 temporis
2159 4194 2487 4250 aduerbium
2525 4196 2613 4250 eet
2658 4194 2808 4263 quod
2857 4192 3011 4262 greci

394 4274 650 4329 aledocte
697 4275 857 4343 (corr.
905 4275 1152 4343 aladote)
1198 4273 1363 4328 aliter
1411 4272 1607 4327 alados
1659 4270 1716 4325 0.
1784 4269 1926 4325 alias
1982 4289 2086 4341 pro
2132 4273 2297 4329 aliter
2343 4274 2636 4330 Terentius
2691 4274 2752 4327 in
2796 4271 3012 4326 Andria

393 4355 545 4420 (III
578 4360 636 4420 2,
674 4358 771 4420 49)
810 4354 970 4423 ‘quid
1007 4354 1150 4409 alias
1187 4352 1380 4407 malim
1420 4370 1588 4422 quam
1626 4349 1794 4408 hodie
1832 4353 1971 4407 istas
2007 4352 2127 4408 fieri
2162 4355 2432 4425 nuptias’,
2470 4354 2566 4409 ubi
2603 4353 2684 4408 Fl.
2727 4352 2904 4422 Caper
2941 4352 3010 4406 de

396 4432 679 4489 latinitate
719 4433 854 4488 ‘non
891 4434 1069 4489 ausim
1106 4433 1400 4487 adfirmare
1436 4448 1539 4502 pro
1577 4431 1746 4487 aliter
1783 4432 1918 4486 dici’
1963 4431 2251 4489 Charisius
2278 4452 2339 4504 p.
2369 4438 2495 4501 194,
2530 4439 2607 4489 29
2757 4437 2823 4486 17
2864 4429 3008 4501 Cilo]

398 4514 521 4584 cylo
560 4514 635 4567 M
668 4513 818 4569 chilo
854 4514 909 4567 Β
924 4513 971 4567 0
1110 4510 1390 4581 contingit
1428 4511 1563 4565 ΜΒ
1601 4510 1880 4581 contiguit
1917 4510 1965 4566 Ο
2103 4513 2275 4585 chilo]
2316 4514 2480 4584 chylo
2520 4513 2596 4566 M
2627 4511 2747 4567 hilo
2778 4513 2865 4566 est
2898 4512 2954 4566 Β
2969 4510 3017 4565 0

542 4600 606 4650 19
645 4592 1069 4665 Collactaneus]
1108 4592 1522 4661 collectaneae,
1558 4593 1652 4646 sed
1687 4608 1751 4647 ec
1786 4609 1898 4650 rae.
1935 4593 1992 4647 Β
2137 4594 2511 4650 cancteneus
2549 4591 2647 4661 qui
2685 4609 2752 4647 ex
2789 4608 2898 4646 uno
2939 4592 3017 4646 M

401 4715 791 4772 conlactaneus
827 4715 927 4786 qui
963 4732 1033 4770 ex
1068 4730 1177 4769 uno
1213 4714 1269 4766 B
1316 4684 1696 4784 coflactaneus
1745 4715 1843 4783 qui
1881 4732 1949 4770 ex
1986 4732 2096 4770 uno
2137 4714 2185 4769 0
2226 4715 2526 4769 collacteus
2565 4715 2653 4768 est
2698 4713 2794 4783 qui
2830 4730 2941 4768 uno
2980 4729 3014 4772 ς

403 4795 1017 4945 ονξωῌῖίῑῖὶιιεὲυίῗέαο
1048 4813 1110 4865 p.
1168 4795 1564 4851 conlactaneus
1601 4794 1714 4850 dici
1749 4795 1945 4850 debet:
1982 4812 2114 4850 nam
2152 4794 2457 4850 collacteus
2492 4810 2658 4848 nemo
2697 4794 2836 4849 dicit
2873 4795 3014 4896 §Vm-

652 4917 664 4930 '
787 4918 800 4944 ἱ

511 4982 821 5015 οιΔιηυιτῐοι
847 4983 1023 5014 ιιι-ειη
1050 4983 1140 5016 vn.
2555 4969 2586 5018 7
