<?xml version="1.0" encoding="UTF-8"?>
<!DOCTYPE html PUBLIC "-//W3C//DTD XHTML 1.0 Transitional//EN"
    "http://www.w3.org/TR/xhtml1/DTD/xhtml1-transitional.dtd">
<html xmlns="http://www.w3.org/1999/xhtml" xml:lang="en" lang="en">
 <head>
  <title>
</title>
<meta http-equiv="Content-Type" content="text/html;charset=utf-8" />
  <meta name='ocr-system' content='tesseract 3.04.00' />
  <meta name='ocr-capabilities' content='ocr_page ocr_carea ocr_par ocr_line ocrx_word'/>
</head>
<body>
  <div class='ocr_page' id='page_1' title='image "./grammaticilatin09keilgoog_0397.png"; bbox 0 0 3613 5528; ppageno 0'>
   <div class='ocr_carea' id='block_1_1' title="bbox 388 398 2989 558">
    <p class='ocr_par' dir='ltr' id='par_1_1' title="bbox 388 398 2989 558">
     <span class='ocr_line' id='line_1_1' title="bbox 1362 398 2989 466; baseline 0.005 -8"><span class='ocrx_word' id='word_1_1' title='bbox 1362 402 1501 458; x_wconf 75' lang='lat' dir='ltr'><strong>Ans</strong></span> <span class='ocrx_word' id='word_1_2' title='bbox 1540 402 2031 460; x_wconf 77' lang='lat' dir='ltr'>GRAMMATICA</span> <span class='ocrx_word' id='word_1_3' title='bbox 2860 398 2989 466; x_wconf 76' lang='lat'><strong>387</strong></span> 
     </span>
     <span class='ocr_line' id='line_1_2' title="bbox 388 506 699 558; baseline -0.006 -10"><span class='ocrx_word' id='word_1_4' title='bbox 388 518 436 558; x_wconf 78' lang='lat' dir='ltr'><strong>p.</strong></span> <span class='ocrx_word' id='word_1_5' title='bbox 464 508 529 549; x_wconf 77' lang='lat'><strong>1¹1.</strong></span> <span class='ocrx_word' id='word_1_6' title='bbox 559 507 611 548; x_wconf 82' lang='lat'><strong>18</strong></span> <span class='ocrx_word' id='word_1_7' title='bbox 637 506 699 547; x_wconf 83' lang='grc' dir='ltr'><strong>Η.</strong></span> 
     </span>
    </p>
   </div>
   <div class='ocr_carea' id='block_1_2' title="bbox 341 587 2994 1420">
    <p class='ocr_par' dir='ltr' id='par_1_2' title="bbox 394 587 2993 993">
     <span class='ocr_line' id='line_1_3' title="bbox 571 587 2990 673; baseline -0.002 -21"><span class='ocrx_word' id='word_1_8' title='bbox 571 590 836 673; x_wconf 88' lang='lat' dir='ltr'><strong>Syllabae</strong></span> <span class='ocrx_word' id='word_1_9' title='bbox 892 598 996 653; x_wconf 80' lang='lat' dir='ltr'><strong>aut</strong></span> <span class='ocrx_word' id='word_1_10' title='bbox 1051 598 1258 652; x_wconf 85' lang='lat' dir='ltr'><strong>natura</strong></span> <span class='ocrx_word' id='word_1_11' title='bbox 1314 589 1522 670; x_wconf 85' lang='lat' dir='ltr'><strong>longae</strong></span> <span class='ocrx_word' id='word_1_12' title='bbox 1578 597 1721 651; x_wconf 88' lang='lat' dir='ltr'><strong>sunt</strong></span> <span class='ocrx_word' id='word_1_13' title='bbox 1765 598 1868 652; x_wconf 90' lang='lat' dir='ltr'><strong>aut</strong></span> <span class='ocrx_word' id='word_1_14' title='bbox 1910 591 2222 672; x_wconf 82' lang='lat' dir='ltr'><strong>positione.</strong></span> <span class='ocrx_word' id='word_1_15' title='bbox 2314 599 2524 650; x_wconf 85' lang='lat' dir='ltr'><strong>natura</strong></span> <span class='ocrx_word' id='word_1_16' title='bbox 2569 587 2777 668; x_wconf 85' lang='lat' dir='ltr'><strong>longae</strong></span> <span class='ocrx_word' id='word_1_17' title='bbox 2823 588 2990 669; x_wconf 88' lang='lat' dir='ltr'><strong>fiunt,</strong></span> 
     </span>
     <span class='ocr_line' id='line_1_4' title="bbox 394 694 2989 781; baseline -0.003 -18"><span class='ocrx_word' id='word_1_18' title='bbox 394 719 529 763; x_wconf 90' lang='lat' dir='ltr'><strong>cum</strong></span> <span class='ocrx_word' id='word_1_19' title='bbox 587 699 853 781; x_wconf 81' lang='lat' dir='ltr'>singulae</span> <span class='ocrx_word' id='word_1_20' title='bbox 902 696 1130 760; x_wconf 89' lang='lat' dir='ltr'><strong>vocales</strong></span> <span class='ocrx_word' id='word_1_21' title='bbox 1173 696 1403 759; x_wconf 80' lang='lat' dir='ltr'><strong>litterae</strong></span> <span class='ocrx_word' id='word_1_22' title='bbox 1450 698 1889 780; x_wconf 80' lang='lat' dir='ltr'><strong>producuntur,</strong></span> <span class='ocrx_word' id='word_1_23' title='bbox 1936 708 2003 759; x_wconf 87' lang='lat' dir='ltr'><strong>ut</strong></span> <span class='ocrx_word' id='word_1_24' title='bbox 2048 716 2080 758; x_wconf 91' lang='lat' dir='ltr'><strong>a</strong></span> <span class='ocrx_word' id='word_1_25' title='bbox 2128 705 2189 758; x_wconf 85' lang='lat' dir='ltr'><strong>et</strong></span> <span class='ocrx_word' id='word_1_26' title='bbox 2233 715 2293 778; x_wconf 88' lang='lat' dir='ltr'><strong>e,</strong></span> <span class='ocrx_word' id='word_1_27' title='bbox 2337 706 2441 758; x_wconf 88' lang='lat' dir='ltr'><strong>aut</strong></span> <span class='ocrx_word' id='word_1_28' title='bbox 2494 714 2631 757; x_wconf 85' lang='lat' dir='ltr'><strong>cum</strong></span> <span class='ocrx_word' id='word_1_29' title='bbox 2687 694 2865 776; x_wconf 88' lang='lat' dir='ltr'><strong>duae,</strong></span> <span class='ocrx_word' id='word_1_30' title='bbox 2921 704 2989 756; x_wconf 88' lang='lat' dir='ltr'><strong>ut</strong></span> 
     </span>
     <span class='ocr_line' id='line_1_5' title="bbox 394 802 2991 890; baseline -0.002 -22"><span class='ocrx_word' id='word_1_31' title='bbox 394 826 497 890; x_wconf 87' lang='lat' dir='ltr'><strong>ua,</strong></span> <span class='ocrx_word' id='word_1_32' title='bbox 541 814 646 869; x_wconf 90' lang='lat' dir='ltr'><strong>aut</strong></span> <span class='ocrx_word' id='word_1_33' title='bbox 673 825 810 868; x_wconf 88' lang='lat' dir='ltr'><strong>cum</strong></span> <span class='ocrx_word' id='word_1_34' title='bbox 840 813 991 888; x_wconf 82' lang='lat' dir='ltr'><strong>tres,</strong></span> <span class='ocrx_word' id='word_1_35' title='bbox 1039 811 1106 866; x_wconf 88' lang='lat' dir='ltr'><strong>ut</strong></span> <span class='ocrx_word' id='word_1_36' title='bbox 1132 821 1271 865; x_wconf 85' lang='lat' dir='ltr'><strong>uae:</strong></span> <span class='ocrx_word' id='word_1_37' title='bbox 1313 806 1608 885; x_wconf 80' lang='lat' dir='ltr'><strong>positione</strong></span> <span class='ocrx_word' id='word_1_38' title='bbox 1636 812 1863 887; x_wconf 88' lang='lat' dir='ltr'><strong>autem,</strong></span> <span class='ocrx_word' id='word_1_39' title='bbox 1907 822 2044 866; x_wconf 93' lang='lat' dir='ltr'><strong>cum</strong></span> <span class='ocrx_word' id='word_1_40' title='bbox 2091 814 2364 886; x_wconf 81' lang='lat' dir='ltr'><strong>correpta</strong></span> <span class='ocrx_word' id='word_1_41' title='bbox 2410 802 2627 864; x_wconf 85' lang='lat' dir='ltr'><strong>vocalis</strong></span> <span class='ocrx_word' id='word_1_42' title='bbox 2673 810 2991 882; x_wconf 82' lang='lat' dir='ltr'><strong>sequentes</strong></span> 
     </span>
     <span class='ocr_line' id='line_1_6' title="bbox 394 909 2993 993; baseline -0.003 -17"><span class='ocrx_word' id='word_1_43' title='bbox 394 914 570 976; x_wconf 90' lang='lat' dir='ltr'><strong>babet</strong></span> <span class='ocrx_word' id='word_1_44' title='bbox 614 914 761 976; x_wconf 85' lang='lat' dir='ltr'><strong>duas</strong></span> <span class='ocrx_word' id='word_1_45' title='bbox 805 919 1225 992; x_wconf 84' lang='lat' dir='ltr'><strong>consonantes3</strong></span> <span class='ocrx_word' id='word_1_46' title='bbox 1289 919 1350 973; x_wconf 89' lang='lat' dir='ltr'><strong>et</strong></span> <span class='ocrx_word' id='word_1_47' title='bbox 1403 910 1511 973; x_wconf 87' lang='lat' dir='ltr'><strong>hae</strong></span> <span class='ocrx_word' id='word_1_48' title='bbox 1567 922 1667 975; x_wconf 90' lang='lat' dir='ltr'><strong>aut</strong></span> <span class='ocrx_word' id='word_1_49' title='bbox 1722 915 1783 973; x_wconf 88' lang='lat' dir='ltr'><strong>in</strong></span> <span class='ocrx_word' id='word_1_50' title='bbox 1842 912 2046 974; x_wconf 89' lang='lat' dir='ltr'><strong>eadem</strong></span> <span class='ocrx_word' id='word_1_51' title='bbox 2104 909 2113 993; x_wconf 78' lang='grc' dir='ltr'>Ι</span> <span class='ocrx_word' id='word_1_52' title='bbox 2172 910 2390 992; x_wconf 75' lang='lat' dir='ltr'><strong>syllaba</strong></span> <span class='ocrx_word' id='word_1_53' title='bbox 2451 912 2862 992; x_wconf 84' lang='lat' dir='ltr'><strong>inveniuntur,</strong></span> <span class='ocrx_word' id='word_1_54' title='bbox 2925 916 2993 970; x_wconf 79' lang='lat' dir='ltr'><strong>ut</strong></span> 
     </span>
    </p>

    <p class='ocr_par' dir='ltr' id='par_1_3' title="bbox 341 1017 2994 1420">
     <span class='ocr_line' id='line_1_7' title="bbox 341 1017 2990 1105; baseline -0.003 -21"><span class='ocrx_word' id='word_1_55' title='bbox 341 1044 367 1085; x_wconf 76' lang='grc' dir='ltr'><strong><em>ι</em></strong></span> <span class='ocrx_word' id='word_1_56' title='bbox 395 1040 517 1105; x_wconf 85' lang='lat' dir='ltr'><strong>ars,</strong></span> <span class='ocrx_word' id='word_1_57' title='bbox 561 1030 665 1082; x_wconf 86' lang='lat' dir='ltr'><strong>aut</strong></span> <span class='ocrx_word' id='word_1_58' title='bbox 699 1022 761 1082; x_wconf 90' lang='lat' dir='ltr'><strong>in</strong></span> <span class='ocrx_word' id='word_1_59' title='bbox 798 1021 1090 1102; x_wconf 81' lang='lat' dir='ltr'><strong>proxima,</strong></span> <span class='ocrx_word' id='word_1_60' title='bbox 1134 1029 1200 1081; x_wconf 80' lang='lat' dir='ltr'><strong>ut</strong></span> <span class='ocrx_word' id='word_1_61' title='bbox 1237 1022 1453 1094; x_wconf 90' lang='lat' dir='ltr'><strong>amnis,</strong></span> <span class='ocrx_word' id='word_1_62' title='bbox 1500 1028 1602 1081; x_wconf 89' lang='lat' dir='ltr'><strong>aut</strong></span> <span class='ocrx_word' id='word_1_63' title='bbox 1646 1021 1705 1082; x_wconf 92' lang='lat' dir='ltr'><strong>in</strong></span> <span class='ocrx_word' id='word_1_64' title='bbox 1745 1018 1893 1081; x_wconf 87' lang='lat' dir='ltr'><strong>duas</strong></span> <span class='ocrx_word' id='word_1_65' title='bbox 1929 1019 2179 1101; x_wconf 80' lang='lat' dir='ltr'><strong>syllabas</strong></span> <span class='ocrx_word' id='word_1_66' title='bbox 2216 1018 2462 1102; x_wconf 82' lang='lat' dir='ltr'><strong>divisae,</strong></span> <span class='ocrx_word' id='word_1_67' title='bbox 2507 1026 2575 1081; x_wconf 81' lang='lat' dir='ltr'><strong>ut</strong></span> <span class='ocrx_word' id='word_1_68' title='bbox 2619 1036 2795 1079; x_wconf 85' lang='lat' dir='ltr'><strong>arma.</strong></span> <span class='ocrx_word' id='word_1_69' title='bbox 2886 1017 2990 1078; x_wconf 83' lang='lat' dir='ltr'><strong>sed</strong></span> 
     </span>
     <span class='ocr_line' id='line_1_8' title="bbox 403 1124 2994 1209; baseline -0.003 -18"><span class='ocrx_word' id='word_1_70' title='bbox 403 1138 464 1191; x_wconf 89' lang='lat' dir='ltr'><strong>et</strong></span> <span class='ocrx_word' id='word_1_71' title='bbox 519 1127 732 1209; x_wconf 83' lang='lat' dir='ltr'><strong>duplex</strong></span> <span class='ocrx_word' id='word_1_72' title='bbox 789 1126 983 1188; x_wconf 81' lang='lat' dir='ltr'><strong>littera</strong></span> <span class='ocrx_word' id='word_1_73' title='bbox 1029 1145 1067 1187; x_wconf 83' lang='lat' dir='ltr'>x</span> <span class='ocrx_word' id='word_1_74' title='bbox 1112 1124 1362 1188; x_wconf 75' lang='lat' dir='ltr'><strong>duarum</strong></span> <span class='ocrx_word' id='word_1_75' title='bbox 1418 1130 1867 1190; x_wconf 87' lang='lat' dir='ltr'><strong>consonantium</strong></span> <span class='ocrx_word' id='word_1_76' title='bbox 1912 1127 2041 1190; x_wconf 93' lang='lat' dir='ltr'><strong>loco</strong></span> <span class='ocrx_word' id='word_1_77' title='bbox 2089 1129 2383 1209; x_wconf 77' lang='lat' dir='ltr'><strong>fungitur:</strong></span> <span class='ocrx_word' id='word_1_78' title='bbox 2438 1125 2584 1187; x_wconf 88' lang='lat' dir='ltr'><strong>baec</strong></span> <span class='ocrx_word' id='word_1_79' title='bbox 2639 1143 2875 1205; x_wconf 87' lang='lat' dir='ltr'><strong>quoque</strong></span> <span class='ocrx_word' id='word_1_80' title='bbox 2932 1133 2994 1184; x_wconf 90' lang='lat' dir='ltr'><strong>et</strong></span> 
     </span>
     <span class='ocr_line' id='line_1_9' title="bbox 395 1232 2994 1316; baseline -0.002 -19"><span class='ocrx_word' id='word_1_81' title='bbox 395 1238 455 1298; x_wconf 90' lang='lat' dir='ltr'><strong>in</strong></span> <span class='ocrx_word' id='word_1_82' title='bbox 512 1234 717 1296; x_wconf 90' lang='lat' dir='ltr'><strong>eadem</strong></span> <span class='ocrx_word' id='word_1_83' title='bbox 773 1232 987 1314; x_wconf 79' lang='lat' dir='ltr'><strong>syllaba</strong></span> <span class='ocrx_word' id='word_1_84' title='bbox 1043 1232 1195 1295; x_wconf 91' lang='lat' dir='ltr'><strong>solet</strong></span> <span class='ocrx_word' id='word_1_85' title='bbox 1249 1251 1407 1315; x_wconf 84' lang='lat' dir='ltr'><strong>esse,</strong></span> <span class='ocrx_word' id='word_1_86' title='bbox 1473 1243 1540 1295; x_wconf 90' lang='lat' dir='ltr'><strong>ut</strong></span> <span class='ocrx_word' id='word_1_87' title='bbox 1599 1252 1740 1315; x_wconf 85' lang='lat' dir='ltr'><strong>nox,</strong></span> <span class='ocrx_word' id='word_1_88' title='bbox 1805 1240 1867 1295; x_wconf 88' lang='lat' dir='ltr'><strong>et</strong></span> <span class='ocrx_word' id='word_1_89' title='bbox 1921 1236 1981 1295; x_wconf 90' lang='lat' dir='ltr'><strong>in</strong></span> <span class='ocrx_word' id='word_1_90' title='bbox 2037 1235 2330 1316; x_wconf 85' lang='lat' dir='ltr'><strong>proxima,</strong></span> <span class='ocrx_word' id='word_1_91' title='bbox 2394 1241 2461 1295; x_wconf 92' lang='lat' dir='ltr'><strong>ut</strong></span> <span class='ocrx_word' id='word_1_92' title='bbox 2519 1234 2661 1294; x_wconf 84' lang='lat' dir='ltr'><strong>axis.</strong></span> <span class='ocrx_word' id='word_1_93' title='bbox 2734 1234 2876 1296; x_wconf 91' lang='lat' dir='ltr'><strong>item</strong></span> <span class='ocrx_word' id='word_1_94' title='bbox 2933 1241 2994 1293; x_wconf 88' lang='lat' dir='ltr'><strong>et</strong></span> 
     </span>
     <span class='ocr_line' id='line_1_10' title="bbox 395 1341 2160 1420; baseline -0.002 -16"><span class='ocrx_word' id='word_1_95' title='bbox 395 1342 611 1405; x_wconf 88' lang='lat' dir='ltr'><strong>vocalis</strong></span> <span class='ocrx_word' id='word_1_96' title='bbox 655 1341 784 1403; x_wconf 91' lang='lat' dir='ltr'><strong>loco</strong></span> <span class='ocrx_word' id='word_1_97' title='bbox 833 1342 1211 1403; x_wconf 89' lang='lat' dir='ltr'><strong>consonantis</strong></span> <span class='ocrx_word' id='word_1_98' title='bbox 1256 1342 1474 1420; x_wconf 88' lang='lat' dir='ltr'><strong>posita,</strong></span> <span class='ocrx_word' id='word_1_99' title='bbox 1518 1349 1587 1403; x_wconf 82' lang='lat' dir='ltr'><strong>ut</strong></span> <span class='ocrx_word' id='word_1_100' title='bbox 1630 1359 1840 1403; x_wconf 86' lang='lat' dir='ltr'><strong>servus</strong></span> <span class='ocrx_word' id='word_1_101' title='bbox 1885 1343 2160 1403; x_wconf 89' lang='lat' dir='ltr'><strong>iniustus.</strong></span> 
     </span>
    </p>
   </div>
   <div class='ocr_carea' id='block_1_3' title="bbox 1083 1567 2292 1636">
    <p class='ocr_par' dir='ltr' id='par_1_4' title="bbox 1083 1567 2292 1636">
     <span class='ocr_line' id='line_1_11' title="bbox 1083 1567 2292 1636; baseline 0.002 -2"><span class='ocrx_word' id='word_1_102' title='bbox 1083 1567 1204 1634; x_wconf 85' lang='lat' dir='ltr'><strong>DE</strong></span> <span class='ocrx_word' id='word_1_103' title='bbox 1252 1568 1829 1636; x_wconf 83' lang='lat' dir='ltr'>COMMVNIBVS</span> <span class='ocrx_word' id='word_1_104' title='bbox 1876 1568 2292 1636; x_wconf 86' lang='lat' dir='ltr'>SYLLABIS</span> 
     </span>
    </p>
   </div>
   <div class='ocr_carea' id='block_1_4' title="bbox 321 1693 2995 2013">
    <p class='ocr_par' dir='ltr' id='par_1_5' title="bbox 321 1693 2995 2013">
     <span class='ocr_line' id='line_1_12' title="bbox 321 1693 2995 1799; baseline 0 -23"><span class='ocrx_word' id='word_1_105' title='bbox 321 1725 370 1762; x_wconf 91' lang='lat'><strong>1⁰</strong></span> <span class='ocrx_word' id='word_1_106' title='bbox 573 1715 929 1777; x_wconf 85' lang='lat' dir='ltr'><strong>Communes</strong></span> <span class='ocrx_word' id='word_1_107' title='bbox 1004 1715 1254 1797; x_wconf 77' lang='lat' dir='ltr'><strong>syllabae</strong></span> <span class='ocrx_word' id='word_1_108' title='bbox 1320 1693 1478 1779; x_wconf 30' lang='lat' dir='ltr'><strong>‘flunt</strong></span> <span class='ocrx_word' id='word_1_109' title='bbox 1550 1718 1738 1778; x_wconf 86' lang='lat' dir='ltr'><strong>modis</strong></span> <span class='ocrx_word' id='word_1_110' title='bbox 1802 1716 1943 1779; x_wconf 86' lang='lat' dir='ltr'><strong>nn:</strong></span> <span class='ocrx_word' id='word_1_111' title='bbox 2001 1719 2234 1799; x_wconf 80' lang='lat' dir='ltr'><strong>primo,</strong></span> <span class='ocrx_word' id='word_1_112' title='bbox 2307 1719 2358 1778; x_wconf 89' lang='lat' dir='ltr'><strong>si</strong></span> <span class='ocrx_word' id='word_1_113' title='bbox 2432 1725 2704 1798; x_wconf 79' lang='lat' dir='ltr'><strong>correpta</strong></span> <span class='ocrx_word' id='word_1_114' title='bbox 2781 1715 2995 1778; x_wconf 86' lang='lat' dir='ltr'><strong>vocalis</strong></span> 
     </span>
     <span class='ocr_line' id='line_1_13' title="bbox 398 1821 2995 1906; baseline 0 -23"><span class='ocrx_word' id='word_1_115' title='bbox 398 1824 724 1903; x_wconf 78' lang='lat' dir='ltr'><strong>excipiatur</strong></span> <span class='ocrx_word' id='word_1_116' title='bbox 795 1841 828 1882; x_wconf 92' lang='lat' dir='ltr'><strong>a</strong></span> <span class='ocrx_word' id='word_1_117' title='bbox 900 1821 1128 1885; x_wconf 88' lang='lat' dir='ltr'><strong>duabus</strong></span> <span class='ocrx_word' id='word_1_118' title='bbox 1201 1822 1690 1906; x_wconf 74' lang='lat' dir='ltr'><strong>consonantibus»,</strong></span> <span class='ocrx_word' id='word_1_119' title='bbox 1763 1841 2016 1903; x_wconf 83' lang='lat' dir='ltr'><strong>quarum</strong></span> <span class='ocrx_word' id='word_1_120' title='bbox 2089 1825 2254 1903; x_wconf 79' lang='lat' dir='ltr'><strong>prior</strong></span> <span class='ocrx_word' id='word_1_121' title='bbox 2326 1826 2403 1886; x_wconf 90' lang='lat' dir='ltr'><strong>sit</strong></span> <span class='ocrx_word' id='word_1_122' title='bbox 2476 1833 2664 1906; x_wconf 87' lang='lat' dir='ltr'><strong>muta,</strong></span> <span class='ocrx_word' id='word_1_123' title='bbox 2737 1843 2995 1905; x_wconf 84' lang='lat' dir='ltr'><strong>sequens</strong></span> 
     </span>
     <span class='ocr_line' id='line_1_14' title="bbox 400 1928 1547 2013; baseline 0.002 -23"><span class='ocrx_word' id='word_1_124' title='bbox 400 1928 633 2011; x_wconf 88' lang='lat' dir='ltr'><strong>liquida.</strong></span> <span class='ocrx_word' id='word_1_125' title='bbox 724 1928 921 1991; x_wconf 79' lang='lat' dir='ltr'><strong>brevis</strong></span> <span class='ocrx_word' id='word_1_126' title='bbox 968 1932 1127 1992; x_wconf 89' lang='lat' dir='ltr'><strong>enim</strong></span> <span class='ocrx_word' id='word_1_127' title='bbox 1172 1937 1264 1992; x_wconf 90' lang='lat' dir='ltr'><strong>est</strong></span> <span class='ocrx_word' id='word_1_128' title='bbox 1308 1932 1370 1991; x_wconf 88' lang='lat' dir='ltr'><strong>in</strong></span> <span class='ocrx_word' id='word_1_129' title='bbox 1416 1929 1547 2013; x_wconf 88' lang='lat' dir='ltr'><strong>hoc,</strong></span> 
     </span>
    </p>
   </div>
   <div class='ocr_carea' id='block_1_5' title="bbox 400 2036 2546 2228">
    <p class='ocr_par' dir='ltr' id='par_1_6' title="bbox 400 2036 2546 2228">
     <span class='ocr_line' id='line_1_15' title="bbox 849 2036 2546 2121; baseline 0.001 -23"><span class='ocrx_word' id='word_1_130' title='bbox 849 2046 1018 2099; x_wconf 88' lang='lat' dir='ltr'><strong>tune</strong></span> <span class='ocrx_word' id='word_1_131' title='bbox 1067 2036 1589 2119; x_wconf 78' lang='lat' dir='ltr'><strong>Clytemestrae</strong></span> <span class='ocrx_word' id='word_1_132' title='bbox 1638 2038 1952 2100; x_wconf 82' lang='lat' dir='ltr'><strong>foedasti</strong></span> <span class='ocrx_word' id='word_1_133' title='bbox 2000 2040 2276 2100; x_wconf 85' lang='lat' dir='ltr'><strong>viscera</strong></span> <span class='ocrx_word' id='word_1_134' title='bbox 2323 2039 2546 2121; x_wconf 73' lang='lat' dir='ltr'><strong>feri-03</strong></span> 
     </span>
     <span class='ocr_line' id='line_1_16' title="bbox 400 2145 1106 2228; baseline 0 -21"><span class='ocrx_word' id='word_1_135' title='bbox 400 2145 570 2226; x_wconf 83' lang='lat' dir='ltr'><strong>longa</strong></span> <span class='ocrx_word' id='word_1_136' title='bbox 616 2154 814 2206; x_wconf 89' lang='lat' dir='ltr'><strong>autem</strong></span> <span class='ocrx_word' id='word_1_137' title='bbox 859 2147 920 2206; x_wconf 90' lang='lat' dir='ltr'><strong>in</strong></span> <span class='ocrx_word' id='word_1_138' title='bbox 965 2145 1106 2228; x_wconf 85' lang='lat' dir='ltr'><strong>hoc,</strong></span> 
     </span>
    </p>
   </div>
   <div class='ocr_carea' id='block_1_6' title="bbox 326 2251 2997 2443">
    <p class='ocr_par' dir='ltr' id='par_1_7' title="bbox 326 2251 2997 2443">
     <span class='ocr_line' id='line_1_17' title="bbox 326 2251 2570 2336; baseline 0 -23"><span class='ocrx_word' id='word_1_139' title='bbox 326 2257 375 2298; x_wconf 81' lang='lat'><strong>1⁶</strong></span> <span class='ocrx_word' id='word_1_140' title='bbox 823 2251 1148 2336; x_wconf 89' lang='lat' dir='ltr'><strong>Cyclops,</strong></span> <span class='ocrx_word' id='word_1_141' title='bbox 1193 2253 1551 2315; x_wconf 81' lang='lat' dir='ltr'><strong>Aetnaeus</strong></span> <span class='ocrx_word' id='word_1_142' title='bbox 1597 2252 1866 2336; x_wconf 82' lang='lat' dir='ltr'><strong>cultor,</strong></span> <span class='ocrx_word' id='word_1_143' title='bbox 1910 2252 2268 2333; x_wconf 88' lang='lat' dir='ltr'><strong>Neptunia</strong></span> <span class='ocrx_word' id='word_1_144' title='bbox 2313 2251 2570 2333; x_wconf 79' lang='lat' dir='ltr'><strong>proles,</strong></span> 
     </span>
     <span class='ocr_line' id='line_1_18' title="bbox 402 2358 2997 2443; baseline 0.001 -22"><span class='ocrx_word' id='word_1_145' title='bbox 402 2369 463 2421; x_wconf 87' lang='lat' dir='ltr'><strong>at</strong></span> <span class='ocrx_word' id='word_1_146' title='bbox 506 2362 556 2420; x_wconf 90' lang='lat' dir='ltr'><strong>si</strong></span> <span class='ocrx_word' id='word_1_147' title='bbox 600 2358 750 2420; x_wconf 84' lang='lat' dir='ltr'><strong>duae</strong></span> <span class='ocrx_word' id='word_1_148' title='bbox 798 2367 1192 2421; x_wconf 83' lang='lat' dir='ltr'><strong>consonantes</strong></span> <span class='ocrx_word' id='word_1_149' title='bbox 1238 2362 1299 2421; x_wconf 91' lang='lat' dir='ltr'><strong>in</strong></span> <span class='ocrx_word' id='word_1_150' title='bbox 1346 2359 1494 2421; x_wconf 87' lang='lat' dir='ltr'><strong>duas</strong></span> <span class='ocrx_word' id='word_1_151' title='bbox 1540 2358 1790 2440; x_wconf 86' lang='lat' dir='ltr'><strong>syllabas</strong></span> <span class='ocrx_word' id='word_1_152' title='bbox 1838 2362 2061 2422; x_wconf 83' lang='lat' dir='ltr'><strong>fuerint</strong></span> <span class='ocrx_word' id='word_1_153' title='bbox 2095 2360 2345 2441; x_wconf 88' lang='lat' dir='ltr'><strong>divisae,</strong></span> <span class='ocrx_word' id='word_1_154' title='bbox 2391 2379 2509 2421; x_wconf 89' lang='lat' dir='ltr'><strong>non</strong></span> <span class='ocrx_word' id='word_1_155' title='bbox 2549 2362 2613 2423; x_wconf 78' lang='lat' dir='ltr'><strong>fit</strong></span> <span class='ocrx_word' id='word_1_156' title='bbox 2648 2364 2997 2443; x_wconf 65' lang='lat' dir='ltr'><strong>communis»,</strong></span> 
     </span>
    </p>
   </div>
   <div class='ocr_carea' id='block_1_7' title="bbox 406 2485 825 2493">
    <p class='ocr_par' dir='ltr' id='par_1_8' title="bbox 406 2485 825 2493">
     <span class='ocr_line' id='line_1_19' title="bbox 406 2485 825 2493; baseline 0 3035"><span class='ocrx_word' id='word_1_157' title='bbox 406 2485 825 2493; x_wconf 95' lang='lat' dir='ltr'><strong> </strong></span> 
     </span>
    </p>
   </div>
   <div class='ocr_carea' id='block_1_8' title="bbox 402 2531 2990 2682">
    <p class='ocr_par' dir='ltr' id='par_1_9' title="bbox 402 2531 2990 2682">
     <span class='ocr_line' id='line_1_20' title="bbox 578 2531 2990 2604; baseline 0 -16"><span class='ocrx_word' id='word_1_158' title='bbox 578 2533 759 2588; x_wconf 75' lang='lat' dir='ltr'><strong>Codex</strong></span> <span class='ocrx_word' id='word_1_159' title='bbox 793 2531 1185 2602; x_wconf 67' lang='lat' dir='ltr'><strong>Sanqalleowis.</strong></span> <span class='ocrx_word' id='word_1_160' title='bbox 1277 2539 1308 2587; x_wconf 81' lang='lat'><strong>2</strong></span> <span class='ocrx_word' id='word_1_161' title='bbox 1347 2533 1411 2587; x_wconf 73' lang='lat' dir='ltr'><strong>ut</strong></span> <span class='ocrx_word' id='word_1_162' title='bbox 1445 2531 1540 2604; x_wconf 77' lang='lat' dir='ltr'><strong>ua]</strong></span> <span class='ocrx_word' id='word_1_163' title='bbox 1579 2531 1685 2588; x_wconf 77' lang='lat' dir='ltr'><strong>alit</strong></span> <span class='ocrx_word' id='word_1_164' title='bbox 1719 2549 1795 2588; x_wconf 80' lang='lat' dir='ltr'><strong>ua.</strong></span> <span class='ocrx_word' id='word_1_165' title='bbox 1955 2540 1988 2589; x_wconf 85' lang='lat'><strong>3</strong></span> <span class='ocrx_word' id='word_1_166' title='bbox 2025 2533 2313 2589; x_wconf 76' lang='lat' dir='ltr'><strong>uocalibus</strong></span> <span class='ocrx_word' id='word_1_167' title='bbox 2476 2539 2508 2588; x_wconf 82' lang='lat'><strong>6</strong></span> <span class='ocrx_word' id='word_1_168' title='bbox 2546 2535 2611 2588; x_wconf 77' lang='lat' dir='ltr'><strong>ut</strong></span> <span class='ocrx_word' id='word_1_169' title='bbox 2648 2538 2776 2590; x_wconf 73' lang='lat' dir='ltr'><strong>ante</strong></span> <span class='ocrx_word' id='word_1_170' title='bbox 2813 2533 2990 2589; x_wconf 77' lang='lat' dir='ltr'><strong>amnis</strong></span> 
     </span>
     <span class='ocr_line' id='line_1_21' title="bbox 402 2613 2264 2682; baseline -0.001 -13"><span class='ocrx_word' id='word_1_171' title='bbox 402 2618 451 2669; x_wconf 79' lang='lat' dir='ltr'><strong>et</strong></span> <span class='ocrx_word' id='word_1_172' title='bbox 487 2618 612 2669; x_wconf 72' lang='lat' dir='ltr'><strong>ante</strong></span> <span class='ocrx_word' id='word_1_173' title='bbox 647 2628 803 2668; x_wconf 75' lang='lat' dir='ltr'><strong>arma.</strong></span> <span class='ocrx_word' id='word_1_174' title='bbox 838 2628 938 2668; x_wconf 85' lang='lat' dir='ltr'><strong>om.</strong></span> <span class='ocrx_word' id='word_1_175' title='bbox 1084 2618 1117 2668; x_wconf 88' lang='lat'>8</span> <span class='ocrx_word' id='word_1_176' title='bbox 1154 2613 1218 2668; x_wconf 77' lang='lat' dir='ltr'><strong>nt</strong></span> <span class='ocrx_word' id='word_1_177' title='bbox 1252 2617 1380 2668; x_wconf 78' lang='lat' dir='ltr'><strong>ante</strong></span> <span class='ocrx_word' id='word_1_178' title='bbox 1416 2629 1607 2668; x_wconf 81' lang='lat' dir='ltr'><strong>servus</strong></span> <span class='ocrx_word' id='word_1_179' title='bbox 1642 2629 1743 2669; x_wconf 85' lang='lat' dir='ltr'><strong>om.</strong></span> <span class='ocrx_word' id='word_1_180' title='bbox 1892 2621 1959 2670; x_wconf 81' lang='lat'><strong>15</strong></span> <span class='ocrx_word' id='word_1_181' title='bbox 1994 2615 2264 2682; x_wconf 70' lang='lat' dir='ltr'><strong>aethneas</strong></span> 
     </span>
    </p>
   </div>
   <div class='ocr_carea' id='block_1_9' title="bbox 406 2725 826 2733">
    <p class='ocr_par' dir='ltr' id='par_1_10' title="bbox 406 2725 826 2733">
     <span class='ocr_line' id='line_1_22' title="bbox 406 2725 826 2733; baseline 0 2795"><span class='ocrx_word' id='word_1_182' title='bbox 406 2725 826 2733; x_wconf 95' lang='lat' dir='ltr'><strong> </strong></span> 
     </span>
    </p>
   </div>
   <div class='ocr_carea' id='block_1_10' title="bbox 575 2772 2415 2848">
    <p class='ocr_par' dir='ltr' id='par_1_11' title="bbox 575 2772 2415 2848">
     <span class='ocr_line' id='line_1_23' title="bbox 575 2772 2415 2848; baseline 0.003 -20"><span class='ocrx_word' id='word_1_183' title='bbox 575 2780 607 2828; x_wconf 82' lang='lat'>9</span> <span class='ocrx_word' id='word_1_184' title='bbox 645 2773 739 2828; x_wconf 77' lang='lat' dir='ltr'><strong>nn</strong></span> <span class='ocrx_word' id='word_1_185' title='bbox 777 2772 1255 2831; x_wconf 75' lang='lat' dir='ltr'>COMMVNIBVS</span> <span class='ocrx_word' id='word_1_186' title='bbox 1295 2774 1669 2847; x_wconf 73' lang='lat' dir='ltr'><strong>sYLLAffls]</strong></span> <span class='ocrx_word' id='word_1_187' title='bbox 1709 2776 1925 2833; x_wconf 60' lang='lat' dir='ltr'><strong>ewam.</strong></span> <span class='ocrx_word' id='word_1_188' title='bbox 1959 2794 2015 2848; x_wconf 77' lang='lat' dir='ltr'><strong>p.</strong></span> <span class='ocrx_word' id='word_1_189' title='bbox 2054 2781 2415 2847; x_wconf 78' lang='lat'><strong><em>13,17-14‚9</em></strong></span> 
     </span>
    </p>
   </div>
   <div class='ocr_carea' id='block_1_11' title="bbox 325 3003 2999 4058">
    <p class='ocr_par' dir='ltr' id='par_1_12' title="bbox 404 3003 2999 3420">
     <span class='ocr_line' id='line_1_24' title="bbox 578 3003 2997 3097; baseline 0.001 -22"><span class='ocrx_word' id='word_1_190' title='bbox 578 3010 672 3075; x_wconf 84' lang='lat' dir='ltr'><strong>Ac</strong></span> <span class='ocrx_word' id='word_1_191' title='bbox 734 3007 1059 3094; x_wconf 85' lang='grc' dir='ltr'><strong><em>συλλαβαὶ</em></strong></span> <span class='ocrx_word' id='word_1_192' title='bbox 1114 3003 1157 3096; x_wconf 79' lang='grc' dir='ltr'>ἢ</span> <span class='ocrx_word' id='word_1_193' title='bbox 1221 3006 1422 3096; x_wconf 83' lang='grc' dir='ltr'><strong><em>φύσει</em></strong></span> <span class='ocrx_word' id='word_1_194' title='bbox 1485 3014 1737 3097; x_wconf 86' lang='grc' dir='ltr'><strong><em>μακραί</em></strong></span> <span class='ocrx_word' id='word_1_195' title='bbox 1790 3012 1968 3078; x_wconf 85' lang='grc' dir='ltr'><strong><em>εἰσιν</em></strong></span> <span class='ocrx_word' id='word_1_196' title='bbox 2027 3005 2069 3096; x_wconf 81' lang='grc' dir='ltr'>ἢ</span> <span class='ocrx_word' id='word_1_197' title='bbox 2130 3010 2340 3079; x_wconf 79' lang='grc' dir='ltr'><strong><em>θέσει.</em></strong></span> <span class='ocrx_word' id='word_1_198' title='bbox 2430 3008 2632 3096; x_wconf 82' lang='grc' dir='ltr'><strong><em>φύσει</em></strong></span> <span class='ocrx_word' id='word_1_199' title='bbox 2691 3014 2997 3096; x_wconf 81' lang='grc' dir='ltr'><strong><em>γίνονται</em></strong></span> 
     </span>
     <span class='ocr_line' id='line_1_25' title="bbox 405 3111 2996 3205; baseline 0.002 -26"><span class='ocrx_word' id='word_1_200' title='bbox 405 3118 676 3200; x_wconf 84' lang='grc' dir='ltr'><strong><em>μακραί,</em></strong></span> <span class='ocrx_word' id='word_1_201' title='bbox 732 3111 895 3182; x_wconf 78' lang='grc' dir='ltr'><strong><em>ὅταν</em></strong></span> <span class='ocrx_word' id='word_1_202' title='bbox 941 3113 1318 3203; x_wconf 79' lang='grc' dir='ltr'><strong><em>καταμόνας</em></strong></span> <span class='ocrx_word' id='word_1_203' title='bbox 1359 3115 1440 3184; x_wconf 82' lang='grc' dir='ltr'><strong>τὰ</strong></span> <span class='ocrx_word' id='word_1_204' title='bbox 1497 3115 1853 3203; x_wconf 82' lang='grc' dir='ltr'><strong><em>φωνήεντα</em></strong></span> <span class='ocrx_word' id='word_1_205' title='bbox 1909 3115 2259 3205; x_wconf 76' lang='grc' dir='ltr'><strong><em>γράμματα</em></strong></span> <span class='ocrx_word' id='word_1_206' title='bbox 2313 3118 2713 3203; x_wconf 82' lang='grc' dir='ltr'><strong><em>ἐκτείνηται,</em></strong></span> <span class='ocrx_word' id='word_1_207' title='bbox 2778 3113 2869 3197; x_wconf 77' lang='grc' dir='ltr'><strong>ὥς</strong></span> <span class='ocrx_word' id='word_1_208' title='bbox 2920 3115 2996 3184; x_wconf 84' lang='grc' dir='ltr'><strong>τὸ</strong></span> 
     </span>
     <span class='ocr_line' id='line_1_26' title="bbox 405 3215 2998 3312; baseline 0.002 -26"><span class='ocrx_word' id='word_1_209' title='bbox 405 3243 444 3285; x_wconf 85' lang='lat' dir='ltr'><strong>a</strong></span> <span class='ocrx_word' id='word_1_210' title='bbox 487 3220 615 3288; x_wconf 82' lang='grc' dir='ltr'><strong><em>καὶ</em></strong></span> <span class='ocrx_word' id='word_1_211' title='bbox 660 3246 724 3307; x_wconf 84' lang='lat' dir='ltr'><strong>e,</strong></span> <span class='ocrx_word' id='word_1_212' title='bbox 769 3215 812 3307; x_wconf 79' lang='grc' dir='ltr'><strong><em>ἦ</em></strong></span> <span class='ocrx_word' id='word_1_213' title='bbox 862 3218 1025 3289; x_wconf 79' lang='grc' dir='ltr'><strong><em>ὅταν</em></strong></span> <span class='ocrx_word' id='word_1_214' title='bbox 1073 3220 1229 3309; x_wconf 81' lang='grc' dir='ltr'><strong><em>δύο,</em></strong></span> <span class='ocrx_word' id='word_1_215' title='bbox 1276 3219 1365 3303; x_wconf 75' lang='grc' dir='ltr'><strong>ὡς</strong></span> <span class='ocrx_word' id='word_1_216' title='bbox 1408 3221 1483 3292; x_wconf 87' lang='grc' dir='ltr'><strong>τὸ</strong></span> <span class='ocrx_word' id='word_1_217' title='bbox 1533 3249 1636 3312; x_wconf 88' lang='lat' dir='ltr'><strong>ua,</strong></span> <span class='ocrx_word' id='word_1_218' title='bbox 1681 3218 1723 3310; x_wconf 82' lang='grc' dir='ltr'>ἢ</span> <span class='ocrx_word' id='word_1_219' title='bbox 1772 3220 1936 3293; x_wconf 77' lang='grc' dir='ltr'><strong><em>ὅταν</em></strong></span> <span class='ocrx_word' id='word_1_220' title='bbox 1981 3229 2162 3311; x_wconf 85' lang='grc' dir='ltr'><strong><em>τρία,</em></strong></span> <span class='ocrx_word' id='word_1_221' title='bbox 2217 3220 2307 3305; x_wconf 75' lang='grc' dir='ltr'><strong>ὡς</strong></span> <span class='ocrx_word' id='word_1_222' title='bbox 2347 3221 2421 3293; x_wconf 88' lang='grc' dir='ltr'><strong>τὸ</strong></span> <span class='ocrx_word' id='word_1_223' title='bbox 2472 3244 2608 3292; x_wconf 90' lang='lat' dir='ltr'><strong>uae·</strong></span> <span class='ocrx_word' id='word_1_224' title='bbox 2663 3224 2852 3292; x_wconf 79' lang='grc' dir='ltr'><strong><em>θέσει</em></strong></span> <span class='ocrx_word' id='word_1_225' title='bbox 2901 3224 2998 3309; x_wconf 81' lang='grc' dir='ltr'><strong>δέ,</strong></span> 
     </span>
     <span class='ocr_line' id='line_1_27' title="bbox 404 3322 2999 3420; baseline 0.002 -27"><span class='ocrx_word' id='word_1_226' title='bbox 404 3322 564 3393; x_wconf 79' lang='grc' dir='ltr'><strong><em>ὅταν</em></strong></span> <span class='ocrx_word' id='word_1_227' title='bbox 627 3329 1162 3417; x_wconf 79' lang='grc' dir='ltr'><strong><em>συνεσταλμένον</em></strong></span> <span class='ocrx_word' id='word_1_228' title='bbox 1225 3331 1499 3417; x_wconf 79' lang='grc' dir='ltr'><strong><em>φωνῆεν</em></strong></span> <span class='ocrx_word' id='word_1_229' title='bbox 1555 3329 2002 3419; x_wconf 77' lang='grc' dir='ltr'><strong><em>ἐπιφερόμενα</em></strong></span> <span class='ocrx_word' id='word_1_230' title='bbox 2058 3335 2171 3420; x_wconf 78' lang='grc' dir='ltr'><strong>ἔχῃ</strong></span> <span class='ocrx_word' id='word_1_231' title='bbox 2220 3337 2230 3414; x_wconf 93' lang='grc' dir='ltr'>Ι</span> <span class='ocrx_word' id='word_1_232' title='bbox 2280 3329 2405 3400; x_wconf 77' lang='grc' dir='ltr'><strong>δύο</strong></span> <span class='ocrx_word' id='word_1_233' title='bbox 2466 3329 2823 3419; x_wconf 83' lang='grc' dir='ltr'><strong><em>σύμφωνα’</em></strong></span> <span class='ocrx_word' id='word_1_234' title='bbox 2886 3330 2999 3398; x_wconf 82' lang='grc' dir='ltr'><strong><em>καὶ</em></strong></span> 
     </span>
    </p>

    <p class='ocr_par' dir='ltr' id='par_1_13' title="bbox 351 3428 2999 3960">
     <span class='ocr_line' id='line_1_28' title="bbox 351 3428 2999 3528; baseline 0.002 -27"><span class='ocrx_word' id='word_1_235' title='bbox 351 3452 378 3494; x_wconf 80' lang='lat'><strong>5</strong></span> <span class='ocrx_word' id='word_1_236' title='bbox 403 3436 606 3502; x_wconf 84' lang='grc' dir='ltr'><strong><em>ταῦτα</em></strong></span> <span class='ocrx_word' id='word_1_237' title='bbox 650 3428 692 3520; x_wconf 81' lang='grc' dir='ltr'><strong><em>ἦ</em></strong></span> <span class='ocrx_word' id='word_1_238' title='bbox 741 3434 812 3502; x_wconf 84' lang='grc' dir='ltr'><strong><em>έν</em></strong></span> <span class='ocrx_word' id='word_1_239' title='bbox 856 3438 937 3525; x_wconf 79' lang='grc' dir='ltr'><strong>τῇ</strong></span> <span class='ocrx_word' id='word_1_240' title='bbox 983 3432 1149 3525; x_wconf 80' lang='grc' dir='ltr'><strong><em>αὐτῇ</em></strong></span> <span class='ocrx_word' id='word_1_241' title='bbox 1188 3439 1486 3526; x_wconf 77' lang='grc' dir='ltr'><strong><em>συλλαβῇ</em></strong></span> <span class='ocrx_word' id='word_1_242' title='bbox 1533 3433 1933 3525; x_wconf 84' lang='grc' dir='ltr'><strong><em>εὑρίσκεται,</em></strong></span> <span class='ocrx_word' id='word_1_243' title='bbox 1980 3434 2070 3519; x_wconf 76' lang='grc' dir='ltr'><strong>ὡς</strong></span> <span class='ocrx_word' id='word_1_244' title='bbox 2103 3434 2179 3506; x_wconf 86' lang='grc' dir='ltr'><strong>τὸ</strong></span> <span class='ocrx_word' id='word_1_245' title='bbox 2215 3462 2341 3527; x_wconf 84' lang='lat' dir='ltr'><strong>ars,</strong></span> <span class='ocrx_word' id='word_1_246' title='bbox 2383 3433 2428 3526; x_wconf 80' lang='grc' dir='ltr'>ἢ</span> <span class='ocrx_word' id='word_1_247' title='bbox 2465 3439 2540 3507; x_wconf 84' lang='grc' dir='ltr'><strong><em>έν</em></strong></span> <span class='ocrx_word' id='word_1_248' title='bbox 2574 3442 2653 3528; x_wconf 79' lang='grc' dir='ltr'><strong>τῇ</strong></span> <span class='ocrx_word' id='word_1_249' title='bbox 2689 3443 2999 3525; x_wconf 83' lang='grc' dir='ltr'><strong><em>πλησίον,</em></strong></span> 
     </span>
     <span class='ocr_line' id='line_1_29' title="bbox 404 3536 2996 3633; baseline 0.003 -26"><span class='ocrx_word' id='word_1_250' title='bbox 404 3536 493 3620; x_wconf 76' lang='grc' dir='ltr'><strong>ὡς</strong></span> <span class='ocrx_word' id='word_1_251' title='bbox 534 3538 610 3608; x_wconf 88' lang='grc' dir='ltr'><strong>τὸ</strong></span> <span class='ocrx_word' id='word_1_252' title='bbox 658 3552 879 3625; x_wconf 77' lang='lat' dir='ltr'><strong>amnis,</strong></span> <span class='ocrx_word' id='word_1_253' title='bbox 924 3537 967 3629; x_wconf 81' lang='grc' dir='ltr'><em>ἢ</em></span> <span class='ocrx_word' id='word_1_254' title='bbox 1013 3546 1114 3624; x_wconf 81' lang='grc' dir='ltr'><strong>είς</strong></span> <span class='ocrx_word' id='word_1_255' title='bbox 1158 3542 1284 3611; x_wconf 77' lang='grc' dir='ltr'><strong>δύο</strong></span> <span class='ocrx_word' id='word_1_256' title='bbox 1333 3543 1668 3629; x_wconf 80' lang='grc' dir='ltr'><strong><em>συλλαβὰς</em></strong></span> <span class='ocrx_word' id='word_1_257' title='bbox 1713 3545 2113 3633; x_wconf 76' lang='grc' dir='ltr'><strong><em>διῃρημένα,</em></strong></span> <span class='ocrx_word' id='word_1_258' title='bbox 2159 3541 2247 3624; x_wconf 76' lang='grc' dir='ltr'><strong>ὡς</strong></span> <span class='ocrx_word' id='word_1_259' title='bbox 2289 3543 2364 3613; x_wconf 85' lang='grc' dir='ltr'><strong>τὸ</strong></span> <span class='ocrx_word' id='word_1_260' title='bbox 2412 3570 2605 3614; x_wconf 86' lang='lat' dir='ltr'><strong>arma.</strong></span> <span class='ocrx_word' id='word_1_261' title='bbox 2671 3541 2839 3614; x_wconf 78' lang='grc' dir='ltr'><strong><em>ἀλλὰ</em></strong></span> <span class='ocrx_word' id='word_1_262' title='bbox 2883 3546 2996 3614; x_wconf 82' lang='grc' dir='ltr'><strong><em>καὶ</em></strong></span> 
     </span>
     <span class='ocr_line' id='line_1_30' title="bbox 401 3645 2996 3742; baseline 0.002 -27"><span class='ocrx_word' id='word_1_263' title='bbox 401 3645 475 3715; x_wconf 85' lang='grc' dir='ltr'><strong>τὸ</strong></span> <span class='ocrx_word' id='word_1_264' title='bbox 524 3651 809 3716; x_wconf 81' lang='grc' dir='ltr'><strong><em>διπλοῦν</em></strong></span> <span class='ocrx_word' id='word_1_265' title='bbox 864 3663 1192 3737; x_wconf 84' lang='grc' dir='ltr'><strong><em>στοιχεῖον</em></strong></span> <span class='ocrx_word' id='word_1_266' title='bbox 1250 3676 1285 3717; x_wconf 85' lang='lat' dir='ltr'>x</span> <span class='ocrx_word' id='word_1_267' title='bbox 1345 3648 1469 3718; x_wconf 78' lang='grc' dir='ltr'><strong>δύο</strong></span> <span class='ocrx_word' id='word_1_268' title='bbox 1526 3649 1916 3738; x_wconf 71' lang='grc' dir='ltr'><strong><em>συμφώνων</em></strong></span> <span class='ocrx_word' id='word_1_269' title='bbox 1970 3651 2150 3742; x_wconf 88' lang='grc' dir='ltr'><strong><em>τόπῳ</em></strong></span> <span class='ocrx_word' id='word_1_270' title='bbox 2197 3658 2598 3741; x_wconf 77' lang='grc' dir='ltr'><strong><em>λειτουργεῑ,</em></strong></span> <span class='ocrx_word' id='word_1_271' title='bbox 2643 3653 2764 3721; x_wconf 81' lang='grc' dir='ltr'><strong><em>καὶ·</em></strong></span> <span class='ocrx_word' id='word_1_272' title='bbox 2798 3656 2996 3722; x_wconf 86' lang='grc' dir='ltr'><strong><em>τοῦτο</em></strong></span> 
     </span>
     <span class='ocr_line' id='line_1_31' title="bbox 404 3751 2998 3850; baseline 0.003 -30"><span class='ocrx_word' id='word_1_273' title='bbox 404 3751 478 3821; x_wconf 74' lang='grc' dir='ltr'><strong>δὲ</strong></span> <span class='ocrx_word' id='word_1_274' title='bbox 530 3754 641 3821; x_wconf 85' lang='grc' dir='ltr'><strong><em>καὶ</em></strong></span> <span class='ocrx_word' id='word_1_275' title='bbox 696 3756 770 3824; x_wconf 85' lang='grc' dir='ltr'><strong><em>έν</em></strong></span> <span class='ocrx_word' id='word_1_276' title='bbox 824 3760 905 3845; x_wconf 80' lang='grc' dir='ltr'><strong>τῇ</strong></span> <span class='ocrx_word' id='word_1_277' title='bbox 962 3753 1131 3845; x_wconf 81' lang='grc' dir='ltr'><strong><em>αὐτῇ</em></strong></span> <span class='ocrx_word' id='word_1_278' title='bbox 1187 3760 1485 3847; x_wconf 81' lang='grc' dir='ltr'><strong><em>συλλαβῇ</em></strong></span> <span class='ocrx_word' id='word_1_279' title='bbox 1541 3765 1786 3827; x_wconf 78' lang='grc' dir='ltr'><strong><em>εἴωθεν</em></strong></span> <span class='ocrx_word' id='word_1_280' title='bbox 1844 3755 2048 3845; x_wconf 88' lang='grc' dir='ltr'><strong><em>εἶναι,</em></strong></span> <span class='ocrx_word' id='word_1_281' title='bbox 2113 3755 2207 3840; x_wconf 77' lang='grc' dir='ltr'><strong>ὥς</strong></span> <span class='ocrx_word' id='word_1_282' title='bbox 2267 3758 2341 3829; x_wconf 87' lang='grc' dir='ltr'><strong>τὸ</strong></span> <span class='ocrx_word' id='word_1_283' title='bbox 2408 3785 2550 3850; x_wconf 86' lang='lat' dir='ltr'><strong>nox,</strong></span> <span class='ocrx_word' id='word_1_284' title='bbox 2611 3759 2722 3829; x_wconf 81' lang='grc' dir='ltr'><strong><em>καὶ</em></strong></span> <span class='ocrx_word' id='word_1_285' title='bbox 2787 3762 2859 3828; x_wconf 82' lang='grc' dir='ltr'><strong><em>έν</em></strong></span> <span class='ocrx_word' id='word_1_286' title='bbox 2917 3761 2998 3848; x_wconf 83' lang='grc' dir='ltr'><strong>τῇ</strong></span> 
     </span>
     <span class='ocr_line' id='line_1_32' title="bbox 401 3859 2999 3960; baseline 0.002 -30"><span class='ocrx_word' id='word_1_287' title='bbox 401 3867 717 3949; x_wconf 84' lang='grc' dir='ltr'><strong><em>πλησίον,</em></strong></span> <span class='ocrx_word' id='word_1_288' title='bbox 781 3859 871 3944; x_wconf 76' lang='grc' dir='ltr'><strong>ὡς</strong></span> <span class='ocrx_word' id='word_1_289' title='bbox 934 3865 1009 3933; x_wconf 85' lang='grc' dir='ltr'><strong><em>έν</em></strong></span> <span class='ocrx_word' id='word_1_290' title='bbox 1072 3867 1163 3956; x_wconf 79' lang='grc' dir='ltr'><strong>τῷ</strong></span> <span class='ocrx_word' id='word_1_291' title='bbox 1227 3863 1426 3947; x_wconf 77' lang='grc' dir='ltr'><strong><em>ἄξων.</em></strong></span> <span class='ocrx_word' id='word_1_292' title='bbox 1535 3861 1781 3953; x_wconf 83' lang='grc' dir='ltr'><strong><em>ὁμοίως</em></strong></span> <span class='ocrx_word' id='word_1_293' title='bbox 1852 3865 1965 3934; x_wconf 81' lang='grc' dir='ltr'><strong><em>καὶ</em></strong></span> <span class='ocrx_word' id='word_1_294' title='bbox 2037 3869 2310 3953; x_wconf 84' lang='grc' dir='ltr'><strong><em>φωνῆεν</em></strong></span> <span class='ocrx_word' id='word_1_295' title='bbox 2382 3864 2561 3960; x_wconf 91' lang='grc' dir='ltr'><strong><em>τόπῳ</em></strong></span> <span class='ocrx_word' id='word_1_296' title='bbox 2628 3865 2999 3955; x_wconf 74' lang='grc' dir='ltr'><strong><em>συμφώνου</em></strong></span> 
     </span>
    </p>

    <p class='ocr_par' dir='ltr' id='par_1_14' title="bbox 325 3966 1573 4058">
     <span class='ocr_line' id='line_1_33' title="bbox 325 3966 1573 4058; baseline 0.002 -20"><span class='ocrx_word' id='word_1_297' title='bbox 325 3988 377 4028; x_wconf 87' lang='lat'><strong>10</strong></span> <span class='ocrx_word' id='word_1_298' title='bbox 402 3974 745 4058; x_wconf 78' lang='grc' dir='ltr'><strong><em>κείμενον,</em></strong></span> <span class='ocrx_word' id='word_1_299' title='bbox 789 3966 881 4051; x_wconf 75' lang='grc' dir='ltr'><strong>ὥς</strong></span> <span class='ocrx_word' id='word_1_300' title='bbox 922 3969 998 4040; x_wconf 88' lang='grc' dir='ltr'><strong>τὸ</strong></span> <span class='ocrx_word' id='word_1_301' title='bbox 1044 3997 1255 4040; x_wconf 83' lang='lat' dir='ltr'><strong>servus</strong></span> <span class='ocrx_word' id='word_1_302' title='bbox 1300 3981 1573 4041; x_wconf 78' lang='lat' dir='ltr'><strong>iniustus,</strong></span> 
     </span>
    </p>
   </div>
   <div class='ocr_carea' id='block_1_12' title="bbox 1073 4174 2333 4238">
    <p class='ocr_par' dir='ltr' id='par_1_15' title="bbox 1073 4174 2333 4238">
     <span class='ocr_line' id='line_1_34' title="bbox 1073 4174 2333 4238; baseline 0 -2"><span class='ocrx_word' id='word_1_303' title='bbox 1073 4174 1301 4236; x_wconf 83' lang='grc' dir='ltr'><em>ΠΕΡΙ</em></span> <span class='ocrx_word' id='word_1_304' title='bbox 1358 4174 1734 4237; x_wconf 83' lang='grc' dir='ltr'><em>ΚΟΙΝΗΣ</em></span> <span class='ocrx_word' id='word_1_305' title='bbox 1793 4176 2173 4238; x_wconf 71' lang='grc' dir='ltr'><em>ΣΥΛΛΑΒ</em></span> <span class='ocrx_word' id='word_1_306' title='bbox 2186 4175 2333 4237; x_wconf 90' lang='grc' dir='ltr'><strong>ΗΣ</strong></span> 
     </span>
    </p>
   </div>
   <div class='ocr_carea' id='block_1_13' title="bbox 324 4308 2998 4723">
    <p class='ocr_par' dir='ltr' id='par_1_16' title="bbox 404 4308 2998 4615">
     <span class='ocr_line' id='line_1_35' title="bbox 580 4308 2996 4402; baseline 0 -24"><span class='ocrx_word' id='word_1_307' title='bbox 580 4312 826 4379; x_wconf 85' lang='grc' dir='ltr'><strong><em>Κοιναὶ</em></strong></span> <span class='ocrx_word' id='word_1_308' title='bbox 855 4311 1181 4398; x_wconf 82' lang='grc' dir='ltr'><strong><em>συλλαβαὶ</em></strong></span> <span class='ocrx_word' id='word_1_309' title='bbox 1206 4316 1511 4398; x_wconf 81' lang='grc' dir='ltr'><strong><em>γίνονται</em></strong></span> <span class='ocrx_word' id='word_1_310' title='bbox 1537 4310 1811 4399; x_wconf 82' lang='grc' dir='ltr'><strong><em>τρόποις</em></strong></span> <span class='ocrx_word' id='word_1_311' title='bbox 1835 4313 2166 4401; x_wconf 80' lang='grc' dir='ltr'><strong><em>τέτρασιν·</em></strong></span> <span class='ocrx_word' id='word_1_312' title='bbox 2202 4311 2462 4402; x_wconf 73' lang='grc' dir='ltr'><strong><em>πρώτῳ,</em></strong></span> <span class='ocrx_word' id='word_1_313' title='bbox 2500 4308 2616 4380; x_wconf 80' lang='grc' dir='ltr'><strong><em>ἐὰν</em></strong></span> <span class='ocrx_word' id='word_1_314' title='bbox 2645 4318 2996 4379; x_wconf 85' lang='grc' dir='ltr'><strong><em>συνεσταλ-</em></strong></span> 
     </span>
     <span class='ocr_line' id='line_1_36' title="bbox 404 4409 2997 4508; baseline 0 -23"><span class='ocrx_word' id='word_1_315' title='bbox 404 4418 582 4508; x_wconf 85' lang='grc' dir='ltr'><strong><em>μένῳ</em></strong></span> <span class='ocrx_word' id='word_1_316' title='bbox 629 4416 964 4505; x_wconf 86' lang='grc' dir='ltr'><strong><em>φωνήεντι</em></strong></span> <span class='ocrx_word' id='word_1_317' title='bbox 1011 4419 1401 4506; x_wconf 80' lang='grc' dir='ltr'><strong><em>ἐπιφέρηται</em></strong></span> <span class='ocrx_word' id='word_1_318' title='bbox 1447 4416 1570 4486; x_wconf 80' lang='grc' dir='ltr'><strong>δύο</strong></span> <span class='ocrx_word' id='word_1_319' title='bbox 1619 4417 1982 4506; x_wconf 87' lang='grc' dir='ltr'><strong><em>σύμφωνα,</em></strong></span> <span class='ocrx_word' id='word_1_320' title='bbox 2039 4409 2265 4487; x_wconf 65' lang='grc' dir='ltr'><strong><em>(ὅν-τὸ</em></strong></span> <span class='ocrx_word' id='word_1_321' title='bbox 2321 4417 2444 4505; x_wconf 75' lang='grc' dir='ltr'><strong>μὲν</strong></span> <span class='ocrx_word' id='word_1_322' title='bbox 2489 4416 2997 4506; x_wconf 75' lang='grc' dir='ltr'><strong><em>προηγούμενόν</em></strong></span> 
     </span>
     <span class='ocr_line' id='line_1_37' title="bbox 406 4521 2998 4615; baseline 0 -23"><span class='ocrx_word' id='word_1_323' title='bbox 406 4525 586 4592; x_wconf 86' lang='grc' dir='ltr'><strong><em>έστιν</em></strong></span> <span class='ocrx_word' id='word_1_324' title='bbox 631 4521 932 4612; x_wconf 76' lang='grc' dir='ltr'><strong><em>ἄφωνον,</em></strong></span> <span class='ocrx_word' id='word_1_325' title='bbox 975 4522 1051 4594; x_wconf 85' lang='grc' dir='ltr'><strong>τὸ</strong></span> <span class='ocrx_word' id='word_1_326' title='bbox 1100 4524 1176 4594; x_wconf 73' lang='grc' dir='ltr'><strong>δὲ</strong></span> <span class='ocrx_word' id='word_1_327' title='bbox 1223 4524 1536 4612; x_wconf 81' lang='grc' dir='ltr'><strong><em>δεύτερον</em></strong></span> <span class='ocrx_word' id='word_1_328' title='bbox 1583 4522 1796 4615; x_wconf 80' lang='grc' dir='ltr'><strong><em>ὑγρὸν</em></strong></span> <span class='ocrx_word' id='word_1_329' title='bbox 1836 4524 2269 4614; x_wconf 77' lang='grc' dir='ltr'><strong><em>ἀμετάβολον.</em></strong></span> <span class='ocrx_word' id='word_1_330' title='bbox 2339 4531 2615 4613; x_wconf 82' lang='grc' dir='ltr'><strong><em>βραχεῖα</em></strong></span> <span class='ocrx_word' id='word_1_331' title='bbox 2651 4523 2779 4611; x_wconf 71' lang='grc' dir='ltr'><strong>γάρ</strong></span> <span class='ocrx_word' id='word_1_332' title='bbox 2818 4525 2998 4592; x_wconf 80' lang='grc' dir='ltr'><strong><em>ἐστιν</em></strong></span> 
     </span>
    </p>

    <p class='ocr_par' dir='ltr' id='par_1_17' title="bbox 324 4630 2997 4723">
     <span class='ocr_line' id='line_1_38' title="bbox 324 4630 2997 4723; baseline 0.001 -26"><span class='ocrx_word' id='word_1_333' title='bbox 324 4656 378 4697; x_wconf 78' lang='grc' dir='ltr'><strong><em>ιι</em></strong></span> <span class='ocrx_word' id='word_1_334' title='bbox 406 4631 480 4698; x_wconf 86' lang='grc' dir='ltr'><strong><em>έν</em></strong></span> <span class='ocrx_word' id='word_1_335' title='bbox 524 4630 740 4723; x_wconf 87' lang='grc' dir='ltr'><strong><em>τούτῳ</em></strong></span> <span class='ocrx_word' id='word_1_336' title='bbox 894 4683 913 4719; x_wconf 86' lang='grc'>,</span> <span class='ocrx_word' id='word_1_337' title='bbox 957 4630 1177 4721; x_wconf 84' lang='grc' dir='ltr'><strong><em>μακρὰ</em></strong></span> <span class='ocrx_word' id='word_1_338' title='bbox 1223 4630 1298 4700; x_wconf 73' lang='grc' dir='ltr'><strong>δὲ</strong></span> <span class='ocrx_word' id='word_1_339' title='bbox 1342 4634 1416 4701; x_wconf 82' lang='grc' dir='ltr'><strong><em>ἐν</em></strong></span> <span class='ocrx_word' id='word_1_340' title='bbox 1461 4633 1672 4719; x_wconf 87' lang='grc' dir='ltr'><strong><em>τούτῳ</em></strong></span> <span class='ocrx_word' id='word_1_341' title='bbox 1836 4685 1851 4700; x_wconf 95' lang='grc'><strong>.</strong></span> <span class='ocrx_word' id='word_1_342' title='bbox 1898 4630 2015 4701; x_wconf 80' lang='grc' dir='ltr'><strong><em>ἐὰν</em></strong></span> <span class='ocrx_word' id='word_1_343' title='bbox 2063 4630 2137 4699; x_wconf 73' lang='grc' dir='ltr'><strong>δὲ</strong></span> <span class='ocrx_word' id='word_1_344' title='bbox 2185 4630 2309 4699; x_wconf 76' lang='grc' dir='ltr'><strong>δύο</strong></span> <span class='ocrx_word' id='word_1_345' title='bbox 2357 4631 2687 4720; x_wconf 85' lang='grc' dir='ltr'><strong><em>σύμφωνα</em></strong></span> <span class='ocrx_word' id='word_1_346' title='bbox 2732 4635 2827 4711; x_wconf 81' lang='grc' dir='ltr'><strong>εἰς</strong></span> <span class='ocrx_word' id='word_1_347' title='bbox 2874 4630 2997 4699; x_wconf 76' lang='grc' dir='ltr'><strong>δύο</strong></span> 
     </span>
    </p>
   </div>
   <div class='ocr_carea' id='block_1_14' title="bbox 405 4760 829 4769">
    <p class='ocr_par' dir='ltr' id='par_1_18' title="bbox 405 4760 829 4769">
     <span class='ocr_line' id='line_1_39' title="bbox 405 4760 829 4769; baseline 0 0"><span class='ocrx_word' id='word_1_348' title='bbox 405 4760 829 4769; x_wconf 95' lang='lat' dir='ltr'><strong> </strong></span> 
     </span>
    </p>
   </div>
   <div class='ocr_carea' id='block_1_15' title="bbox 477 4805 2998 4963">
    <p class='ocr_par' dir='ltr' id='par_1_19' title="bbox 477 4805 2998 4963">
     <span class='ocr_line' id='line_1_40' title="bbox 582 4805 2998 4883; baseline 0 -19"><span class='ocrx_word' id='word_1_349' title='bbox 582 4815 615 4864; x_wconf 87' lang='grc'><strong>3</strong></span> <span class='ocrx_word' id='word_1_350' title='bbox 652 4825 689 4864; x_wconf 74' lang='lat' dir='ltr'><strong>a</strong></span> <span class='ocrx_word' id='word_1_351' title='bbox 722 4809 819 4865; x_wconf 76' lang='grc' dir='ltr'><strong><em>καὶ</em></strong></span> <span class='ocrx_word' id='word_1_352' title='bbox 856 4828 887 4866; x_wconf 85' lang='lat' dir='ltr'><strong>e</strong></span> <span class='ocrx_word' id='word_1_353' title='bbox 922 4827 1023 4867; x_wconf 87' lang='lat' dir='ltr'><strong>om.</strong></span> <span class='ocrx_word' id='word_1_354' title='bbox 1169 4817 1201 4866; x_wconf 83' lang='lat'>6</span> <span class='ocrx_word' id='word_1_355' title='bbox 1240 4808 1418 4865; x_wconf 81' lang='lat' dir='ltr'><strong>amnis</strong></span> <span class='ocrx_word' id='word_1_356' title='bbox 1451 4825 1552 4865; x_wconf 86' lang='lat' dir='ltr'><strong>om.</strong></span> <span class='ocrx_word' id='word_1_357' title='bbox 1697 4827 1856 4866; x_wconf 74' lang='lat' dir='ltr'><strong>arma</strong></span> <span class='ocrx_word' id='word_1_358' title='bbox 1881 4826 1982 4867; x_wconf 86' lang='lat' dir='ltr'><strong>om.</strong></span> <span class='ocrx_word' id='word_1_359' title='bbox 2128 4815 2159 4865; x_wconf 77' lang='lat'>7</span> <span class='ocrx_word' id='word_1_360' title='bbox 2195 4805 2374 4882; x_wconf 86' lang='grc' dir='ltr'><strong><em>τόπῳ]</em></strong></span> <span class='ocrx_word' id='word_1_361' title='bbox 2410 4829 2554 4864; x_wconf 84' lang='grc' dir='ltr'><strong><em>τονω</em></strong></span> <span class='ocrx_word' id='word_1_362' title='bbox 2699 4814 2733 4864; x_wconf 85' lang='grc'>8</span> <span class='ocrx_word' id='word_1_363' title='bbox 2762 4829 2903 4881; x_wconf 85' lang='grc' dir='ltr'><strong><em>αυτη</em></strong></span> <span class='ocrx_word' id='word_1_364' title='bbox 2931 4829 2998 4883; x_wconf 83' lang='grc' dir='ltr'><strong>τη</strong></span> 
     </span>
     <span class='ocr_line' id='line_1_41' title="bbox 477 4886 2222 4963; baseline 0.001 -18"><span class='ocrx_word' id='word_1_365' title='bbox 477 4895 510 4945; x_wconf 86' lang='grc'>9</span> <span class='ocrx_word' id='word_1_366' title='bbox 546 4886 724 4963; x_wconf 81' lang='grc' dir='ltr'><strong><em>τόπῳ]</em></strong></span> <span class='ocrx_word' id='word_1_367' title='bbox 759 4909 934 4946; x_wconf 84' lang='grc' dir='ltr'><strong><em>τοπου</em></strong></span> <span class='ocrx_word' id='word_1_368' title='bbox 1081 4897 1148 4947; x_wconf 86' lang='grc'><strong>10</strong></span> <span class='ocrx_word' id='word_1_369' title='bbox 1184 4907 1373 4946; x_wconf 83' lang='lat' dir='ltr'><strong>servus</strong></span> <span class='ocrx_word' id='word_1_370' title='bbox 1408 4890 1651 4948; x_wconf 74' lang='lat' dir='ltr'><strong>iniustus</strong></span> <span class='ocrx_word' id='word_1_371' title='bbox 1686 4908 1788 4951; x_wconf 84' lang='lat' dir='ltr'><strong>om.</strong></span> <span class='ocrx_word' id='word_1_372' title='bbox 1937 4896 2000 4945; x_wconf 77' lang='lat'><strong>12</strong></span> <span class='ocrx_word' id='word_1_373' title='bbox 2039 4909 2222 4960; x_wconf 81' lang='grc' dir='ltr'><strong><em>πρωτο</em></strong></span> 
     </span>
    </p>
   </div>
  </div>
 </body>
</html>
