3613 5528
1326 446 1467 501 ARS
1525 446 2014 502 GRAMMATICA
2840 443 2965 507 411

370 556 416 595 p.
448 548 511 588 ³9.
539 548 593 587 40
619 547 679 587 H.

374 633 595 711 pariter
633 622 822 711 ὁμοῦ.
895 630 1234 709 dubitandi,
1285 632 1406 692 fors
1444 626 1678 712 τυχόν,
1728 633 1973 693 forsitan
2010 625 2216 712 τυχόν
2255 633 2442 710 ἴσως,
2491 632 2739 691 fortasse
2776 624 2972 711 τυχόν

378 739 564 816 ἴσως,
612 739 879 799 fortassis
914 730 1141 819 τυχόν.
1215 737 1615 826 similitudinis
1654 731 1987 819 ἰσότητος,
2029 741 2108 799 ita
2149 728 2388 816 οὕτως,
2424 738 2669 818 perinde
2709 728 2975 818 ὁμοίως,

378 864 486 906 ceu
541 837 877 927 καθάπερ,
934 846 1180 926 perinde
1237 864 1304 905 ac
1362 847 1410 905 si
1469 835 1656 925 ὡσεί,
1710 864 1898 925 aeque
1955 847 2143 924 ἴσως,
2199 853 2266 905 ut
2332 835 2446 924 ὡς,
2511 847 2677 925 quasi
2735 835 2976 925 ὥσπερ,

379 953 870 1032 quemadmodum
927 943 1011 1015 ὃν
1061 945 1344 1032 τρόπον,
1415 952 1667 1032 qualiter
1723 944 1997 1031 ὁποίως,
2055 952 2250 1014 taliter
2304 946 2648 1032 τοιούτως,
2705 951 2977 1014 similiter

326 1071 352 1111 ⁵
379 1050 654 1140 ὁμοίως,
701 1060 1026 1141 aequaliter
1073 1050 1322 1141 ὁμοίως
1367 1062 1557 1138 ἴσως,
1605 1062 1760 1120 sicut
1806 1050 2060 1142 ὥσπερ,
2117 1061 2258 1120 item
2305 1050 2580 1140 ὁμοίως,
2639 1078 2755 1120 non
2805 1076 2979 1119 secus

381 1156 502 1226 οὐκ
547 1157 797 1246 ἄλλως,
847 1187 961 1229 non
1010 1168 1180 1229 aliter
1229 1156 1352 1248 οὐχ
1400 1161 1665 1245 ἑτέρως,
1711 1174 2011 1246 tamquam
2058 1156 2308 1248 ὥσπερ,
2355 1175 2534 1246 prout
2572 1158 2787 1245 ὦσάν,
2833 1165 2978 1226 adeo

384 1264 609 1346 οὕτως.
701 1275 1060 1356 personalia,
1107 1292 1340 1335 mecum
1386 1263 1525 1355 μετ’
1592 1268 1787 1354 ἐμοῦ,
1844 1281 2043 1334 tecum
2092 1264 2219 1334 σὺν
2265 1272 2404 1352 σοί,
2465 1273 2774 1335 nobiscum
2829 1261 2976 1354 μεθ’

381 1372 591 1461 ἡμῶν,
627 1380 932 1443 vobiscum
969 1371 1122 1461 μεθ’
1164 1371 1381 1461 ὑμῶν,
1419 1399 1550 1441 mea
1589 1388 1687 1441 tua
1723 1370 1804 1441 τὰ
1843 1372 1997 1461 ἐμοὶ,
2042 1371 2124 1440 τὰ
2162 1372 2277 1457 σά,
2326 1389 2526 1442 nostra
2562 1373 2640 1444 τὰ
2677 1372 2982 1463 ἡμέτερα,

384 1496 575 1549 vestra
611 1480 692 1550 τὰ
728 1480 1037 1571 ὑμέτερα,
1084 1507 1288 1550 secum
1326 1479 1478 1568 μεθ’
1523 1483 1764 1550 ἑαυτοῦ
1799 1478 1954 1568 μεθ’
2000 1482 2273 1549 ἑαυτῶν.
2346 1487 2646 1570 hortandi,
2692 1487 2820 1549 heia
2859 1478 2983 1566 εἷα,

311 1609 359 1649 ¹⁰
386 1612 488 1674 age
553 1588 700 1676 ἄγε,
766 1596 1015 1676 agedum
1074 1587 1192 1675 ἄγε
1257 1588 1341 1676 δή
1389 1642 1404 1657 .
1450 1594 1837 1676 compellandi
1884 1585 2449 1676 προσφωνήσεως,
2510 1594 2661 1655 heus
2717 1586 2769 1656 ὦ
2825 1584 2922 1675 ὠή
2971 1641 2985 1656 .

385 1703 808 1784 respondendi,
852 1703 971 1764 heu
1011 1751 1025 1764 .
1063 1702 1332 1784 optandi,
1376 1704 1600 1763 utinam
1649 1703 1793 1764 εἴθε
1840 1749 1855 1763 .
1901 1699 2283 1784 prohibendi,
2328 1720 2402 1763 ne
2450 1694 2570 1783 μή,
2616 1721 2762 1763 neve
2808 1694 2985 1783 μήτε.

561 1809 776 1889 Figura
823 1813 884 1871 in
932 1809 1251 1892 adverbiiS,
1298 1811 1453 1870 sicut
1498 1812 1558 1870 in
1607 1809 1884 1871 omnibus
1928 1807 2200 1890 partibus
2236 1811 2548 1889 orationis,
2595 1819 2695 1870 aut
2741 1809 2986 1890 simplex

388 1923 498 1992 est,
546 1924 612 1977 ut
649 1918 834 1997 iuste,
880 1925 982 1978 aut
1018 1917 1370 1996 composita,
1408 1925 1477 1977 ut
1514 1918 1749 1977 iniuste.
1826 1919 2324 1997 comparationem
2363 1918 2660 1997 recipiunt
2697 1915 2987 1995 adverbia,

389 2025 663 2130 quotiens
737 2023 1157 2104 appellationes
1206 2023 1388 2084 unde
1464 2032 1775 2085 transeunt
1850 2033 2297 2106 comparantur,
2370 2032 2437 2084 ut
2510 2024 2681 2084 docte
2755 2023 2989 2084 doctius

311 2142 362 2183 ¹5
388 2115 755 2206 doctissime,
794 2130 949 2209 quod
989 2138 1081 2191 est
1118 2130 1329 2190 doctus
1367 2129 1597 2191 doctior
1634 2130 2032 2191 doctissimus.
2107 2132 2405 2211 recipiunt
2432 2137 2493 2191 et
2520 2131 2990 2211 diminutionem,

389 2245 456 2297 ut
502 2236 862 2298 meliuscule.
921 2234 1213 2297 adverbiis
1260 2235 1537 2298 omnibus
1573 2238 1935 2317 praepositio
1975 2239 2291 2318 separatim
2328 2238 2569 2317 adiungi
2607 2255 2722 2298 non
2762 2236 2954 2298 debet.
2978 2230 2987 2319 Ι

567 2342 776 2405 Omnia
831 2342 1106 2406 adverbia
1161 2363 1311 2423 quae
1360 2345 1510 2405 liunt
1557 2363 1627 2404 ex
1675 2343 2167 2425 appellationibus
2223 2364 2256 2406 a
2313 2345 2606 2405 secundae
2664 2346 2990 2424 tertiaeque

391 2451 799 2513 declinationis
847 2451 1186 2512 nominibus
1231 2459 1580 2532 sumuntur,
1626 2459 1694 2512 ut
1739 2470 1770 2512 a
1819 2451 2013 2531 lepido
2060 2451 2250 2532 lepide
2300 2461 2360 2513 et
2397 2471 2430 2512 a
2468 2454 2633 2513 suavi
2679 2453 2938 2513 suaviter
2976 2499 2990 2526 ,

392 2557 663 2619 adverbia
721 2560 1102 2619 inveniuntur
1157 2577 1267 2639 per
1323 2577 1355 2618 e
1403 2558 1778 2639 productam,
1837 2558 1937 2618 ubi
1993 2560 2303 2636 genetivus
2359 2561 2418 2621 in
2476 2562 2494 2621 i
2549 2559 2793 2641 desinit3
2859 2577 2994 2619 cum

314 2679 368 2717 2⁰
395 2684 535 2725 vero
581 2684 689 2746 per
735 2667 787 2725 is
833 2666 1108 2745 effertur,
1163 2674 1306 2726 tunc
1365 2667 1540 2726 etiam
1596 2683 1706 2745 per
1762 2673 1883 2747 ter,
1946 2673 2015 2726 ut
2070 2666 2256 2726 mirus
2301 2669 2446 2727 miri
2490 2669 2664 2746 mire,
2721 2668 2996 2742 prudens

395 2773 706 2853 prudentis
751 2773 1079 2854 prudenter
1118 2819 1131 2833 .
1169 2774 1548 2853 excipiuntur
1585 2792 1616 2833 a
1656 2772 1918 2834 secundo
1956 2772 2162 2834 ordine
2201 2773 2363 2855 haec,
2411 2792 2559 2853 quae
2606 2792 2722 2835 non
2761 2781 2997 2834 servant

398 2881 671 2956 formam,
718 2880 821 2941 sed
869 2879 1241 2942 confundunt
1288 2882 1603 2963 rationem,
1649 2879 1842 2941 bonus
1871 2888 1932 2940 et
1961 2877 2149 2940 malus
2178 2898 2285 2960 per
2314 2898 2346 2939 e
2377 2889 2710 2960 correptam
2748 2879 2899 2942 hene
2939 2890 2999 2941 et

399 2986 577 3067 male;
630 2989 775 3048 item
822 3006 853 3047 a
901 2989 1078 3049 tertio
1124 2987 1332 3049 ordine
1381 2986 1568 3049 facilis
1615 2986 1744 3048 vilis
1800 2988 2061 3067 impunis
2117 3005 2359 3067 repens:
2416 2987 2560 3048 haec
2617 2989 2773 3049 enim
2831 2988 2998 3048 facile

400 3094 509 3154 vile
558 3096 797 3175 impune
847 3101 1092 3175 repente
1141 3096 1379 3156 faciunt.
1474 3088 1802 3173 [sequitur]
1862 3092 2054 3154 solent
2099 3092 2282 3173 aliqui
2339 3113 2652 3176 quaerere,
2707 3102 2870 3155 certe
2926 3112 2999 3154 an

320 3213 371 3253 25
401 3206 591 3281 certo,
647 3199 806 3279 quod
866 3198 1009 3260 nihil
1064 3201 1289 3261 referre
1346 3202 1620 3260 existimo
1676 3246 1689 3259 .
1749 3202 1968 3261 etenim
2025 3202 2173 3259 ratio
2231 3202 2412 3279 exigit
2467 3208 2657 3280 certe,
2726 3199 3000 3261 vocalitas

402 3324 539 3366 vero
606 3315 806 3367 certo:
898 3304 1039 3367 illud
1106 3309 1286 3386 igitur
1350 3309 1465 3367 erit
1530 3308 1801 3387 rationiS,
1867 3306 1979 3366 hoc
2046 3305 2386 3368 vocalitatis,
2497 3306 2640 3368 illud
2706 3326 2845 3367 vero
2911 3315 3002 3368 est

399 3415 703 3496 vitiosum,
768 3413 924 3493 quod
991 3413 1160 3474 multi
1223 3413 1457 3495 dicunt,
1530 3414 1772 3493 largiter
1845 3413 2103 3495 duriter,
2177 3415 2514 3492 ignorantes
2590 3417 2878 3475 rationem
2943 3424 3004 3475 et

404 3522 660 3582 nitentes
715 3522 1089 3600 auctoritate,
1145 3539 1282 3582 cum
1337 3529 1398 3582 et
1452 3520 1536 3581 illi
1593 3528 1901 3602 auctoreS,
1956 3522 2057 3600 qui
2116 3521 2297 3581 semel
2353 3520 2593 3601 largiter
2647 3541 2718 3581 ac
2773 3520 3004 3583 duriter

404 3626 706 3709 dixerunt,
753 3629 988 3707 saepius
1035 3626 1192 3707 large
1241 3636 1301 3688 et
1346 3627 1493 3688 dure
1540 3628 1815 3688 dixerint.
1908 3626 2011 3687 sed
2051 3646 2161 3688 nec
2200 3627 2312 3688 hoc
2351 3635 2407 3688 te
2448 3630 2623 3688 debet
2658 3631 3004 3711 praeterire,

411 3757 832 3764 m--—
2029 3734 2056 3765 Ο

582 3816 762 3871 Codet-
806 3816 1202 3887 Sanyallensis.
1302 3825 1334 3872 2
1374 3817 1755 3872 similitudinis
1800 3836 2034 3881 ισουτως
2077 3818 2309 3888 perinde
2356 3837 2560 3888 ομοιως
2606 3837 2706 3875 ceu
2753 3841 3005 3890 καταπερ

406 3898 693 3968 perindees
729 3916 859 3952 ωσει
1023 3905 1055 3953 6
1102 3901 1392 3968 tamquam
1440 3916 1684 3967 ωςτοπερ
1846 3899 1984 3952 adeo
2033 3917 2208 3962 ουτως
2371 3906 2401 3953 7
2440 3899 2729 3954 nobiscum
2774 3901 3006 3968 μεθημα

405 3978 694 4033 uobiscum
732 3981 965 4049 μεθυμα
1004 3980 1163 4048 (corr.
1194 4008 1258 4017 —
1290 3980 1396 4047 μω)
1433 3994 1560 4031 mea
1593 3980 1695 4032 tua
1732 3997 1839 4048 εμα
1877 3997 2020 4033 ww
2055 3980 2244 4033 nostra
2285 3997 2529 4048 ημετερα
2682 3986 2713 4032 9
2754 3975 2869 4050 εἷα]
2908 4000 3006 4049 ηια

478 4064 545 4113 10
581 4059 718 4114 heus
756 4080 799 4113 ω
837 4058 894 4115 ai
930 4079 1012 4129 ωη
1157 4064 1219 4113 11
1251 4056 1466 4112 utinam
1505 4060 1631 4111 ειθε
1670 4060 1774 4112 svs
1918 4076 1989 4113 ne
2017 4054 2120 4129 μή]
2152 4077 2256 4128 εμη
2404 4065 2469 4113 13
2498 4062 2584 4114 est
2611 4074 2710 4113 om.
2857 4077 3008 4113 com-

405 4137 648 4208 positum
797 4145 862 4193 14
899 4138 1264 4211 appellationi
1409 4143 1474 4191 19
1511 4136 1818 4210 genitivus]
1847 4155 2027 4230 genus
2165 4144 2234 4193 20
2264 4141 2324 4192 ut
2351 4138 2523 4193 mirus
2551 4137 2689 4192 mire
2715 4137 3005 4215 prudentis

407 4217 707 4289 prudenter
864 4226 933 4274 25
970 4220 1145 4291 quod]
1185 4218 1319 4290 quid
1481 4223 1549 4272 26
1587 4218 1745 4289 vero]
1791 4224 1894 4271 uro
1923 4218 2116 4287 priore
2150 4219 2264 4272 loco
2424 4224 2491 4273 27
2529 4217 2793 4273 uitiorum
2937 4223 3006 4272 28

409 4298 730 4354 auctoritati
873 4306 942 4354 29
981 4300 1079 4355 sed
1114 4316 1218 4354 nec
1255 4299 1363 4352 hoe
1399 4300 1456 4352 te
1493 4297 1761 4366 preterire
1788 4298 1940 4367 quod
1973 4297 2216 4351 difficilis
2243 4315 2583 4368 quamquam
2614 4298 2690 4352 sit
2717 4314 2877 4366 comp
2906 4316 3009 4354 nee

409 4378 590 4433 facilis
627 4379 860 4434 forsitan
896 4397 1000 4435 nec
1038 4379 1281 4435 difficilis
1317 4377 1531 4434 ratione
1569 4378 1820 4447 sequitur
1856 4379 1949 4432 sed
1988 4380 2288 4445 utrumque
2324 4372 2587 4431 diffundit

583 4557 615 4604 2
652 4567 886 4613 ισουτως
920 4546 1304 4604 similitudinis
1344 4548 1356 4619 Ι
1395 4567 1598 4617 ομοιως
1633 4546 1815 4602 ueluti
1855 4551 1865 4618 Ι
1902 4565 2154 4615 nazanzo
2190 4545 2419 4615 perinde
2460 4549 2470 4615 Ι
2512 4566 2641 4602 mosa
2689 4566 2789 4603 ceu
2830 4553 2840 4617 Ι
2881 4568 3011 4613 ισως

412 4645 601 4700 aeque-
625 4629 700 4683 M
873 4633 905 4682 8
942 4645 1069 4683 mea
1123 4647 1231 4699 εμα
1280 4630 1290 4697 Ι
1339 4630 1440 4682 tua
1495 4646 1639 4683 τασα
1679 4630 1687 4697 Ι
1729 4645 1829 4683 sua
1873 4646 2051 4682 ταυτα
2096 4631 2104 4696 Ι
2145 4629 2339 4682 nostra.
2383 4645 2627 4697 ημετερα
2668 4629 2679 4697 Ι
2717 4630 2907 4682 nestra.
2941 4647 3011 4682 τα

410 4780 652 4832 υμετερα
691 4762 788 4830 Μ,
823 4763 923 4818 ubi
958 4779 1060 4817 sua
1093 4782 1272 4817 ταυτα
1306 4767 1494 4832 postea
1529 4764 1855 4833 interposita
1888 4767 2017 4817 sunt
2161 4767 2228 4815 10
2253 4762 2390 4815 heus
2426 4781 2484 4815 ω.
2525 4718 2593 4829 gi]
2634 4762 2709 4815 M
2849 4769 2913 4817 11
2944 4740 3013 4816 ne

414 4859 519 4912 εμη
549 4841 560 4913 l
591 4858 768 4911 neque
805 4862 940 4912 μητε
964 4843 1039 4896 Μ
1136 4849 1200 4897 12
1230 4841 1464 4913 Figura]
1497 4841 2015 4912 Charis.p.131,10:
2042 4841 2113 4909 cf.
2143 4840 2613 4910 Diom.p.405,20
2716 4848 2781 4897 17
2814 4841 3015 4897 Omnis.

413 4921 679 4977 adverbia
716 4952 780 4961 -—
822 4928 980 4991 413‚4
1017 4918 1283 4977 adverbia
1320 4922 1530 4978 Charis.
1561 4940 1622 4991 p.
1662 4926 1826 4990 187‚3
1864 4944 1878 4975 ε
1916 4922 1983 4989 cf.
2023 4921 2208 4977 Dium.
2238 4938 2297 4989 p.
2337 4925 2503 4989 406,4

2474 5013 2587 5065 27*
