3613 5528
1402 345 1497 399 DE
1538 342 2114 399 ORTHOGRAPHIA
2936 343 3062 408 199

455 460 498 496 p.
525 446 724 500 2310„st
753 445 803 485 P.

455 533 667 613 sentis,
722 539 788 592 ut
844 531 1069 592 dictum
1124 539 1241 612 est,
1297 531 1612 611 temporie,
1669 548 1925 609 quorum
1981 531 2369 611 praeteritum
2426 532 2487 589 in
2543 528 2644 591 bui
2701 536 2804 590 aut
2862 531 2924 590 in
2970 531 3061 608 psi

456 638 702 719 syllabas
739 637 989 719 desinet,
1019 639 1264 699 eandem
1297 637 1335 697 b
1376 646 1595 698 mutam
1635 639 1695 697 111
1732 636 2007 698 omnibus
2042 636 2408 717 temporibus
2438 636 2749 697 modorum
2778 638 3061 718 omnium,

455 744 810 825 ubicumque
858 745 1165 827 inciderit,
1210 762 1447 805 servare
1496 743 1851 806 desiderant.
1893 743 1903 819 Ι

1004 936 1100 1001 1Χ
1158 935 1598 1002 EVTYCHIS
1653 936 1774 1001 DE
1831 911 2485 1001 ADSPIRA'TIONE
2545 947 2553 952 ·

404 1084 428 1123 5
626 1068 991 1145 Quamquam
1031 1065 1172 1125 alias
1220 1084 1457 1144 quoque
1497 1083 1671 1125 voces
1718 1065 1788 1125 ad
1837 1064 2296 1144 adspirationem
2344 1058 2709 1144 pertinentes
2752 1082 2870 1124 non
2916 1084 3056 1144 pau·
3142 1075 3151 1082 ‘

453 1193 574 1251 cas,
627 1193 776 1253 quae
825 1193 942 1234 non
990 1181 1161 1233 erant
1218 1172 1289 1233 ab
1344 1171 1575 1233 idoneis
1622 1172 1967 1233 auctoribus
2013 1172 2451 1253 frequentatae,
2514 1173 2710 1233 sciens
2757 1174 3057 1252 praeterii,

451 1300 522 1342 ne
569 1282 746 1341 nimia
794 1279 1158 1360 longitudine
1197 1279 1511 1340 voluminis
1549 1297 1741 1339 essem
1783 1279 2098 1359 molestuS,
2143 1286 2368 1358 tamen,
2415 1280 2690 1357 quoniam
2739 1276 3055 1358 plerosque

451 1387 766 1466 legentium
822 1387 955 1466 plus
1001 1385 1047 1468 †
1094 1387 1234 1448 licet
1280 1386 1500 1447 sterilis
1558 1385 1816 1447 brevitas
1865 1403 2043 1467 quam
2088 1385 2251 1446 utilis
2298 1387 2859 1446 commentariorum
2918 1404 3053 1466 pro-

449 1493 666 1576 lixitas,
712 1496 882 1572 quasi
927 1513 1036 1572 per
1080 1495 1396 1573 epitomam
1445 1493 1649 1554 eadem
1698 1493 1841 1553 mihi
1898 1500 2173 1573 repetere
2229 1491 2452 1571 placuit
2496 1502 2558 1552 et
2602 1491 2877 1552 omnibus
2934 1500 3053 1553 tam

374 1617 422 1654 10
450 1611 709 1662 veterum
778 1603 1131 1661 testimoniis
1197 1618 1371 1680 quam
1428 1600 1675 1661 redditis
1742 1600 1963 1680 ubique
2020 1597 2349 1660 rationibus
2403 1601 2840 1679 praetermissis
2895 1603 3053 1679 ipsas

449 1708 848 1776 tantummodo
897 1726 1091 1768 meras
1137 1726 1350 1769 rursus
1397 1726 1695 1787 exponere
1744 1707 2008 1790 regulaS‚
2066 1715 2132 1768 ut
2186 1717 2323 1768 ante
2384 1706 2539 1767 dicta
2595 1705 3052 1767 studiosioribus

444 1823 505 1874 et
546 1818 875 1894 posteriora
923 1815 1264 1875 satisfacere
1311 1814 1623 1875 videantur
1667 1815 1760 1875 bis
1808 1816 1910 1893 qui
1955 1813 2221 1891 longiora
2268 1810 2592 1873 fastidiunt.

617 1920 826 1984 Omnis
881 1939 990 1982 vox
1047 1939 1255 2000 graeca
1311 1920 1401 1980 vel
1459 1921 1707 1981 barbara
1763 1938 1939 1982 suum
1998 1927 2193 1980 servat
2248 1918 2402 1998 apud
2459 1918 2755 1978 Romanos
2815 1925 2931 1978 tam
2987 1921 3048 1979 in

446 2026 740 2088 vocalibus
785 2047 962 2107 quam
1009 2031 1069 2088 in
1118 2028 1581 2089 consonantibus
1629 2031 1931 2108 spiritum,
1980 2034 2046 2087 ut
2092 2025 2268 2106 Halys
2305 2023 2546 2084 Hecuba
2594 2024 2778 2102 Hegio
2826 2024 3047 2086 Hieron

373 2151 418 2190 15
445 2130 732 2193 llomerus
779 2133 1021 2215 hymen,
1069 2133 1212 2193 bora
1258 2133 1403 2213 diei,
1451 2133 1705 2213 Thybris
1752 2133 2029 2194 Phoebus
2076 2133 2294 2193 chorus
2341 2131 2586 2192 Rhenus
2632 2130 2936 2192 Hannibal.

615 2239 837 2300 Omnes
894 2241 1126 2301 articuli
1173 2259 1204 2300 a
1253 2241 1435 2301 vocali
1494 2244 1848 2321 incipientes
1894 2260 2029 2301 cum
2079 2240 2476 2320 adspiratione
2524 2238 2929 2319 proferuntur,
2984 2247 3050 2300 ut

442 2344 534 2404 hic
579 2346 723 2408 haec
771 2347 913 2420 hoc,
961 2347 1023 2407 hi
1067 2347 1395 2429 hae=haec,
1443 2347 1663 2427 absque
1711 2350 1976 2409 vocativo
2023 2366 2076 2407 0.
2155 2355 2215 2407 et
2260 2345 2555 2406 adverbiis
2603 2353 2796 2406 tamen
2854 2346 3048 2406 locali-

441 2450 550 2512 bus
585 2452 948 2536 adspiratur,
987 2463 1052 2515 ut
1098 2454 1195 2514 bic
1241 2453 1357 2514 buc
1407 2452 1543 2513 hinc
1587 2453 1723 2528 bac,
1771 2455 1885 2513 nisi
1924 2471 2059 2514 cum
2099 2449 2550 2533 pronominibus
2590 2461 3049 2531 componuntur,

613 2649 644 2696 2
673 2642 879 2698 desiuit.
906 2645 1003 2700 ςΑ
1112 2650 1145 2697 4
1177 2641 1515 2699 EUTICHIS
1543 2641 1659 2696 AG
1681 2647 1729 2696 et
1757 2643 1931 2697 deleta
1962 2642 1998 2695 S
2026 2641 2083 2695 B
2111 2641 2383 2697 Euticetis
2412 2641 2543 2696 Par.
2655 2646 2685 2696 7
2718 2657 2837 2696 esse
2864 2640 2983 2694 AG

442 2722 701 2790 quoniam
729 2739 831 2777 om.
859 2722 934 2789 B,
963 2723 1090 2778 add.
1121 2725 1152 2778 b
1280 2728 1312 2778 8
1350 2721 1476 2792 plus
1514 2721 1651 2778 licet
1687 2722 1895 2778 sterilis
1932 2721 2180 2779 breuitas
2218 2740 2387 2792 quam
2425 2722 2582 2777 utilis
2619 2719 3045 2776 commentario-

441 2818 557 2854 rum
585 2801 833 2857 delectat
867 2802 1162 2871 prolixitas
1193 2803 1390 2858 Carrio
1516 2803 1653 2858 licei:
1679 2802 1883 2870 ABG,
1921 2803 2111 2872 placet
2137 2806 2187 2877 b,
2224 2805 2367 2859 libet
2394 2806 2560 2859 codex
2586 2802 2885 2857 Beruensis
2912 2805 3044 2857 243.

439 2881 662 2945 fortasse
687 2881 846 2936 iuvat:
944 2883 1135 2952 quam]
1166 2900 1276 2952 que
1303 2883 1420 2937 AO
1524 2891 1556 2939 9
1585 2883 1749 2952 quasi
1775 2898 1877 2952 per
1902 2884 2192 2952 ytbomam
2220 2884 2426 2939 ABG:
2458 2886 2776 2954 epytomam
2808 2882 2871 2934 in
2896 2897 3043 2934 mar—

437 2961 558 3028 aine
591 2962 624 3015 b
733 2961 1014 3034 omnibus]
1056 2962 1300 3017 omnium
1340 2962 1521 3018 ABG
1640 2967 1706 3016 10
1743 2962 2153 3031 praetermissis
2193 2964 2405 3032 Govrin,
2442 2961 2762 3033 praemissis
2798 2959 2978 3015 ABG

443 3046 506 3093 14
540 3041 686 3096 halis
722 3042 904 3096 ABG
1075 3042 1255 3111 Hegio
1291 3043 1347 3096 B
1385 3042 1511 3098 heio
1548 3042 1668 3097 Ao
1856 3048 1919 3096 15
1958 3042 2162 3112 hymen
2200 3045 2255 3097 A
2292 3043 2501 3098 humen
2537 3044 2591 3096 B
2629 3042 2819 3096 himen
2858 3039 2906 3095 0

439 3119 571 3175 bora
605 3120 823 3177 dierum
862 3122 915 3175 A
1059 3120 1259 3175 thibris
1296 3121 1417 3175 AB
1567 3122 1772 3178 hrenus
1811 3124 1928 3179 Ao
1978 3140 1983 3144 ’
2083 3116 2148 3178 17
2183 3123 2419 3191 fortasse
2453 3123 2511 3177 in
2549 3121 2827 3178 adverbiis
2865 3121 3039 3176 etiam

440 3199 718 3254 vocalibus
754 3199 1071 3271 adspiratur
1213 3200 1487 3256 localibus
1526 3203 1625 3260 §A
1665 3204 1951 3259 uocalibus
1988 3204 2105 3259 BG

2938 3376 3041 3383 -Μ

1593 3379 1734 3384 ---
1753 3380 1819 3385 ..-
1844 3380 1889 3385 -u
1916 3379 2327 3386 .„-.—.-.—-.—-——

1332 3495 1699 3552 MARTYRH
1734 3498 1834 3552 DE
1871 3498 1918 3551 B
1955 3497 2049 3552 ET
2089 3499 2138 3552 V

439 3658 626 3722 babito
674 3661 924 3722 hiberno
964 3680 1094 3721 amo
1133 3663 1316 3723 doceo
1354 3682 1422 3724 ac
1462 3663 1612 3724 talia.
1682 3683 1818 3724 uam
1857 3683 2007 3743 quae
2056 3665 2357 3726 habebunt
2394 3665 2431 3725 b
2471 3674 2695 3726 mutam
2741 3666 2800 3724 in
2849 3665 3037 3742 prima

440 3784 705 3850 persona,
761 3787 1015 3848 quonum
1073 3771 1460 3849 praeteritum
1518 3773 1576 3831 111
1633 3770 1736 3831 bui
1783 3779 1888 3831 aut
1932 3774 1990 3842 jn
2038 3775 2132 3851 psi
2179 3772 2428 3852 syllabas
2474 3772 2733 3854 desinet,
2789 3770 3037 3832 eandem

439 3871 473 3930 b
524 3882 743 3936 mutam
791 3878 853 3936 in
898 3879 1058 3937 omui
1105 3885 1373 3957 tempore
1420 3876 1732 3938 modorum
1780 3880 2074 3958 omnium,
2130 3878 2491 3958 ubicumque
2551 3878 2851 3955 inciderit,
2911 3897 3034 3939 ser·

440 3998 564 4040 vare
610 3980 963 4043 desiderant.

389 4136 412 4174 ⁵
1105 4121 1612 4187 ADAMANTII
1669 4123 1866 4189 SIVE
1922 4124 2362 4190 MARTYRII

437 4222 546 4288 DE
609 4226 663 4289 B
726 4226 977 4292 MVTA
1041 4229 1153 4293 ΕΤ
1217 4229 1277 4293 V
1333 4230 1654 4295 VOGALI
1720 4232 2196 4297 TRADVGTA
2263 4231 2357 4297 IN
2425 4228 3030 4296 CONSONANTIS

515 4330 1084 4401 POTESTATEM
1130 4335 1397 4401 LIBER
1445 4336 1969 4403 SINGVLARIS
2015 4338 2419 4405 EXPLICIT
2466 4336 2946 4402 FELICITER.

594 4534 624 4581 2
663 4545 897 4597 quorum
933 4527 1271 4597 praeteritus
1309 4529 1366 4585 P
1394 4547 1629 4599 quarum
1667 4531 2000 4601 praeteritus
2035 4533 2100 4585 N
2239 4539 2271 4586 3
2308 4532 2366 4585 in
2396 4530 2583 4586 omnia
2618 4532 2873 4598 tempora
2909 4529 3037 4583 NP

502 4610 533 4657 5
571 4606 894 4662 Adamantis
930 4607 1046 4662 siue
1083 4607 1413 4678 MartyriN
1559 4618 1590 4664 6
1624 4611 1716 4664 DE
1747 4612 1791 4665 B
1822 4612 2146 4667 LITTERA
2175 4612 2384 4667 MVTA
2412 4612 2468 4664 P
2605 4610 2664 4664 in
2694 4628 2840 4665 cons.
2871 4613 3025 4679 pote·

436 4686 627 4740 statem
663 4687 717 4740 P
747 4687 810 4742 in
846 4704 990 4744 cons.
1020 4691 1241 4760 poteste
1269 4690 1335 4743 N
1433 4721 1438 4726 -
1474 4697 1503 4743 7
1545 4690 1927 4745 FELICITER
1962 4709 2061 4746 om.
2100 4692 2167 4744 N

1513 4837 1935 4846 ——-..—-—-—--—-....
