3613 5528
1275 495 1289 510 ·
1339 425 1437 480 DE
1476 425 2048 483 ORTHOGRAPHIA
2867 431 2995 495 281

389 536 433 574 p.
462 526 579 567 8792.
607 525 659 566 9³
686 525 737 564 P.

385 610 544 690 quod
602 618 694 672 est
747 611 957 691 nimis,
1003 609 1099 671 hic
1146 620 1344 673 autem
1391 619 1486 672 est
1531 604 1830 694 σφόδρα,
1885 611 2042 692 quod
2099 622 2190 675 est
2236 613 2419 676 valde.
2509 614 2615 676 sed
2671 579 3002 697 aliquando,

388 725 455 780 ut
507 717 656 796 dixi,
710 736 820 797 pro
880 735 951 778 eo
1008 718 1165 797 quod
1223 727 1316 780 est
1371 719 1535 780 valde
1567 728 1654 810 ⁸et
1710 718 1938 780 dictum
1993 721 2327 782 invenimus
2384 729 2445 783 et
2498 720 2768 783 dicimus.
2842 722 2999 784 unde

389 826 566 886 etiam
621 843 738 886 non
798 824 944 886 nulli
997 824 1165 887 latini
1220 823 1458 886 codices
1516 824 1692 904 [non]
1750 821 1971 887 habent
2016 821 2105 887 ‘tu
2161 830 2519 908 praecepisti
2582 828 2853 889 mandata
2902 837 3000 890 tua

389 932 688 994 custodire
739 930 972 1010 [nimis]
988 927 1025 993 ⁹.
2731 933 2739 941 ’

305 1049 333 1088 5
564 1038 761 1100 Noceo
800 1039 1014 1101 obsum
1052 1031 1428 1101 incommod'o
1467 1041 1770 1102 malefacio
1810 1042 2005 1103 officio
2042 1044 2103 1103 in
2143 1060 2260 1103 una
2299 1043 2726 1122 significatione
2769 1061 2998 1121 ponun-

388 1156 506 1228 tur,
552 1146 709 1226 quod
754 1164 969 1227 graece
1017 1146 1237 1210 dicitur
1281 1140 1581 1230 βλάπτῃ),
1628 1156 1688 1209 ει
1734 1158 1948 1211 cuncta
1995 1149 2256 1211 dativum
2302 1168 2507 1211 casum
2553 1149 2812 1210 trahunt.

562 1253 775 1316 Nullus
822 1263 914 1316 est
959 1262 1079 1316 tam
1124 1257 1186 1316 in
1233 1274 1300 1316 re
1347 1273 1525 1335 quam
1567 1257 1629 1316 in
1675 1274 1958 1339 persona,
2005 1274 2177 1318 nemo
2225 1259 2288 1317 in
2333 1274 2590 1337 persona
2636 1256 2890 1338 dicitur,
2937 1264 3004 1318 ut

390 1379 466 1422 ne
511 1360 705 1431 homo.

564 1467 830 1550 NataleS,
884 1468 944 1530 id
1001 1480 1093 1531 est
1139 1467 1502 1547 nobilitates,
1539 1469 1829 1553 nuptiae,
1884 1489 2100 1552 nonae,
2158 1490 2362 1553 nareS,
2418 1470 2747 1551 nundinae,
2791 1487 3004 1551 nugae,

309 1584 363 1625 1⁰
391 1576 598 1637 neniae
645 1575 895 1655 pluralia
942 1585 1204 1639 tantum:
1264 1585 1325 1638 et
1371 1594 1479 1639 nar
1524 1580 1875 1640 invenimus,
1951 1580 2158 1640 nenias
2197 1557 2395 1641 autem
2433 1578 2641 1640 dicunt
2686 1577 3000 1659 epitaphia,

390 1681 449 1743 id
497 1689 591 1743 est
635 1685 897 1745 carmina
944 1703 1094 1764 quae
1141 1687 1202 1746 in
1251 1687 1595 1746 memoriam
1642 1695 2019 1748 mortuorum
2062 1689 2127 1747 in
2175 1685 2397 1748 tumbis
2443 1685 2807 1775 scribuntur.

566 1788 833 1870 Nequam
882 1800 942 1854 et
986 1810 1175 1872 nugas
1221 1795 1414 1854 omnis
1459 1794 1697 1872 generis
1743 1801 1803 1854 et
1852 1795 2086 1854 numeri
2132 1801 2273 1854 sunt
2319 1801 2381 1853 et
2425 1811 2534 1873 per
2580 1812 2790 1855 omnes
2826 1811 3001 1854 casus

391 1906 644 1958 currunt
682 1893 693 1977 Ι
733 1916 971 1979 semper
1018 1898 1343 1979 aequaliter
1390 1898 1574 1982 dicta,
1630 1903 1898 1979 quamvis
1946 1901 2313 1980 Augustinus
2359 1899 2516 1962 dicat
2568 1919 2759 1980 nugae
2822 1919 3003 1980 nuga-

392 2020 526 2063 rum
573 2006 762 2084 nugis.
838 2006 1041 2066 ferunt
1086 2014 1284 2066 autem
1333 2007 1491 2086 quod
1538 2024 1722 2086 nugas
1778 2005 2074 2068 hebraeus
2129 2025 2326 2068 sermo
2385 2009 2463 2069 sit
2528 2016 2591 2070 et
2619 2004 2801 2069 'idem
2846 2007 3002 2087 apud

314 2121 366 2161 1⁵
394 2129 496 2171 eos
543 2110 699 2190 quod
749 2112 904 2192 apud
952 2131 1062 2173 nos
1107 2114 1426 2195 significet,
1472 2113 1530 2174 id
1579 2122 1671 2176 est
1715 2113 1861 2175 levis
1909 2122 1970 2175 et
2012 2132 2225 2194 pravae
2272 2117 2490 2177 mentis
2536 2114 2824 2176 homines.

571 2218 721 2280 Novi
766 2220 922 2280 nosti
963 2222 1133 2281 ‘novit
1179 2222 1451 2282 novimus
1498 2223 1687 2282 nostis
1733 2230 2029 2283 noverunt
2087 2223 2174 2282 sic
2220 2220 2553 2284 declinatur
2599 2231 2660 2283 et
2704 2223 3007 2301 praesenti
3124 2211 3127 2216 ’

395 2335 456 2386 ει
497 2328 821 2406 praeterito
865 2327 1159 2410 perfecto,
1208 2330 1305 2388 cui
1353 2327 1563 2389 similia
1609 2335 1750 2388 sunt
1795 2328 1894 2388 odi
1942 2335 2002 2388 et
2050 2328 2307 2388 memini.

569 2432 802 2495 Noceor
857 2437 1093 2496 noceris
1149 2443 1314 2496 recte
1371 2434 1620 2518 dicitur,
1689 2437 1957 2514 quamvis
2012 2433 2192 2514 aliqui
2246 2437 2610 2514 grammatici
2667 2444 3010 2497 asseverent

396 2559 513 2601 non
561 2539 781 2601 debere
821 2541 939 2602 dici
976 2519 1216 2623 noceor,
1263 2541 1367 2603 sed
1416 2550 1666 2602 nocetur
1706 2540 1867 2602 mihi.
1941 2559 2135 2621 neque
2176 2543 2333 2603 enim
2368 2541 2768 2622 Hieronymus
2814 2558 3006 2622 gram-

317 2655 369 2694 20
396 2649 768 2709 maticorum‘
792 2649 1057 2729 regulam
1102 2642 1437 2732 ignorabat,
1482 2651 1585 2728 qui
1632 2650 1693 2709 in
1739 2647 2029 2728 propheta
2067 2647 2302 2710 Abacuc
2343 2643 2423 2731 (e.
2461 2650 2526 2725 1,
2565 2642 2640 2732 2)
2687 2651 2768 2712 ita
2816 2658 3005 2711 trans-

397 2757 554 2820 ferre
599 2777 719 2819 non
765 2758 994 2840 timuit,
1041 2752 1144 2818 ‘et
1189 2776 1325 2818 non
1373 2755 1722 2838 salvabis,
1768 2754 1928 2816 dum
1975 2749 2297 2817 noceor'.

570 2865 757 2927 Necto
805 2866 942 2926 nexi
987 2866 1329 2945 praeterito.

455 3018 464 3027 .
570 2972 765 3034 Noctu
814 2975 1098 3052 temporis
1146 2980 1238 3034 est
1282 2972 1655 3053 adverbium,
1681 2959 1877 3031 ‘nocte
1923 2988 2139 3030 nomen
2187 2979 2293 3031 est.

570 3076 819 3141 Nubuut
869 3079 1157 3141 feminae:
1219 3081 1308 3140 vir
1355 3080 1511 3141 enim
1567 3077 1759 3159 ducit,
1818 3076 2031 3139 mulier
2087 3076 2286 3160 nubit,
2341 3079 2479 3157 quia
2533 3077 2710 3157 pallio
2748 3070 3009 3142 ‘obnubit

323 3198 375 3239 25
400 3194 579 3268 caput
623 3205 940 3267 genasque.
2975 3166 2991 3181 ⁶

574 3293 948 3376 Nongentos,
994 3313 1114 3355 non
1161 3301 1500 3373 nungentos
1545 3291 1618 3353 ab
1666 3310 1896 3353 novem.

574 3401 841 3480 Nequam
888 3419 1007 3463 non
1054 3398 1276 3462 malum'
1322 3400 1641 3480 significat,
1687 3399 1793 3459 sed
1840 3398 2128 3461 inutilem.

573 3506 745 3568 Nubo
793 3509 995 3589 nupsi,
1044 3509 1503 3589 nuptiaexcum
1550 3505 1767 3567 vocalis
1815 3506 2114 3587 sequitur,
2161 3504 2198 3565 b
2244 3504 2424 3567 debet
2468 3525 2627 3588 esse;
2675 3525 2812 3568 cum
2858 3526 2997 3570 con·

400 3633 615 3677 sonans
625 3663 645 3697 ,
688 3635 745 3694 p.
2194 3592 2205 3602 ⁹

324 3736 376 3776 so
576 3721 854 3783 Nascitur
882 3721 1040 3801 quod
1070 3730 1241 3784 utero
1272 3721 1509 3805 decidit,
1531 3722 1831 3783 enascitur
1861 3720 2020 3800 quod
2049 3720 2122 3781 de
2151 3727 2310 3781 terra
2331 3728 2435 3781 aut
2461 3718 2535 3781 de
2556 3737 2706 3800 aqua
2727 3725 3011 3801 exsurgit.

574 3827 734 3889 Nihil
770 3827 1113 3890 adverbium
1150 3838 1269 3913 est,
1316 3828 1485 3891 nihili
1524 3845 1756 3890 nomen.
1831 3827 2008 3887 homo
2047 3829 2203 3888 enim
2254 3826 2475 3917 nullius
2512 3830 2798 3889 momenti
2843 3828 3012 3890 nihili

401 3933 636 3997 dicitur.

574 4042 751 4103 Navis
780 4040 957 4105 uniu‘s
986 4046 1130 4105 ratis
1161 4062 1375 4105 nomen
1414 4050 1531 4125 est,
1569 4042 1865 4121 navigium
1896 4043 2088 4101 omnis
2118 4040 2362 4102 classica
2401 4040 2711 4119 profectio.
2776 4043 3011 4103 naucle-

580 4274 608 4321 1
649 4285 796 4337 quae
833 4271 919 4324 est·
954 4268 1124 4324 nimis
1164 4269 1240 4324 M
1376 4267 1474 4337 qui
1509 4265 1677 4322 ualde
1715 4265 1772 4320 P
1909 4265 2006 4320 sed
2043 4296 2110 4306 —
2150 4264 2301 4334 quod
2338 4264 2425 4319 est
2459 4263 2627 4319 valde
2664 4280 2765 4319 om.
2804 4264 2880 4319 M

404 4354 435 4401 2
472 4346 569 4417 qui
604 4350 691 4404 εει
725 4348 893 4404 ualde
933 4349 990 4403 P
1129 4356 1162 4404 3
1200 4349 1372 4405 etiam
1408 4364 1510 4404 om.
1551 4347 1609 4401 P
1746 4353 1782 4401 4
1819 4345 1985 4400 nimis
2021 4362 2122 4403 om.
2162 4344 2260 4403 s'L
2402 4350 2435 4399 6
2485 4342 2760 4399 maleficio
2799 4345 2876 4399 Μ

406 4433 436 4481 9
471 4428 675 4484 natalis
711 4427 771 4482 id
807 4431 895 4484 est
928 4428 1193 4485 nobilitas
1232 4429 1309 4483 Μ
1436 4427 1666 4498 nuptiae
1694 4456 1765 4468 —·
1793 4425 2140 4496 scribuntur]
2181 4428 2379 4479 nemas
2414 4421 2663 4494 pluralia
2698 4425 2920 4479 tantum
2956 4427 3015 4480 et

287 4543 294 4548 -
406 4523 504 4561 nar
537 4507 853 4563 inuenimus
890 4511 1121 4580 nuptiae
1157 4526 1321 4565 nares
1357 4508 1551 4564 nenias
1590 4539 1658 4548 —
1705 4507 2025 4562 scribuntur
2060 4520 2237 4560 nonae
2275 4503 2557 4579 nundin-ae
2603 4518 2785 4572 nugae
2823 4503 2880 4557 P

413 4592 474 4640 10
516 4587 702 4659 nenie]
750 4587 1077 4662 neomeniae
1125 4588 1200 4642 M
1343 4594 1406 4641 11
1459 4587 1626 4658 quae]
1677 4585 1774 4656 qui
1814 4587 1870 4640 P
2011 4593 2077 4641 13
2116 4584 2270 4639 dicat
2304 4584 2401 4642 ςΙι
2436 4583 2502 4637 dt
2543 4582 2600 4636 P
2627 4581 2832 4637 dixerit
2869 4585 2946 4639 M

411 4671 474 4721 14
509 4667 607 4737 qui
639 4683 820 4738 nugas
858 4667 914 4721 P
943 4684 1053 4740 que
1088 4683 1269 4738 nugas
1310 4667 1386 4721 M
1420 4667 1555 4736 quia
1587 4683 1767 4736 nugas
1805 4667 1907 4725 ςΙι
2032 4673 2096 4721 17
2136 4664 2231 4721 odi
2266 4660 2497 4718 memini
2538 4660 2595 4714 P
2678 4668 2774 4717 ·27
2814 4661 3012 4733 Neque

407 4760 513 4800 non
546 4746 620 4803 ad
655 4746 869 4802 malum
905 4745 1185 4816 significat
1221 4746 1278 4799 P
1377 4752 1447 4802 28
1484 4763 1610 4801 cum
1639 4747 1940 4814 posteriore
1975 4746 2090 4804 loco
2127 4761 2228 4800 om.
2270 4744 2326 4798 P
2436 4747 2505 4796 30
2542 4740 2693 4811 quod
2730 4740 2826 4813 de]
2866 4760 3017 4812 qnae

410 4822 478 4879 de
515 4826 587 4880 M
618 4844 656 4897 q
692 4827 762 4883 de
803 4827 860 4881 P
972 4826 1095 4896 aut]
1133 4843 1201 4881 ac
1236 4826 1333 4884 ‹sL
1448 4828 1694 4896 exurget
1729 4825 1786 4878 P
1922 4832 1987 4880 31
2026 4823 2192 4880 nihili
2221 4822 2519 4893 posteriore
2555 4819 2669 4873 zoco
2704 4836 2805 4876 om.
2845 4823 2942 4880 §L

411 4910 476 4959 33
510 4904 684 4963 Nauis
718 4905 884 4961 unius
921 4905 1080 4961 nauis
1117 4905 1253 4961 tatis
1289 4906 1347 4960 P
1479 4904 1793 4975 navigium]
1832 4921 2041 4959 nauum
2083 4904 2139 4958 P
2276 4901 2595 4959 nauiclerus
2632 4898 2690 4952 P
