3613 5528
1354 423 1451 477 ne
1493 395 2075 481 ORTHOGRAPHIA
2518 421 2522 425 ·
2928 423 3012 487 79

403 532 447 569 p:
477 522 582 561 8237
610 521 659 560 P:

405 608 511 684 qui
553 605 835 685 quasdam
874 606 1100 666 litteras
1139 605 1397 668 lenitatis
1442 624 1618 669 causa
1664 612 2013 691 omiserunt,
2061 610 2216 671 sicut
2262 608 2489 690 Cicero,
2536 612 2639 688 qui
2687 610 2901 670 foresia
2948 616 3009 669 et

404 711 713 790 Megalesia
760 721 822 773 et
878 712 1137 774 hortesia
1192 715 1320 775 sine
1367 734 1406 774 n
1455 714 1651 777 littera
1706 714 1963 777 libenter
2019 715 2253 776 dicebat
2308 725 2394 797 et,
2449 724 2516 777 ut
2572 714 2769 776 verbis
2825 717 3013 795 ipsius

403 826 661 899 utamur,
707 813 1304 897 ‘posmeridianas
1352 840 1635 901 quoque
1684 817 2106 901 quadrigas'
2152 824 2345 901 inquit
2391 816 2777 882 ‘libentius
2814 822 3012 882 dixe-

404 927 535 984 rim
591 943 795 1003 quam
852 923 1513 1004 postmeridianas’.
1606 929 1692 988 sic
1750 937 1811 987 et
1865 926 2106 988 dossum
2163 946 2271 1007 per
2328 927 2445 989 duo
2502 947 2531 987 s
2588 947 2764 1007 quam
2818 947 2927 1008 per
2983 946 3014 987 r

350 1046 375 1085 5
403 1031 645 1092 dorsum
702 1031 943 1111 quidam
990 1041 1057 1094 ut
1102 1033 1294 1094 lenius
1352 1034 1828 1095 enuntiaverunt.
1914 1052 1981 1094 ac
2028 1042 2150 1094 tota
2198 1052 2229 1093 r
2274 1034 2472 1096 littera
2529 1033 2756 1096 sublata
2813 1044 2906 1095 est
2950 1038 3011 1095 in

403 1156 474 1197 eo
521 1136 678 1216 quod
727 1148 820 1200 est
864 1158 1075 1200 rusum
1122 1150 1182 1201 et
1228 1150 1544 1203 retrosum.

581 1246 803 1307 Cocum
852 1266 970 1308 non
1017 1247 1164 1308 nulli
1209 1250 1268 1309 in
1318 1258 1568 1328 utraque
1616 1248 1833 1328 syllaba
1881 1266 1990 1329 per
2037 1267 2075 1327 q
2122 1247 2410 1329 scribunt,
2457 1267 2574 1309 non
2624 1248 2768 1311 nulli
2814 1259 2876 1310 et
2921 1248 3009 1311 in-

402 1360 559 1412 serta
607 1372 679 1413 u:
724 1356 786 1413 in
834 1353 1016 1414 verbo
1064 1357 1241 1415 etiam
1288 1374 1595 1434 quoquere
1642 1374 1750 1435 per
1797 1373 1932 1434 quo,
2026 1354 2205 1415 Nisus
2258 1364 2465 1416 censet
2513 1354 2732 1434 ubique
2780 1375 2813 1416 c
2857 1356 3011 1417 litte·

402 1477 526 1520 ram
574 1460 905 1539 ponendam
946 1471 1063 1521 tam
1111 1463 1172 1521 in
1221 1464 1460 1522 nomine
1509 1480 1684 1540 quam
1730 1464 1792 1522 in
1840 1461 2040 1543 verbo,
2088 1461 2243 1540 quod
2293 1461 2436 1522 mihi
2485 1464 2732 1523 nimium
2779 1462 3013 1524 videtur

326 1582 375 1619 10
402 1565 569 1627 exile.
649 1586 784 1627 nam
831 1570 987 1628 sicut
1033 1587 1152 1628 non
1202 1578 1292 1628 est
1339 1570 1526 1648 prima
1575 1566 1793 1648 syllaba
1840 1567 2156 1648 oneranda,
2204 1570 2290 1629 sic
2329 1587 2588 1647 sequens
2635 1568 2869 1630 videtur
2914 1587 3012 1629 ex-

401 1672 629 1753 plenda.
723 1693 794 1735 eo
848 1675 1158 1735 decentius
1215 1675 1368 1755 apud
1427 1674 1747 1754 Vergilium
1810 1675 2027 1755 legitur
2088 1671 2190 1737 ‘et
2245 1671 2292 1750 †
2338 1685 2701 1737 caeteram
2763 1677 3017 1754 coquit

402 1780 773 1860 improbus
819 1777 1145 1863 hastam’,
1192 1783 1455 1843 secunda
1499 1781 1716 1861 syllaba
1763 1801 1872 1862 per
1910 1801 1948 1861 q
1995 1784 2233 1864 scripta,
2280 1801 2457 1861 quam
2503 1793 2569 1845 ut
2615 1792 2866 1862 utraque
2889 1801 3051 1861 aper·

400 1906 434 1945 c
488 1892 723 1965 scripta
781 1891 1126 1949 enuntietur
1185 1889 1240 1948 k.
1333 1889 1691 1949 locutionem
1748 1908 1986 1968 quoque
2034 1889 2324 1951 Antonius
2370 1890 2563 1952 Rufus
2618 1908 2726 1969 per
2777 1907 2815 1967 q
2871 1887 3015 1949 dicit

401 2011 533 2054 esse
580 1992 985 2075 scribendam,
1040 1995 1199 2074 quod
1246 1997 1325 2056 sit
1371 1995 1444 2055 ab
1496 2014 1566 2056 eo
1614 1995 1772 2075 quod
1819 2004 1913 2055 est
1958 1995 2147 2076 loqui3
2205 1999 2348 2057 item
2402 1995 2734 2075 periculum
2780 2003 2843 2055 et
2897 1995 3012 2054 ser-

326 2112 377 2151 15
405 2099 621 2161 culum.
715 2119 864 2179 quae
914 2103 1149 2161 nomina
1197 2111 1473 2163 contenta
1522 2120 1654 2163 esse
1701 2121 1734 2162 c
1781 2101 1977 2163 littera
2025 2105 2323 2183 existimo,
2380 2113 2499 2164 tam
2547 2101 2790 2163 hercule
2837 2119 3015 2180 quam

402 2206 534 2267 illos
576 2210 784 2269 vitiose
822 2217 883 2269 et
920 2207 1119 2269 dicere
1159 2218 1221 2269 et
1258 2208 1541 2289 scribere,
1587 2213 1694 2284 qui
1721 2213 1925 2286 potius
1962 2228 2071 2288 per
2108 2228 2226 2288 quo
2264 2209 2527 2289 quotidie
2566 2209 2790 2289 dicunt,
2838 2226 3014 2287 quam

402 2332 513 2392 per
555 2333 626 2375 co
674 2316 909 2396 cotidie,
955 2334 1093 2376 cum
1131 2324 1193 2375 et
1239 2315 1470 2376 dicatur
1518 2315 1728 2376 melius
1777 2310 1839 2377 et
1883 2315 2197 2377 scribatur.
2271 2335 2389 2377 non
2431 2318 2586 2377 enim
2628 2326 2721 2378 est
2755 2334 2789 2376 a
2833 2323 3014 2394 quoto

404 2419 498 2480 die
546 2421 809 2499 quotidie
856 2421 1109 2503 dictum,
1155 2422 1259 2483 sed
1308 2440 1340 2481 a
1387 2424 1718 2482 continenti
1764 2421 1860 2482 die
1908 2423 2123 2483 cotidie
2174 2429 2444 2484 tractum.

581 2525 807 2587 Nimiae
864 2546 1078 2589 rursus
1134 2529 1457 2609 elegantiae
1516 2535 1842 2589 sectatores
1897 2546 2018 2589 non
2073 2527 2331 2590 arbitror
2384 2530 2727 2612 imitandos,
2782 2531 3013 2590 tametsi

326 2648 378 2687 20
406 2632 584 2693 Nisus
631 2642 839 2694 auctor
877 2643 969 2695 est
1006 2644 1073 2696 ut
1110 2653 1344 2696 comese
1385 2644 1444 2695 et
1482 2653 1769 2696 consuese
1809 2654 1916 2714 per
1958 2654 2144 2696 unum
2184 2654 2215 2697 s
2262 2635 2591 2698 scribamus
2629 2645 2690 2697 et
2734 2636 2879 2698 dicit
2923 2654 3013 2696 ra·

405 2734 653 2814 tionem',
715 2741 852 2819 quia
908 2742 1070 2803 iuxta
1120 2741 1470 2823 productam
1517 2740 1779 2802 vocalem
1821 2745 2135 2818 §eminam
2183 2760 2515 2805 consonans
2559 2743 2839 2824 progredi
2895 2760 3015 2804 non

578 2931 759 2986 Codex
798 2932 1097 2987 Parrhasii
1171 2937 1198 2984 1
1239 2929 1491 2986 leuitatis
1618 2935 1650 2985 ὅ
1687 2930 1892 3002 lenius]
1933 2931 2114 2985 leuius
2225 2938 2257 2987 8
2295 2931 2507 2987 inserta
2541 2933 2600 2987 in
2629 2934 2801 2989 uerbo
2841 2933 3013 2988 etiam

388 3024 679 3100 ’quoquere
716 3047 817 3100 per
852 3046 1134 3101 quoquere
1173 3016 1468 3086 nesuscens
1505 3031 1563 3084 et
1600 3031 1659 3083 et
1694 3029 1905 3097 ubique
2034 3035 2099 3083 12
2137 3047 2240 3099 per
2274 3048 2304 3085 c
2343 3031 2663 3087 enuntietur
2697 3032 2737 3084 k
2774 3031 3013 3100 loqutio-

402 3125 529 3163 nem
640 3115 704 3165 15
734 3108 1010 3166 existumo
1121 3116 1187 3164 16
1224 3109 1378 3180 illos]
1407 3110 1508 3165 illo
1616 3110 1716 3181 qui
1740 3110 1930 3180 potius
1957 3125 2057 3165 om.
2173 3116 2235 3165 17
2265 3129 2378 3166 non
2405 3110 2553 3166 enim
2582 3113 2669 3165 est
2698 3127 2734 3165 a
2759 3110 3015 3179 quotidie

404 3207 654 3275 quotidie
691 3208 902 3264 dictum
1052 3214 1115 3262 19
1155 3208 1391 3262 nimium
1534 3211 1726 3264 tamen
1763 3208 1811 3262 si
1946 3214 2015 3262 20
2052 3225 2269 3282 comese
2308 3212 2365 3264 et
2404 3199 2595 3283 esffeee
2642 3225 2742 3279 per
2778 3227 2948 3264 unum
2987 3226 3013 3262 e

511 3293 575 3341 21
615 3287 905 3357 geminata
939 3306 1042 3344 om.

579 3455 606 3502 1
647 3448 899 3503 lenitatis
936 3454 1202 3504 corrector
1239 3449 1440 3503 codicis
1492 3446 1776 3515 Vaticani,
1813 3448 2065 3503 leuitatis
2100 3448 2157 3503 Β
2327 3455 2360 3503 3
2397 3446 2861 3519 posmeridianae]
2902 3447 3014 3505 Cic.

403 3532 538 3580 orat.
576 3532 664 3597 47,
701 3535 824 3584 137.
881 3528 1088 3585 foreeia
1122 3536 1173 3586 et
1208 3527 1516 3600 Megalesia
1550 3532 1597 3581 et
1634 3527 1886 3583 horteeia
1920 3531 2020 3585 nbi
2057 3530 2242 3585 Cicero
2279 3530 2484 3583 dixerit
2517 3544 2633 3582 non
2668 3532 2882 3583 constat

405 3611 436 3659 δ
474 3605 675 3679 lenius]
715 3609 894 3665 lenius
930 3609 986 3664 Β
1158 3609 1384 3664 sublata
1419 3612 1506 3664 est
1540 3609 1599 3663 in
1638 3625 1704 3663 eo
1741 3626 1933 3663 rusum
1970 3609 2026 3663 Β
2189 3615 2222 3663 8
2260 3607 2320 3663 in
2355 3608 2529 3662 verbo
2568 3607 2740 3663 etiam
2777 3624 3014 3677 coquere
3075 3648 3084 3658 .

406 3703 503 3755 pro
540 3703 823 3755 quoquere
858 3689 1028 3744 Nisus
1067 3691 1282 3757 censet,
1321 3691 1380 3744 et
1415 3687 1621 3758 ubique
1658 3705 1689 3743 c
1726 3688 1976 3744 litteram
2013 3688 2069 3743 R
2216 3694 2277 3742 11
2319 3689 2378 3743 et
2414 3685 2705 3742 decentius
2743 3686 3015 3742 Semlerua

473 3770 530 3822 et
565 3771 774 3824 certam
805 3768 990 3838 quatit
1026 3768 1312 3838 improbus
1350 3771 1576 3825 hastam
1602 3768 1674 3836 Β,
1694 3769 1793 3823 nbi
1831 3770 2085 3824 lammam
2115 3774 2244 3839 post
2270 3768 2493 3823 hastam
2522 3768 2792 3822 indicavit
2819 3767 3013 3822 Semle·

406 3863 512 3902 rue.
577 3853 892 3917 corruptam
937 3849 1141 3902 codicis
1186 3849 1487 3917 lectionem,
1533 3850 1608 3904 ad
1652 3867 1817 3918 quam
1861 3850 1923 3905 id
1975 3850 2122 3918 quod
2166 3851 2436 3919 sequitur,
2494 3847 2738 3902 secunda
2795 3847 3017 3915 syllaba

405 3943 502 3995 per
537 3946 575 3997 q
611 3926 837 3996 scripta,
867 3928 1124 3997 pertinet,
1160 3929 1393 3994 retinui,
1430 3945 1765 3997 quamquam
1783 3929 2038 3998 Lonywm
2066 3929 2272 3997 coquit,
2310 3946 2424 3983 non
2460 3927 2663 3997 quatit,
2701 3929 2855 3996 apud
2887 3927 3014 3982 Ver·

402 4008 595 4075 ollium
632 4008 816 4077 leynsse
842 4025 1052 4077 parum
1079 4007 1367 4077 probabile
1402 4014 1493 4062 est.
1554 4008 1648 4062 sed
1683 4010 1793 4063 duo
1830 4025 2019 4064 versus
2052 4026 2227 4079 yeory.
2261 4010 2346 4062 II
2370 4014 2484 4065 523
2521 4007 2676 4063 mitis
2712 4007 2771 4061 in
2809 4008 3014 4077 apricis

404 4088 661 4156 coquitur
704 4085 989 4141 vindemia
1033 4087 1206 4156 saxis,
1252 4104 1359 4157 qno
1403 4087 1642 4156 exemplo
1692 4086 2039 4156 Papirianae
2084 4091 2238 4158 apud
2284 4089 2525 4145 Cassiod.
2567 4106 2628 4158 p.
2674 4092 2835 4142 2295
2881 4104 3017 4142 usus

403 4173 501 4233 est,
546 4174 597 4222 et
643 4167 778 4220 Aen.
822 4164 927 4218 XI
961 4170 1072 4221 767
1119 4170 1177 4221 et
1221 4171 1429 4222 certam
1476 4166 1663 4236 quatit
1705 4167 2284 4237 improbus-hastam,
2322 4170 2420 4238 qui
2464 4169 2530 4223 de
2573 4168 2731 4223 verbo
2783 4171 3013 4236 quatere

402 4249 553 4317 (nam
588 4248 732 4302 illud
767 4262 974 4315 qnoque
1008 4247 1071 4299 in
1107 4246 1209 4299 hae
1243 4249 1553 4315 quaestione
1591 4265 1628 4302 a
1663 4249 2038 4316 qrammatieis
2073 4249 2380 4304 adhibitum
2417 4253 2517 4303 est:
2568 4249 2637 4316 cf.
2679 4248 2834 4301 Mar.
2874 4247 3013 4303 Vict.

394 4345 453 4395 p.
474 4333 564 4394 13,
591 4330 690 4396 21)
718 4325 961 4381 adscribi
978 4330 1215 4395 poterat,
1242 4329 1578 4397 neyleyentia
1607 4328 1964 4382 librariorum
1990 4328 2248 4383 videmur
2274 4329 2494 4394 contusi
2520 4344 2628 4396 esse
2754 4332 2820 4381 12
2848 4343 2950 4396 per
2978 4343 3008 4381 c

402 4407 722 4462 enuntietur
755 4407 793 4461 k
829 4406 902 4474 Β,
940 4423 1039 4475 per
1076 4422 1106 4461 c
1144 4408 1467 4461 enuntietur
1503 4407 1717 4474 (omisso
1754 4407 1817 4475 k)
1854 4408 2126 4464 Semlerne
2273 4413 2337 4463 16
2377 4425 2545 4476 quam
2581 4406 2683 4461 illa
2719 4405 2920 4460 vitiose
2957 4409 3016 4460 et

403 4486 586 4542 dicere
625 4489 687 4541 et
721 4487 976 4543 scribere:
1028 4488 1136 4542 Per
1171 4504 1283 4556 quo
1320 4485 1568 4556 quotidie
1606 4486 1893 4557 dicunth
2047 4496 2114 4544 16
2153 4487 2428 4559 quotidie]
2480 4486 2823 4556 Papirianae
2860 4485 3014 4555 apud

405 4567 648 4623 Cassiod.
677 4584 739 4636 p.
770 4573 926 4623 2290
1073 4573 1136 4622 17
1176 4585 1286 4623 non
1322 4567 1473 4622 enim
1509 4568 1597 4622 est
1633 4566 1883 4637 quotidie
1921 4585 1957 4624 a
1992 4573 2167 4638 quoto
2204 4568 2417 4622 dictum
2453 4566 2511 4619 Β
2657 4572 2721 4620 19
2762 4564 3013 4619 Nimium

402 4665 587 4702 rursus
622 4646 680 4700 Β
824 4653 892 4701 20
928 4646 1094 4701 Nisus
1129 4650 1325 4702 auctor
1363 4651 1476 4717 est,
1517 4663 1771 4702 comesae
1809 4650 1868 4703 et
1902 4663 2131 4704 esuesae
2167 4664 2268 4718 per
2303 4664 2475 4700 unum
2513 4665 2539 4700 e
2575 4646 2647 4699 Β.
2696 4661 2914 4700 comeee
2952 4647 3011 4700 et

404 4743 559 4782 suese
608 4727 830 4781 Rerius
878 4727 1208 4782 Valerianus
1252 4729 1316 4781 in
1363 4727 1518 4797 Very.
1564 4730 1703 4784 Aen.
1754 4728 1932 4784 VIII
1973 4735 2083 4784 184
2139 4734 2189 4784 et
2238 4727 2623 4790 Gommelinue,
2678 4741 2897 4780 comese
2951 4727 3010 4780 et

405 4823 594 4861 aeneae
633 4805 915 4876 Seyfertus
948 4823 1171 4876 yramm.
1211 4807 1306 4861 lat.
1344 4806 1387 4878 ἕ
1414 4813 1526 4863 132
1556 4826 1616 4877 p.
1639 4815 1713 4863 90
1857 4815 1924 4864 21
1963 4809 2121 4863 iuxta
2154 4808 2488 4877 productam
2523 4805 2778 4861 vocalem
2817 4821 3009 4860 conso·

406 4902 539 4940 nans
574 4886 838 4955 progredi
872 4903 982 4942 non
1010 4886 1190 4942 soleat
1225 4887 1308 4952 R,
1344 4889 1488 4956 quod
1523 4889 1605 4942 ita
1642 4890 1864 4956 defendi
1892 4892 2136 4957 poterat,
2173 4891 2236 4941 ut
2264 4891 2392 4955 post
2419 4885 2748 4954 productam
2775 4884 3008 4938 vocalem
