3613 5528
618 381 751 445 420
1743 378 2087 434 DOSITHEI

616 493 659 532 p.
688 482 755 522 ω.
781 483 834 523 49
863 481 921 521 Η.

1041 585 1257 628 senex
1303 568 1365 628 si
1411 574 1712 646 quaeret
1756 584 1892 649 me,
1941 564 2142 628 modo
2188 567 2338 626 isse
2384 564 2608 629 dicito

1040 671 1120 734 ad
1166 681 1479 756 portum,

615 799 724 862 pro
773 775 849 843 ‘si
895 774 1294 861 quaesiverit’.

796 888 947 950 Dum
993 890 1259 969 iungitur
1310 889 1576 971 finitivis,
1622 888 1782 950 velut
1828 889 1971 951 dum
2022 890 2192 951 venio
2241 937 2253 950 .
2301 891 2578 970 quotiens
2625 908 2764 951 vero
2801 907 2911 970 pro
2949 907 3021 950 eo
3060 888 3218 968 quod

616 1003 710 1059 est
754 996 1072 1058 dummodo
1117 997 1390 1078 ponitur,
1445 994 1819 1057 subiunctiva
1872 997 2111 1078 recipit3
2167 994 2265 1056 alii
2320 1014 2458 1056 vero
2504 995 2785 1057 dixerunt
2830 994 2987 1075 quod
3034 997 3220 1076 magis
3246 1007 3273 1048 ⁵

615 1105 897 1186 optative,
943 1110 1010 1165 ut
1056 1104 1210 1183 apud
1257 1102 1565 1183 Virgilium
1613 1097 1810 1164 ‘dum
1865 1101 2212 1164 conderet
2265 1098 2570 1184 urbem'‚
2625 1106 2694 1165 id
2744 1110 2835 1166 est
2878 1097 3218 1164 ‘dummodo

615 1210 899 1272 conderet
944 1204 1198 1273 urbem'.
1288 1212 1463 1271 etism
1502 1211 1554 1271 si
1590 1209 1740 1272 alius
1775 1210 2190 1291 praegreditur
2228 1228 2422 1272 sermo
2461 1210 2897 1293 declinationis,
2944 1212 3016 1272 sd
3053 1210 3220 1272 illum

615 1320 1000 1402 reformatur,
1047 1317 1207 1381 velut
1253 1312 1520 1398 ‘petebas
1566 1325 1657 1393 ut,
1704 1316 1847 1380 dum
1895 1320 2163 1401 venire8‚
2218 1313 2516 1381 facerem’.
2590 1321 2677 1380 sic
2722 1337 2959 1400 quoque
3006 1320 3220 1399 recipit

615 1425 1006 1489 subiunctiva.

796 1531 995 1594 Donec
1043 1534 1309 1613 iungitur
1357 1530 1777 1614 subiunctivi8‚
1825 1533 1984 1596 velut
2027 1533 2218 1595 donec
2266 1536 2510 1596 veniam.
3247 1545 3297 1583 1⁰

793 1639 975 1722 Num,
1022 1642 1073 1701 si
1117 1641 1522 1720 praepositum
1571 1639 1751 1701 fuerit
1795 1638 1879 1700 illi
1924 1638 2082 1701 aliud
2141 1639 2387 1702 verbum
2441 1642 2757 1721 finitivum,
2812 1641 3025 1720 recipit
3078 1637 3215 1701 sub·

612 1748 909 1830 iunctivs,
955 1754 1021 1809 ut
1066 1747 1275 1809 Cicero
1315 1742 1326 1827 Ι
1367 1742 1872 1828 ‘interrogavi‚
1917 1765 2076 1808 num
2125 1747 2497 1812 dubitaret
2542 1767 2621 1809 eo
2666 1742 3106 1828 proficisci'‚
3151 1754 3220 1808 ut

614 1857 692 1917 sit
738 1856 967 1936 species
1013 1852 1254 1917 relativa
1302 1902 1315 1915 .
1363 1855 1487 1916 l'ere
1553 1856 1712 1916 enim
1778 1856 2116 1936 praeposito
2181 1857 2406 1919 finitivo
2471 1854 2651 1917 verbo
2711 1857 2867 1936 parti
2933 1855 3217 1916 orationis

613 1964 1018 2025 coniunctivae
1067 1960 1447 2042 subiungitur
1494 1963 1723 2042 species
1770 1960 2170 2045 subiunctiva,
2230 1963 2389 2026 velut
2444 1958 2669 2026 ‘nescio
2718 1980 2900 2044 quere
2947 1954 3216 2035 venerit',

539 2137 544 2143 ,
613 2066 837 2131 ‘nescio
901 2088 1011 2132 cur
1066 2064 1304 2132 dixerit’
1360 2077 1420 2132 et
1476 2077 1675 2131 cetera
1731 2068 2004 2131 similiter
2069 2068 2320 2150 [pariter
2385 2089 2524 2132 vero
2588 2068 2867 2151 finitiva]‚
2930 2077 2998 2129 ut
3059 2067 3215 2148 apud
3248 2083 3296 2122 1⁵

612 2177 959 2239 Ciceronem
1033 2172 1279 2238 ‘credo
1355 2195 1475 2236 vos
1550 2177 1822 2257 mirari,
1895 2174 2063 2255 quid
2137 2178 2236 2238 sit
2308 2177 2493 2257 quod
2560 2196 2688 2256 ego
2758 2178 3215 2257 potissimum

612 2280 1123 2347 surrexerim’:
1212 2301 1567 2365 quamquam
1648 2282 1805 2344 idem
1879 2281 2088 2344 Cicero
2172 2285 2233 2344 in
2325 2283 2529 2346 eadem
2620 2283 2791 2346 aliter
2872 2285 3217 2365 enuntiavit,

613 2388 912 2473 ‘nequid
979 2399 1284 2474 metuas,
1348 2390 1669 2472 Glaucia,
1744 2408 1883 2451 non
1947 2397 2015 2452 te
2091 2400 2415 2474 scrutor,
2488 2389 2728 2471 siquid
2784 2391 2976 2453 forte
3037 2392 3216 2452 ferri

612 2493 982 2561 habuisti'.
1074 2498 1245 2561 aliter
1309 2517 1449 2560 vero
1521 2499 1767 2578 finitiva,
1835 2505 1903 2558 ut
1965 2498 2119 2578 apud
2184 2498 2532 2560 Terentium
2598 2494 2790 2561 ‘num
2856 2496 3048 2560 aliud
3112 2516 3216 2559 me

612 2605 748 2669 tihi
795 2625 970 2687 opus
1029 2601 1235 2688 est?’‚
1301 2608 1442 2667 item
1490 2624 1674 2686 quare
1721 2602 1979 2666 venisti?
2043 2624 2225 2686 quare
2272 2607 2331 2669 id
2378 2604 2617 2669 fecisti?
2678 2614 2739 2668 et
2784 2604 3022 2687 similia,
3078 2607 3215 2685 quis
3245 2621 3297 2661 zo

613 2733 731 2778 non
778 2715 1167 2796 praeponitur
1214 2713 1460 2776 verbum
1491 2714 1676 2775 ‚item
1714 2714 1983 2793 quamvis
2029 2711 2430 2796 subiunctiva,
2475 2714 2741 2795 quamvis
2787 2714 3028 2776 feceris:
3074 2714 3216 2776 item

611 2822 930 2884 dummodo
976 2824 1200 2885 venies:
1245 2824 1388 2884 item
1434 2820 1574 2883 licet
1619 2822 1821 2882 venias
1869 2867 1882 2881 .
1930 2839 2285 2901 quamquam
2331 2823 2580 2904 finitiva,
2625 2824 2784 2883 sicut.
2828 2820 3106 2901 Virgilius

817 2946 1235 3009 quamquam
1283 2932 1568 2990 animus
1613 2929 2026 2990 meminisse
2074 2927 2281 2990 iubet
2323 2928 2673 3009 luctuque
2720 2929 3011 3007 refugit.

613 3037 664 3096 si
712 3053 850 3097 vero
895 3034 1113 3098 καίτοι
1159 3057 1231 3117 γε
1280 3036 1598 3116 significat,
1644 3036 1901 3114 optativa
1946 3035 2189 3117 recipit,
2236 3041 2302 3096 ut
2347 3034 2501 3116 apud
2550 3035 2896 3097 Ciceronem
2944 3030 3214 3115 ‘quam-

611 3161 814 3222 quam
863 3143 1027 3223 quid
1077 3153 1204 3223 e'go
1252 3152 1319 3204 te
1364 3136 1735 3204 invitem?’
3243 3158 3296 3199 ιε

788 3250 861 3312 Vt
924 3252 1138 3331 recipit
1191 3251 1411 3312 finitiva
1468 3258 1642 3312 acuto
1698 3255 1949 3312 accentu
2006 3248 2242 3312 elatum.
2333 3252 2582 3313 effertur
2647 3260 2875 3327 autem,
2940 3252 3216 3331 quotiens

791 3419 971 3478 Codex
1006 3422 1397 3494 Sanyallensis.
1475 3429 1502 3477 1
1560 3419 1700 3475 dicit
1755 3432 1809 3489 ο
1842 3427 1875 3476 6
1910 3420 1970 3476 id
2024 3422 2112 3476 est
2165 3439 2267 3480 om.
2424 3429 2453 3477 ‘1
2492 3423 2563 3478 ad
2599 3422 2756 3478 illam
2911 3428 2944 3477 8
2982 3422 3216 3493 petebas

611 3501 743 3556 dum
780 3500 1056 3558 uenissem
1089 3502 1273 3558 facere
1310 3502 1360 3557 ei
1395 3518 1614 3572 qnoque
1653 3500 1855 3572 recipit
1889 3499 2308 3558 subiunctatiua
2455 3507 2519 3557 13
2557 3502 2820 3575 relativa]
2857 3501 3038 3558 latina

609 3582 949 3652 praepositio
987 3582 1205 3639 finitiuo
1240 3581 1411 3639 uerbo
1440 3568 1602 3653 part‘e
1629 3577 1899 3637 orationis
1918 3581 2215 3637 coniuncto
2234 3582 2591 3653 subiungitur
2607 3582 2813 3653 speciei
2831 3581 3215 3638 subiunctiune

720 3667 784 3717 17
821 3660 882 3717 in
918 3662 1115 3718 eodem
1157 3702 1158 3709 κ
1274 3667 1338 3717 19
1377 3660 1547 3717 aliter
1583 3675 1720 3716 corr.
1761 3659 1908 3716 alter
2049 3661 2382 3717 terrentium
2523 3668 2593 3717 20
2630 3661 2765 3732 quia
2798 3662 2933 3734 non]
2976 3661 3073 3732 qui

610 3750 679 3799 22
716 3742 856 3799 item
882 3743 1039 3815 licet]
1069 3742 1118 3797 it
1146 3742 1281 3798 licet
1423 3747 1490 3796 23
1521 3738 1741 3796 animus
1770 3757 1870 3796 om.
2016 3739 2282 3810 laetaque
2424 3747 2494 3796 24
2523 3760 2782 3811 καιτουγε
2928 3749 2997 3798 26
3025 3744 3213 3798 scuto·

610 3842 718 3896 que
756 3826 990 3881 accentu
1027 3823 1236 3878 elatum
1275 3821 1505 3878 effertur
1541 3820 1798 3892 quotiens
2376 3852 2382 3869 ι

792 3990 817 4039 1
860 3983 1049 4054 senex]
1102 3983 1314 4039 Terent.
1353 3983 1488 4038 Hec.
1527 3983 1568 4036 I
1602 3986 1694 4047 2,1
1860 3987 1893 4036 6
1943 3980 2078 4036 dnm
2125 3980 2413 4054 conderet]
2471 3982 2628 4054 Ver-9.
2674 3984 2814 4041 Aen.
2865 3986 2907 4039 I
2948 3990 2983 4040 5
3147 3990 3213 4039 12

611 4063 979 4136 interrogavi]
1019 4064 1132 4119 Cic.
1169 4066 1234 4120 in
1271 4064 1433 4119 Catil.
1475 4063 1560 4117 II
1594 4066 1720 4129 6,13
1868 4061 1934 4116 nt
1969 4060 2046 4116 sit
2079 4060 2291 4130 species
2328 4062 2567 4119 relative.
2592 4086 2606 4118 ε
2636 4062 2753 4120 fere
2790 4065 2940 4121 enim
2974 4068 3216 4137 (semper

610 4147 736 4202 add.
779 4145 967 4215 Char.)
1015 4143 1336 4215 praeposito
1392 4142 1608 4199 finitivo
1662 4142 1834 4199 verbo
1890 4140 2040 4213 parti
2094 4138 2363 4196 orationis
2419 4144 2805 4201 coniunctivae
2859 4145 3215 4217 subiungitur

610 4225 821 4297 species
857 4224 1209 4281 subiunctiva.
1246 4224 1535 4281 Charisius
1570 4228 1620 4279 et
1655 4223 1946 4279 Diomedes
2092 4225 2158 4274 15
2193 4223 2405 4291 pariter
2441 4240 2572 4280 vero
2617 4224 2862 4296 finitiva,
2906 4228 3006 4282 ubi
3050 4226 3215 4282 aliter

601 4322 712 4378 pro
747 4304 958 4377 pariter
994 4306 1192 4375 leyitm·
1227 4306 1382 4374 apud
1426 4305 1766 4372 Diomedem,
1821 4321 1888 4360 ex
1940 4304 2014 4357 iis
2066 4318 2204 4371 quae
2255 4304 2413 4371 infra
2458 4310 2528 4360 19
2573 4307 2783 4376 scripta
2834 4311 2992 4374 sunt,
3049 4306 3216 4362 aliter

610 4402 743 4443 vero
796 4383 1041 4454 finitiva,
1093 4386 1200 4441 hue
1252 4387 1434 4441 iidata
1490 4385 1686 4440 seclusi
1733 4427 1745 4440 .
1796 4384 2074 4440 Ciceronis
2131 4385 2401 4455 exempla,
2455 4386 2520 4441 nt
2572 4385 2724 4456 apud
2775 4386 3097 4444 Ciceronem
3141 4419 3214 4430 —

610 4467 859 4524 habuisti
908 4466 1104 4522 desunt
1157 4468 1311 4537 apud
1366 4465 1682 4524 Char-isium
1845 4471 1910 4519 16
1960 4462 2147 4534 credo]
2206 4464 2317 4520 Cic.
2350 4482 2457 4535 pro
2493 4464 2652 4523 Rosc.
2692 4469 2873 4522 Amr.
2916 4473 2997 4535 1,1
3145 4474 3209 4523 17

610 4547 668 4603 in
707 4547 926 4620 endem]
966 4552 1131 4615 34,97
1296 4555 1360 4603 19
1398 4547 1548 4618 apud
1585 4546 1933 4618 Terentium]
1979 4547 2050 4614 cf.
2090 4544 2300 4601 Charis.
2330 4562 2390 4615 p.
2430 4550 2646 4613 227‚24
2804 4551 2876 4601 20
2927 4547 3058 4618 quia
3105 4566 3213 4605 non

608 4628 972 4699 praeponitur
989 4628 1276 4683 Diomedes
1418 4634 1486 4684 23
1517 4627 1884 4699 quamquam]
1926 4626 2081 4696 Very.
2112 4627 2248 4682 Aen.
2280 4626 2366 4680 II
2388 4630 2464 4681 12
2609 4633 2677 4681 24
2694 4624 2842 4697 apud
2864 4626 3211 4700 Ciceronem]

609 4710 674 4764 in
695 4707 856 4764 eata.
878 4709 920 4762 I
936 4711 1072 4775 9,24
1214 4715 1283 4762 26
1304 4708 1442 4765 item
1459 4711 1525 4763 ut
1542 4707 1745 4778 recipit
1755 4706 1976 4763 finitive.
2003 4709 2166 4762 acuto
2204 4708 2439 4762 accentu
2476 4705 2687 4762 elatum
2708 4747 2721 4760 .
2741 4703 2976 4762 effertur
3010 4710 3216 4776 autem,

611 4785 869 4857 quotiens
904 4804 1006 4857 pro
1043 4804 1110 4846 ec
1146 4787 1420 4858 accipitur
1456 4788 1610 4858 quod
1645 4790 1732 4847 eet
1766 4786 2046 4857 quomodo
2061 4827 2075 4853 ‚
2123 4789 2188 4842 ut
2237 4786 2387 4858 apud
2423 4785 2747 4843 Ciceronem
2793 4784 2888 4841 ‘ut
2937 4784 3217 4854 sustinuit,

610 4866 782 4922 immo
817 4883 950 4922 vero
988 4869 1053 4922 ut
1088 4868 1464 4939 contempsit,'
1503 4867 1562 4923 id
1599 4869 1687 4923 eet
1721 4868 2001 4938 quomodo
2041 4866 2328 4924 Charisius
2363 4872 2414 4923 et
2449 4866 2734 4923 Diomedes
