3613 5528
577 424 664 487 96
1777 423 1995 479 CAPRI

578 536 619 571 p.
650 526 755 564 2241
786 525 834 563 P.

577 609 782 669 dividit
836 611 897 668 in
954 609 1101 669 duas
1160 626 1349 668 voces,
1435 610 1521 668 sic
1576 626 1916 688 quanquam
1975 613 2036 669 in
2092 610 2292 688 priore
2352 608 2566 688 syllaba
2617 627 2654 668 n
2715 608 2933 670 habere
2990 609 3187 692 debet,

577 734 695 776 non
741 734 829 797 m,
874 735 949 776 ne
997 714 1267 776 similiter
1313 715 1461 775 duas
1507 733 1639 775 esse
1687 733 1863 775 voces
1910 715 2201 776 ostendat.
2327 702 2404 721 ’“’

752 824 931 901 Atqui
979 831 1142 882 caret
1188 841 1254 903 n,
1301 820 1571 882 similiter
1619 822 1855 900 alioqui.

759 929 887 990 Hau
944 929 1078 990 dolo
1134 948 1244 1008 per
1298 929 1336 989 d
1393 936 1556 989 recte
1613 928 1912 989 scribitur.
1998 932 2217 990 etenim
2274 929 2309 988 d
2366 931 2525 989 inter
2581 928 2728 990 duas
2782 928 3012 989 vocales
3059 947 3190 989 esse

574 1034 767 1096 debet.
844 1035 1003 1114 quod
1051 1038 1101 1095 si
1149 1053 1482 1095 consonans
1530 1038 1831 1117 sequitur,
1879 1035 1915 1095 d
1962 1035 2096 1095 addi
2144 1054 2262 1096 non
2311 1035 2514 1117 debet,
2561 1043 2628 1096 ut
2674 1035 2938 1095 bauscio.
3216 1053 3243 1092 ⁶

748 1141 937 1201 Narro
986 1144 1245 1202 narratio
1293 1158 1401 1219 per
1447 1140 1566 1200 duo
1615 1159 1674 1222 r,
1720 1141 1963 1221 querela
2012 1141 2243 1221 loquela
2289 1161 2399 1221 per
2446 1162 2633 1204 unum
2678 1143 2714 1203 l.

750 1249 873 1310 Mas
911 1251 1027 1309 erit
1062 1251 1125 1309 in
1160 1249 1473 1329 positione,
1510 1251 1571 1308 in
1609 1248 2002 1310 diminutione
2042 1249 2358 1332 masculuS,
2395 1270 2533 1333 non,
2578 1259 2644 1312 ut
2682 1249 2922 1330 quidam
2959 1256 3191 1330 putant,

577 1355 904 1416 mascellus.

750 1461 1109 1524 Pronomina
1174 1470 1445 1523 nostrum
1512 1482 1577 1523 ac
1638 1473 1903 1525 vestrum
1966 1468 2016 1525 si
2083 1468 2144 1525 in
2208 1466 2502 1543 scriptura
2563 1463 2874 1525 dividenda
2936 1472 3104 1542 sunt,
3159 1482 3187 1522 s

574 1569 768 1629 littera
813 1571 1134 1649 posteriori
1179 1567 1430 1649 syllabae
1480 1569 1761 1648 applicari
1808 1569 2013 1650 debet,
2070 1573 2348 1650 quoniam
2406 1589 2664 1650 sequens
2711 1570 2906 1631 littera
2954 1579 2979 1631 t
3023 1577 3188 1630 muta
3217 1585 3269 1624 ιο

579 1684 687 1736 est.
762 1678 865 1758 sic,
913 1678 963 1736 si
1010 1678 1286 1737 maiestas
1335 1675 1565 1751 scribis,
1614 1685 1735 1737 stas
1780 1680 1843 1738 in
1890 1677 2231 1738 diductione
2281 1681 2441 1739 vocis
2488 1696 2619 1739 esse
2668 1677 2864 1759 debet,
2910 1694 3028 1736 non
3080 1683 3185 1735 tas,

575 1784 661 1842 sic
706 1785 769 1842 in
817 1782 1122 1844 similibus,

753 1889 922 1952 Tunc
970 1893 1256 1970 temporis
1305 1889 1649 1951 adverbium
1695 1899 1806 1972 est,
1852 1900 1979 1953 tum
2026 1892 2270 1953 ordinis.
2355 1888 2479 1953 τοῦ
2528 1901 2670 1952 tunc
2716 1889 3048 1951 antitheton
3095 1897 3189 1950 est

574 2015 765 2079 nunc,
808 1995 930 2059 τοῦ
977 2016 1118 2059 vero
1168 2007 1294 2058 tum
1340 1996 1670 2058 antitheton
1718 2006 1812 2058 est
1858 2016 2012 2059 cum.

760 2103 933 2163 Modo
972 2105 1281 2183 praeteriti
1318 2110 1410 2163 est
1447 2105 1732 2183 temporis
1744 2151 1763 2184 ,
1809 2111 1869 2163 et
1905 2104 2037 2164 ideo
2077 2105 2391 2167 dicendum
2435 2102 2632 2167 ‘modo
2672 2098 2927 2185 scripsi'‚
2983 2098 3182 2163 ‘modo
3216 2118 3268 2158 ιε

575 2204 742 2291 seci'‚
789 2228 908 2270 non
957 2204 1165 2270 ‘modo
1214 2209 1411 2270 scribo
1426 2205 1465 2289 ⁹,
1512 2206 1719 2270 ‘modo
1768 2204 1992 2291 facio'3
2032 2215 2298 2290 quamvis
2346 2213 2584 2291 quidam
2630 2220 2863 2272 veteres
2910 2219 2972 2271 et
3015 2227 3184 2289 prae-

576 2319 762 2377 sentis
807 2320 1162 2396 putaverint.

751 2420 1003 2484 Circiter
1058 2423 1130 2484 ad
1189 2442 1504 2485 numerum
1561 2426 1851 2506 refertur,
1907 2427 2134 2485 circum
2191 2426 2261 2485 ad
2319 2425 2543 2507 locum,
2604 2427 2761 2485 circa
2823 2423 2895 2483 ad
2951 2430 3187 2501 tempus

576 2527 762 2607 [quod
810 2537 903 2589 est
947 2522 1215 2614 κύκλῳ]
1293 2550 1434 2611 ergo
1481 2532 1735 2593 dicimus
1781 2533 2130 2592 circumisse
2178 2550 2287 2592 nos
2334 2532 2575 2615 urbem,
2621 2549 2740 2591 non
2789 2532 3085 2591 circaisse.

751 2634 1040 2714 Superest
1085 2644 1270 2697 restat
1318 2637 1627 2718 significat,
1674 2645 1918 2716 superat
1964 2640 2212 2719 eminet,
2274 2646 2341 2699 ut
2388 2633 2775 2717 ‘superant
2831 2638 3068 2716 capite
3115 2643 3185 2695 et
3215 2652 3267 2691 20

573 2740 997 2804 cervicibus
1053 2738 1269 2805 altis'.
1363 2746 1508 2805 item
1571 2738 1888 2824 ‘egressi
1944 2751 2293 2825 superant
2348 2739 2644 2827 fossas'‚
2697 2743 3040 2806 transiliunt
3096 2741 3188 2803 vel

575 2912 707 2967 dum
747 2915 1013 2984 quoniam
1052 2915 1089 2968 d
1123 2918 1269 2970 mter
1306 2916 1446 2971 duas
1483 2916 1709 2971 uocales
1746 2915 1954 2970 diuidit
1989 2915 2068 2970 sic
2100 2933 2422 2986 quanquam
2461 2916 2616 2987 prior
2652 2917 2871 2988 syllaba.
2906 2933 2946 2969 n
2979 2888 3188 2970 habere

575 3047 745 3103 debet
788 3066 900 3104 non
936 3068 994 3103 m
1032 3065 1103 3102 ne
1142 3048 1404 3104 similiter
1440 3049 1577 3104 duas
1616 3066 1737 3104 esse
1772 3065 1941 3104 uoces
1979 3007 2159 3117 alioqui
2206 3050 2454 3106 ostendit
2489 3051 2546 3105 Β
2593 3050 2870 3120 Quicquid
2903 3049 2964 3103 iu
3001 3047 3186 3116 priore

569 3127 786 3196 syllaba.
822 3145 852 3183 c
887 3129 1081 3183 littera.
1116 3128 1468 3184 scribendum
1506 3132 1666 3200 (corr.
1707 3129 1825 3197 -da)
1873 3129 1961 3183 est
2004 3143 2116 3182 non
2153 3131 2190 3184 d
2228 3132 2495 3199 quoniam
2532 3132 2568 3185 d
2608 3130 2813 3185 diuidit
2855 3130 3002 3183 inter
3048 3128 3188 3181 duos

572 3208 795 3264 uocales
833 3209 913 3264 sic
950 3215 1235 3279 quaquam
1270 3209 1423 3279 prior
1461 3212 1621 3277 (corr.
1653 3224 1974 3277 quanquam
2011 3209 2165 3278 prior
2191 3210 2431 3280 syllaba.)
2470 3229 2505 3265 n
2541 3211 2749 3265 habere
2785 3208 2955 3262 debet
2988 3223 3101 3261 non
3129 3224 3187 3259 m

572 3303 641 3341 ne
679 3287 938 3344 similiter
976 3289 1134 3357 (corr.
1175 3287 1395 3358 similis)
1433 3288 1572 3342 duas
1610 3303 1731 3342 esse
1769 3303 1937 3342 uoces
1975 3289 2238 3344 ostendat
2275 3290 2322 3344 Ο

750 3375 777 3424 1
817 3367 1025 3424 diuidit
1060 3366 1208 3421 inter
1243 3366 1383 3421 duas
1420 3383 1585 3422 uoces
1623 3365 1704 3420 sic
1743 3383 2064 3437 quanquam
2101 3368 2257 3437 prior
2295 3368 2514 3437 syllaba.
2551 3368 2626 3421 Μ
2781 3375 2813 3422 3
2852 3370 3041 3422 careat
3075 3365 3194 3421 ΒΟ

676 3454 711 3500 4
747 3448 899 3503 haud
937 3448 1028 3503 olo
1065 3463 1165 3516 per
1200 3446 1238 3499 d
1274 3450 1426 3501 recte
1465 3445 1728 3500 scribitur
1767 3447 1844 3500 M
1877 3448 2030 3503 haud
2078 3448 2208 3503 dolo
2247 3448 2326 3502 sic
2362 3451 2514 3504 recte
2551 3448 2814 3504 scribitur
2853 3447 2990 3517 Gsp
3037 3447 3189 3502 haud

569 3525 699 3581 dolo
737 3527 817 3582 sic
854 3526 1069 3596 alioqui
1103 3528 1254 3581 recte
1283 3525 1544 3582 scribitur
1578 3523 1650 3577 Β.
1708 3527 1911 3581 rectius
1938 3532 2055 3582 erat
2091 3528 2206 3582 hau
2234 3528 2364 3583 dolo
2401 3544 2502 3597 per
2528 3545 2701 3581 unum
2728 3527 2766 3581 d
2800 3530 2953 3583 recte
2991 3528 3187 3583 scribi-

568 3608 687 3676 tur,
723 3609 839 3662 nisi
865 3607 1057 3677 potius
1091 3606 1245 3660 haud
1282 3606 1447 3661 aliter
1482 3603 1747 3671 seriptum
1783 3613 1933 3674 erat,
1970 3610 2115 3678 quod
2151 3625 2218 3662 ex
2258 3607 2489 3677 Veryilii
2514 3624 2673 3662 versu
2699 3607 2838 3663 Aen.
2871 3607 3089 3662 VIIII
3115 3613 3188 3662 65

574 3686 803 3742 Marius
850 3687 1167 3743 Victorinus
1203 3703 1264 3755 p.
1304 3691 1392 3754 15,
1439 3689 1516 3742 24
1573 3686 1885 3754 adscripsit.
1958 3688 2072 3742 hau
2120 3687 2304 3743 dicam
2350 3688 2480 3742 dolo
2535 3688 2733 3757 leyitm·
2781 3688 2972 3743 Plaut.
3028 3689 3186 3743 Trin.

573 3767 615 3818 Ι
647 3772 706 3834 2,
745 3772 817 3822 53
963 3765 1173 3823 etenim
1210 3797 1277 3806 —
1315 3764 1542 3820 bauscio
1582 3764 1766 3821 Narro
1803 3784 1903 3823 om.
1942 3770 2074 3839 Bp,
2111 3770 2238 3824 add.
2279 3769 2354 3822 M
2363 3767 2450 3826 Ος
2628 3768 2796 3822 debet
2831 3766 2961 3838 jesse
3000 3768 3048 3823 Ο

570 3850 602 3899 5
640 3847 867 3903 bauscio
907 3847 957 3904 Ο
985 3848 1129 3903 haut
1166 3846 1280 3902 scio
1322 3845 1395 3899 Μ
1428 3841 1654 3898 haustio
1693 3859 1727 3902 ς
1899 3855 1929 3903 7
1967 3849 2026 3903 in
2055 3849 2248 3919 priore
2284 3849 2396 3903 loco
2433 3864 2532 3903 om.
2567 3848 2642 3902 M
2807 3850 3088 3904 masculus
3128 3852 3186 3904 in

570 3924 938 3983 diminutione
973 3927 1089 3983 ΒΟ
1210 3927 1414 3996 putant
1450 3940 1551 3979 om.
1588 3922 1707 3978 ΒΟ
1828 3933 1860 3981 9
1898 3928 2212 3983 Pronomen
2247 3930 2501 3983 nostrum
2535 3945 2601 3982 ac
2640 3929 2892 3983 uestrum
2930 3928 2978 3983 si
3016 3928 3186 3998 scrip-

567 4008 696 4061 tura.
739 4006 1045 4063 diuidenda.
1088 4006 1166 4061 sit
1213 4004 1350 4059 ΜΒ
1366 4003 1425 4059 Ο.
1499 4022 1576 4059 an
1622 4005 1681 4059 in
1725 4007 2054 4076 pronomine
2099 4008 2350 4062 nostrum
2397 4024 2462 4063 ac
2515 4009 2764 4063 vestrum
2811 4007 2858 4061 si
2910 4007 3189 4077 scriptura.

570 4085 872 4143 dividenda
907 4087 1016 4142 sit?
1128 4094 1195 4143 10
1232 4085 1501 4156 quoniam
1538 4103 1564 4139 s
1603 4085 1855 4143 litteram
1893 4089 2147 4159 sequitur
2182 4088 2209 4140 t
2243 4089 2402 4142 muta
2436 4087 2554 4143 ΒΟ
2659 4092 2721 4141 11
2761 4086 2823 4141 in
2859 4085 3186 4155 diductione

562 4182 607 4234 p
644 4166 704 4220 in
740 4167 1073 4222 deductione
1113 4165 1246 4221 ΜΟ
1275 4166 1337 4219 in
1374 4163 1747 4221 declinatione
1783 4167 1841 4221 Β
1994 4169 2164 4226 debet
2201 4184 2317 4223 esse
2353 4167 2469 4223 ΒΟ
2619 4173 2684 4223 13
2724 4166 2881 4221 Tunc
2917 4168 3187 4239 temporis

571 4247 901 4303 eduerbium
935 4248 1058 4301 tum
1095 4245 1305 4300 ordinis
1335 4245 1490 4299 Sleto
1530 4246 1731 4313 (soetoi
1767 4249 1817 4316 c)
1856 4250 1943 4302 est
1977 4251 2112 4302 tunc
2150 4248 2382 4302 anteton
2418 4253 2449 4301 e
2486 4264 2633 4302 nunc
2664 4246 2854 4302 Soetoi
2891 4264 3024 4303 uero
3061 4250 3185 4302 tum

569 4323 802 4382 anteton
847 4330 935 4383 est
980 4343 1106 4381 cum
1152 4325 1246 4380 uel
1292 4342 1466 4393 quum
1509 4323 1566 4377 Β
1576 4341 1604 4378 c
1648 4326 1806 4380 Tunc
1849 4327 2120 4398 temporis
2165 4326 2493 4382 aduerbium
2545 4330 2669 4382 tum
2707 4326 2916 4382 ordinis
2953 4325 3187 4389 caum.

571 4407 610 4461 C
646 4411 782 4463 tunc
819 4406 1153 4461 attietonem
1190 4420 1337 4458 nunc
1374 4403 1556 4466 .Εὸ.Ν.
1596 4404 1741 4471 Quin
1781 4406 1830 4461 Ο
2037 4405 2163 4477 τοῦ]
2205 4407 2502 4463 ΕωΝΤωΥ
2539 4412 2768 4477 utroque
2803 4407 2918 4461 loco
2959 4408 3034 4461 Μ

575 4492 640 4541 15
677 4486 946 4557 temporis
984 4487 1071 4541 est
1104 4484 1221 4540 ΒΟ
1364 4490 1429 4539 16
1468 4484 1637 4538 modo
1674 4491 1802 4542 ante
1837 4485 1985 4541 facio
2023 4502 2124 4541 om.
2161 4485 2278 4541 ΒΟ
2407 4487 2477 4542 'et
2510 4486 2829 4557 praesentia.
2862 4485 3187 4556 putauerint

574 4569 648 4622 M
655 4565 774 4622 ΒΟ
813 4566 874 4620 in
920 4562 1241 4636 praesentia
1284 4565 1631 4635 putauerunt
1675 4579 1709 4622 ς
1893 4570 1955 4619 18
2004 4564 2224 4620 Circum
2270 4566 2342 4621 ad
2387 4566 2571 4621 locum
2612 4568 2758 4636 (loca
2795 4566 2891 4636 Μ’)
2930 4565 3078 4620 circa
3114 4564 3189 4620 ad

569 4649 792 4716 tempus
832 4647 905 4702 Μ
910 4646 1005 4700 Bc
1040 4645 1188 4700 circa
1224 4644 1297 4698 ad
1332 4646 1519 4700 locum
1557 4642 1767 4699 circum
1802 4645 1878 4699 ad
1912 4648 2135 4715 tempus
2174 4646 2223 4702 Ο
2347 4652 2412 4701 19
2452 4647 2541 4700 ΚΥ
2544 4644 2730 4707 ΚὸΛω
2760 4644 2836 4698 Μ
2870 4642 3102 4705 mmo)
3131 4644 3188 4698 Β

567 4726 850 4798 circaisse]
890 4727 1114 4782 ciream
1149 4724 1205 4777 B
1243 4725 1480 4780 circasse
1520 4725 1568 4780 Ο
1707 4730 1776 4779 20
1815 4725 2102 4796 superant]
2166 4725 2321 4795 Ver-9.
2359 4725 2498 4780 Aen.
2540 4726 2624 4778 II
2657 4729 2770 4780 219
2951 4729 3014 4777 21
3056 4722 3188 4778 altis

571 4805 797 4875 egressi.
869 4808 1013 4861 Item
1058 4808 1326 4874 superant
1367 4804 1505 4860 130:
1564 4804 1719 4873 Very.
1765 4804 1906 4860 Aen.
1961 4804 2180 4859 VIIII
2223 4809 2335 4860 312
2517 4801 2845 4857 transiliunt
2892 4803 2966 4855 M
3007 4804 3189 4858 trans-

572 4886 707 4938 eunt
743 4884 798 4949 B
814 4885 859 4938 G
