3613 5528
1372 397 1469 454 DE
1509 398 2082 457 onmoeRAPmA
2771 382 2779 391 '
2946 408 3034 474 43

423 587 547 641 erat
591 578 873 641 adnotare
931 579 1137 641 eadem
1184 600 1332 662 quae
1370 581 1620 645 Vrsinus
1657 584 1843 648 edidit
1880 596 2016 649 ante
2054 607 2192 651 eum
2228 591 2465 652 inventa
2501 593 2564 652 in
2601 610 2779 654 manu
2817 596 3039 675 scripto

422 685 571 748 libro
607 685 742 768 legi.
808 695 1119 768 praeterea
1158 692 1358 751 curavi
1394 700 1462 752 ut
1499 691 1641 772 quid
1661 673 1712 753 'a
1749 698 2132 774 grammatico
2170 696 2243 758 de
2287 697 2499 760 iisdem
2549 698 2731 761 rebus
2783 701 3034 762 diversis

422 792 565 855 locis
601 794 969 876 disputatum
1006 805 1184 880 esset,
1229 798 1288 860 id
1327 800 1487 880 quod
1526 819 1699 881 saepe
1739 803 1962 865 sactum
1999 812 2109 887 est,
2155 806 2608 884 significaretur.
2675 825 2748 867 ex
2786 807 3037 869 aliorum

422 909 617 967 autem
670 907 1190 982 grammaticorum
1242 904 1389 968 locis
1444 925 1547 968 eos
1602 910 1705 988 qui
1759 910 1832 970 ad
1877 909 2065 990 Longi
2109 920 2423 992 praecepta
2487 912 2883 994 intellegenda
2938 915 3031 976 vel

423 1008 491 1069 ad
545 1008 722 1071 verba
779 1011 1143 1073 emendanda
1197 995 1448 1076 maxime
1502 1015 1884 1095 pertinebant
1937 998 2204 1079 indicavi.
2278 1026 2547 1111 ceterum
2593 1019 2752 1100 quod
2799 1020 2872 1081 ab
2922 1020 3033 1082 hac

423 1115 795 1178 adnotatione
852 1117 1307 1201 discrepantiam
1352 1121 1729 1183 Parrhasiani
1787 1123 2010 1185 codicis
2066 1128 2361 1207 separavi,
2415 1126 2560 1188 illud
2617 1145 2758 1188 sane
2813 1129 3034 1188 incom-

423 1223 659 1285 modum
704 1225 928 1309 habuit,
975 1227 1133 1307 quod
1182 1246 1300 1289 non
1348 1228 1553 1313 solumx
1586 1228 1768 1292 multa
1817 1249 1967 1311 quae
2013 1219 2240 1312 pariter
2285 1242 2567 1313 corrupta
2612 1241 2674 1295 et
2717 1236 2780 1295 in
2828 1235 3030 1296 codice

422 1339 483 1392 et
524 1332 588 1391 in
632 1333 903 1413 principe
950 1333 1207 1395 editione
1254 1333 1535 1414 leguntur
1578 1329 1682 1417 {bis
1737 1338 2011 1417 ponenda
2070 1346 2266 1420 erant,
2321 1339 2426 1399 sed
2482 1341 2659 1401 etiam
2714 1341 2857 1421 quid
2912 1344 3039 1421 ipse

424 1437 886 1522 emendaverim,
952 1440 1094 1520 quid
1168 1440 1239 1502 ab
1306 1441 1434 1504 aliis
1499 1446 1831 1524 receperim
1897 1446 2093 1506 minus
2153 1446 2321 1507 facile
2379 1448 2759 1530 perspicitur.
2833 1466 3042 1509 verum

423 1553 616 1607 tamen
661 1548 724 1607 in
769 1553 891 1608 tam
937 1556 1218 1629 corrupta
1263 1548 1401 1611 libri
1447 1553 1771 1635 scriptura,
1831 1553 2003 1613 cuius
2050 1555 2241 1614 omnis
2287 1556 2609 1616 auctoritas
2656 1574 2775 1617 uno
2823 1555 3027 1617 codice

422 1655 846 1736 contineretur,
892 1655 1036 1718 utile
1083 1675 1216 1717 esse
1262 1657 1516 1719 iudicavi
1563 1677 1762 1720 veram
1810 1668 1986 1740 atque
2033 1662 2323 1740 integram
2368 1660 2640 1724 lectionis
2685 1664 3032 1725 memoriam

425 1779 533 1839 per
578 1779 641 1822 se
687 1763 938 1841 positam
986 1762 1321 1843 legentibus
1368 1775 1836 1846 repraesentare.

598 1852 682 1928 lJe
730 1871 858 1949 ipso
905 1869 1056 1931 libro
1101 1891 1289 1952 pauca
1337 1874 1544 1935 dicam.
1617 1873 1846 1935 Velium
1883 1873 2153 1953 Longum
2199 1876 2381 1954 igitur
2428 1875 2655 1937 Gellius
2701 1884 2821 1937 tam
2859 1870 3036 1955 quam

426 1991 564 2034 suae
610 1978 819 2037 aetatis
864 1982 1312 2057 grammaticum
1358 1979 1450 2041 vel
1509 1999 1628 2042 non
1676 1979 1862 2041 multo
1910 1982 2310 2063 superiorem,
2354 1991 2422 2043 ut
2468 1983 2728 2064 videtur,
2783 2000 3039 2043 comme·

423 2084 669 2143 moravit
726 2091 881 2145 noct.
931 2093 1030 2147 att.
1077 2085 1262 2148 XVIII
1309 2083 1371 2168 9,
1415 2086 1485 2170 4,
1540 2093 1698 2150 alter
1753 2097 1956 2150 autem
2011 2091 2110 2150 ille
2175 2090 2478 2150 eruditior
2532 2092 2689 2151 nihil
2744 2091 3041 2162 mendum,

422 2192 532 2250 sed
575 2200 745 2252 recte
790 2199 972 2267 atque
1018 2198 1256 2269 inteyre
1300 2198 1595 2272 scriptum
1642 2214 1771 2256 esse
1808 2195 2248 2271 perseverabat
2294 2202 2354 2255 et
2412 2196 2574 2258 Velio
2621 2196 2855 2272 Lonyo,
2911 2214 3032 2257 non

424 2301 649 2360 homini
693 2301 961 2374 indocte,
1001 2302 1187 2373 fidem
1234 2319 1363 2362 esse
1406 2303 1776 2377 habendam,
1833 2304 1942 2376 qui
1984 2304 2047 2362 in
2094 2306 2541 2379 commentario,
2588 2306 2754 2378 quod
2789 2302 3038 2379 fecisset

425 2406 498 2465 de
524 2423 639 2465 usu
668 2409 959 2481 antiquae
1004 2411 1294 2485 lectioniS,
1340 2412 1662 2486 scripserit
1704 2427 1826 2470 non
1865 2403 2160 2484 ‘inseque'
2199 2412 2372 2487 apud
2397 2410 2660 2471 Ennium
2698 2412 3036 2485 leyendum,

425 2514 535 2574 sed
577 2506 842 2574 ‘insece'.
918 2512 1131 2575 deinde
1179 2513 1333 2594 apud
1384 2514 1714 2576 Charisium
1762 2517 2000 2595 saepius
2060 2518 2190 2576 eius
2245 2518 2498 2576 mentio·
2525 2509 2676 2577 sacta
2732 2525 2849 2578 est:
2907 2536 3040 2578 nam

428 2627 487 2678 et
539 2619 612 2679 de
666 2618 1081 2699 inaequalitate
1137 2619 1520 2681 derivationis
1575 2620 1809 2682 libellus
1866 2623 2083 2682 citatur
2128 2641 2183 2701 p.
2231 2619 2347 2703 93,
2393 2619 2474 2684 31
2536 2626 2674 2685 item
2730 2641 2867 2685 cum
2923 2627 3045 2684 sint

438 2726 596 2787 Titus
657 2735 717 2788 et
771 2731 947 2805 lupus
1001 2731 1258 2802 similia,
1315 2730 1583 2789 thermas
1646 2728 1877 2789 Titinas
1938 2735 2006 2789 ut
2056 2733 2243 2805 pelles
2300 2733 2541 2807 lupinos
2598 2749 2716 2792 non
2773 2733 3046 2806 dicimus,

427 2837 536 2894 sed
583 2834 872 2894 Titianus,
948 2838 1024 2896 de
1069 2827 1192 2910 q'ua
1237 2839 1589 2910 quaestione
1634 2853 1675 2895 a
1736 2836 1898 2897 Velio
1946 2837 2153 2911 Lonqo
2200 2838 2435 2899 libellus
2490 2841 2757 2915 scriptus
2814 2846 2927 2913 est,
2986 2845 3046 2896 et

431 2941 888 3001 commentarius
943 2943 1005 3001 in
1061 2940 1301 3022 Vergilii
1356 2940 1676 3003 Aeneidem
1732 2961 1787 3022 p.
1843 2939 1992 3023 113,
2036 2940 2138 3004 29.
2201 2937 2360 3024 175,
2410 2938 2508 3003 14.
2567 2939 2727 3025 210,
2777 2940 2834 3023 7,
2890 2960 3042 3021 quae

432 3048 622 3106 omnia
669 3044 817 3107 Iulio
864 3047 1129 3109 Romano
1193 3058 1436 3110 auctore
1493 3067 1525 3109 a
1582 3047 1850 3109 Charisio
1906 3049 2090 3110 relata
2144 3067 2275 3110 esse
2330 3056 2495 3128 puto.
2588 3057 2903 3128 excerptae
2970 3066 3044 3108 ex

432 3151 636 3213 eodem
683 3158 1108 3217 commentario
1147 3156 1558 3218 adnotationes
1604 3155 1885 3234 leguntur
1920 3158 1981 3215 in
2024 3154 2263 3216 scholiis
2299 3153 2741 3224 Veronensibus
2784 3163 2844 3215 et
2882 3153 3040 3234 apud

433 3258 702 3321 Servium
746 3263 810 3322 in
858 3260 1026 3342 Verg.
1074 3264 1215 3324 Aen.
1253 3262 1308 3323 X
1354 3260 1485 3325 245
1523 3270 1584 3324 et
1627 3261 1994 3324 Macrobium
2040 3269 2265 3324 saturn.
2312 3261 2392 3321 111
2440 3259 2500 3336 6,
2549 3258 2618 3323 6:
2665 3262 2738 3322 cs.
2777 3258 3042 3321 Ribbeck

430 3365 574 3445 prol.
620 3370 682 3428 in
730 3342 943 3449 Vergil.
990 3389 1046 3450 p.
1101 3364 1326 3452 169.*)
1410 3369 1561 3430 libro
1618 3369 1692 3429 de
1750 3368 2168 3449 orthographia
2224 3386 2370 3430 usus
2427 3375 2519 3429 est
2571 3367 2922 3448 Papirianus
2980 3368 3044 3427 in

431 3478 722 3555 excerptis
769 3476 1153 3558 Cassiodorii,
1210 3479 1313 3558 qui
1358 3494 1573 3538 nomen
1621 3478 1990 3556 grammatici
2037 3475 2348 3556 appellavit
2393 3495 2448 3555 p.
2497 3471 2690 3536 2292.
2773 3471 3042 3534 eiusdem

432 3579 564 3642 libri
609 3591 888 3664 excerpta
935 3582 1346 3644 Cassiodorius
1392 3592 1528 3664 post
1574 3590 1854 3663 excerpta
1901 3582 2152 3643 Cornuti
2197 3584 2414 3662 posuit.

604 3689 671 3749 In
740 3689 1158 3771 orthographia
1223 3699 1422 3752 autem
1487 3690 1792 3752 tractanda
1857 3690 2096 3770 Longus
2161 3688 2350 3751 simile
2416 3687 2728 3749 consilium
2795 3696 3038 3749 secutus

431 3804 605 3876 atque
672 3796 934 3858 Scaurus
993 3817 1024 3858 a
1089 3805 1381 3877 potestate
1447 3797 1781 3858 litterarum
1844 3798 2081 3857 initium
2146 3795 2485 3875 disputandi
2549 3795 2706 3856 fecit.
2798 3796 2860 3855 in
2926 3812 3039 3873 qua

432 3901 826 3982 disputatione
872 3907 1190 3985 praecipue
1239 3906 1312 3966 de
1361 3907 1434 3966 iis
1478 3904 1713 3985 litteris,
1737 3906 1822 3964 -in
1870 3902 2087 3983 quibus
2124 3904 2374 3963 maxime
2423 3904 2805 3981 quaestiones
2841 3900 3039 3961 ortho-

434 4008 794 4089 graphorum
838 3999 1169 4094 versantur,
1217 4011 1290 4073 de
1338 4014 1358 4072 i
1397 4019 1457 4072 et
1504 4031 1561 4092 u,
1608 4010 1681 4070 de
1730 4009 1947 4071 litteris
1993 4008 2330 4089 duplicibus
2375 4027 2412 4069 x
2460 4016 2520 4069 et
2565 4029 2614 4091 z,
2661 4007 2733 4069 de
2780 4007 2838 4089 h,
2884 4006 2957 4067 de
3004 4024 3037 4065 c

435 4124 494 4174 et
535 4115 572 4176 k
620 4126 680 4176 et
726 4137 765 4197 q
811 4118 1026 4178 litteris
1082 4121 1381 4198 copiosius
1426 4118 1726 4178 disseruit.
1802 4117 1942 4177 hinc
1990 4116 2062 4177 ad
2110 4111 2523 4195 ‘quaestiones
2571 4111 3040 4195 quaeincidunt

609 4307 660 4376 ⁸)
694 4306 784 4360 Ad
822 4308 1288 4362 commentarium
1324 4306 1383 4361 in
1421 4303 1663 4377 Vergilii
1698 4305 2009 4360 Aeneidem
2047 4321 2115 4360 ea.
2153 4322 2374 4374 quoque
2411 4304 2708 4360 referenda
2735 4305 2865 4359 sunt
2902 4319 3044 4371 quae

434 4386 491 4441 in
528 4387 755 4443 scholiis
793 4387 866 4442 ad
905 4386 1045 4442 Stat.
1082 4386 1287 4442 Achill.
1328 4387 1378 4441 11
1417 4393 1480 4440 41
1521 4404 1577 4456 p.
1616 4391 1718 4439 441
1759 4385 1848 4440 ed.
1884 4385 2185 4441 Lindenbr.
2226 4388 2489 4456 corrupto
2538 4384 2785 4439 auctoris
2822 4381 3047 4436 nomine

439 4467 505 4521 de
540 4467 718 4523 Pholo
758 4470 1025 4522 centauro
1064 4467 1274 4537 scripta
1311 4466 1580 4533 feruntur,
1620 4464 1668 4519 si
1695 4465 1866 4519 modo
1896 4481 2091 4519 verum
2119 4462 2179 4518 in
2205 4464 2294 4518 his
2324 4468 2411 4518 est
2438 4462 2588 4519 Velii
2615 4461 2794 4532 Longi
2821 4477 3044 4528 nomen,

437 4546 609 4617 aliqui
641 4549 834 4603 dicunt
868 4549 1012 4618 quod
1048 4565 1167 4602 eum
1202 4546 1469 4601 Hercules
1503 4546 1705 4601 occidit
1739 4553 2018 4614 susceptus
2054 4546 2125 4599 ab
2162 4562 2221 4600 eo
2255 4545 2505 4614 hospitio.
2587 4541 2773 4597 Velius
2806 4539 3050 4612 [Asper]

438 4626 660 4698 Lonyus
714 4628 973 4683 Pholum·
1002 4629 1175 4683 tradit
1229 4629 1488 4682 adversm
1533 4632 1817 4681 cevttawros
1862 4626 1931 4678 ab
1979 4624 2218 4680 Hercule
2263 4626 2542 4691 adiutum,
2589 4638 2711 4676 cum
2756 4620 3049 4675 Herculem

437 4709 709 4779 recepisset
715 4730 738 4777 ;
773 4708 951 4777 Asper
988 4710 1178 4777 tradit,
1215 4711 1347 4764 dum
1384 4709 1616 4779 sapidas
1651 4705 1912 4760 Herculis
1947 4710 2140 4774 stupet,
2177 4705 2274 4773 qui
2309 4709 2386 4758 tot
2424 4702 2723 4757 Centauros
2759 4702 3046 4768 occiderat,

439 4804 604 4842 unam
639 4804 707 4843 ex
732 4788 847 4842 illis
882 4790 945 4843 in
971 4790 1163 4859 pedem
1199 4790 1466 4854 cecidisse,
1505 4787 1664 4841 cuius
1697 4787 1920 4841 vulnere
1946 4784 2140 4838 sanari
2167 4800 2278 4838 non
2306 4784 2507 4853 potuit.
2572 4799 2704 4837 nam
2734 4797 2860 4836 eam
2888 4781 3051 4836 fabu-

440 4865 550 4920 lam
584 4866 921 4936 interpretes
958 4867 1198 4939 Vergilii
1232 4868 1573 4923 rettulerunt
1608 4865 1669 4920 in
1703 4865 1841 4923 Aen.
1881 4863 2012 4919 VIII
2049 4869 2173 4918 294.
