3613 5528
616 446 747 512 362
1751 451 2067 508 AVDACIS

498 535 510 546 ⁶
618 561 659 598 p.
686 552 735 589 41
768 550 825 589 H.

615 653 749 695 cum
790 639 931 697 satis
970 639 1047 696 sit
1081 634 1279 697 dicere
1318 635 1493 715 legite
1524 681 1538 697 .
1570 636 1936 698 detractione
1976 637 2231 719 litterae,
2274 648 2339 699 ut
2376 638 2672 699 nutribam
2703 657 2811 720 pro
2841 636 3175 699 nutriebam
3197 685 3211 698 .

616 741 941 803 adiectione
979 742 1229 823 syllabae
1269 745 1336 805 lit
1372 742 1788 824 barbarismus,
1828 754 1894 804 ut
1931 746 2117 824 siquis
2153 745 2309 806 dicat
2346 746 2615 826 prandidi
2654 764 2763 825 pro
2800 745 3027 827 prandi,
3073 748 3210 825 quia

614 866 943 928 pransurus
991 851 1155 924 lacit,
1205 869 1320 911 non
1368 851 1789 944 pranditurus3
1831 870 1962 912 nam
2012 869 2161 930 quae
2208 854 2268 911 in
2307 855 2630 931 praeterito
2667 855 2957 932 geminata
2995 851 3209 931 syllaba

616 958 1031 1039 proferuntur,
1079 960 1136 1017 in
1186 959 1495 1036 participio
1543 977 1779 1037 quoque
1830 960 2014 1019 futuri
2063 960 2347 1038 temporis
2393 959 2637 1020 eandem
2680 960 2922 1039 syllbam
2960 967 3213 1040 servant,

615 1074 681 1124 ut
736 1064 948 1124 tradidi
1003 1065 1358 1146 traditurus,
1413 1064 1639 1125 reddidi
1700 1065 2042 1127 redditurus
2100 1114 2113 1127 .
2170 1065 2534 1127 detractione
2591 1066 2871 1149 syllabae,
2927 1075 2994 1128 ut
3046 1066 3209 1126 verbi
3267 1070 3291 1108 ⁵

612 1172 797 1248 gratia
847 1189 1089 1231 currum
1147 1190 1255 1251 pro
1303 1190 1587 1233 curruum
1636 1220 1650 1234 .
1698 1175 1839 1233 item
1895 1175 2283 1234 inmutatione
2347 1173 2604 1248 litterae,
2669 1182 2737 1236 ut
2790 1174 2889 1235 olli
2949 1192 3054 1254 pro
3110 1173 3214 1255 illi,

615 1296 884 1338 maxume
939 1267 1048 1359 pro
1112 1281 1357 1340 maxime
1406 1327 1419 1341 .
1466 1281 1855 1340 inmutatione
1914 1280 2193 1360 syllabae,
2250 1293 2315 1340 ut
2371 1291 2495 1342 tum
2553 1300 2660 1361 pro
2729 1291 2898 1362 tunc,
2963 1280 3212 1342 relicum

612 1403 722 1464 pro
791 1385 1019 1465 reliquo
1080 1433 1092 1445 .
1151 1387 1639 1445 transmutatione
1706 1384 1963 1465 litterae,
2029 1396 2095 1446 ut
2153 1407 2187 1443 *
2242 1390 2733 1449 transmutatione
2801 1387 3082 1469 syllabae,
3147 1396 3214 1448 ut

615 1492 922 1572 displicina
997 1510 1105 1572 pro
1180 1491 1486 1572 disciplina
1552 1539 1565 1552 .
1633 1491 1962 1553 adiectione
2038 1495 2348 1575 temporis»,
2430 1503 2499 1555 ut
2580 1490 2918 1555 ‘exercet
2998 1494 3211 1555 Diana

614 1595 939 1661 chorum'
985 1621 1000 1661 :
1058 1599 1342 1680 producta
1400 1601 1555 1660 euim
1613 1598 1670 1659 di
1728 1601 2062 1677 geminatur
2118 1608 2352 1679 tempus
2408 1599 2689 1682 syllabae,
2745 1620 2883 1662 cum
2937 1612 3212 1682 correpte
3243 1605 3294 1643 ¹⁰

614 1706 793 1768 Diana
856 1707 972 1768 dici
1026 1706 1237 1768 debeat
1284 1753 1297 1768 .
1345 1706 1708 1767 detractione
1766 1710 2078 1787 temporiS,
2143 1718 2209 1768 ut
2265 1711 2315 1768 si
2371 1708 2634 1769 dicamus
2691 1716 2963 1789 correpta
3019 1709 3210 1769 media

614 1813 828 1893 syllaba
885 1821 1182 1894 emerunt,
1247 1832 1381 1874 cum
1448 1813 1731 1893 producta
1789 1822 2061 1875 emerunt
2114 1814 2232 1874 dici
2288 1814 2499 1875 debeat
2553 1863 2567 1875 .
2623 1815 2894 1877 similiter
2948 1834 3056 1895 per
3112 1815 3210 1876 ad-

612 1923 991 2001 spirationem
1040 1924 1212 1981 etiam
1261 1922 1327 1982 fit
1371 1920 1799 2003 barbarismuS,
1854 1921 1994 1982 dum
2051 1932 2153 1983 aut
2198 1921 2450 1983 adicitur
2505 1921 2570 2004 h,
2624 1922 2727 1983 ubi
2783 1941 2901 1983 uon
2957 1931 3212 2004 oportet,

612 2037 711 2089 aut
776 2029 1133 2109 detrahitur,
1199 2026 1300 2088 ubi
1363 2047 1495 2088 esse
1552 2039 1812 2111 oportet,
1879 2028 2033 2108 quod
2105 2031 2305 2090 vitium
2371 2032 2656 2110 scriptum
2713 2031 3038 2092 invenitur:
3100 2049 3211 2110 per

611 2138 999 2199 adiectionem
1040 2137 1479 2217 adspirationis,
1528 2145 1592 2198 ut
1640 2139 1827 2216 siquis
1873 2135 2101 2198 dicat*
2139 2155 2383 2198 onorem
2431 2155 2539 2216 pro
2585 2137 2810 2197 honore
2858 2146 2960 2198 aut
3006 2156 3209 2199 umum
3241 2138 3290 2178 ¹⁵

610 2264 719 2324 pro
782 2244 962 2305 humo
1029 2293 1042 2306 .
1109 2254 1354 2305 accentu
1430 2245 1494 2303 flt
1568 2243 1999 2325 barbarismus,
2071 2262 2207 2305 cum
2272 2252 2374 2305 aut
2438 2251 2647 2304 acutus
2713 2262 2820 2324 pro
2886 2246 3047 2323 gravi
3111 2253 3212 2306 aut

610 2353 803 2431 gravis
840 2370 948 2431 pro
986 2358 1159 2412 acuto
1207 2350 1294 2411 vel
1343 2350 1490 2411 alius
1537 2368 1645 2430 pro
1692 2350 1957 2430 quolibet
2001 2352 2269 2432 ponitur,
2316 2359 2382 2410 ut
2426 2352 2478 2410 si
2523 2348 2684 2411 dicas
2722 2349 2991 2412 Metellus
3037 2360 3211 2413 acuto

611 2468 859 2520 accentu
908 2462 969 2518 in
1018 2459 1232 2539 prima,
1300 2476 1434 2518 cum
1483 2459 1541 2518 in
1591 2457 1848 2518 secunda
1897 2460 1974 2519 sit
2020 2465 2229 2518 acutus
2276 2465 2583 2539 accentus»,
2649 2460 2708 2518 in
2767 2460 2953 2538 prima
3000 2459 3210 2537 gravis,

789 2564 1199 2626 Barbarismus
1248 2563 1406 2625 nullo
1457 2563 1628 2624 modo
1674 2567 1946 2625 excusari
1993 2560 2232 2645 potest?
2305 2566 2534 2625 Potest:
2580 2566 2631 2624 si
2668 2566 2825 2625 enim
2864 2583 2970 2643 per
3007 2567 3210 2645 inpru-

612 2672 870 2734 dentiam
910 2674 1033 2752 fiat,
1072 2673 1277 2732 vitium
1317 2681 1434 2753 est3
1473 2674 1524 2731 si
1561 2690 1592 2731 a
1631 2673 1850 2752 poetiS,
1888 2673 2077 2733 virtus
2114 2671 2491 2753 elocutionis,
2539 2679 2600 2732 et
2636 2670 2964 2751 appellatur
2998 2690 3209 2751 graece
3239 2673 3293 2712 ²⁰

612 2780 1045 2861 metaplasmus,

792 2962 815 3007 1
860 2953 1204 3009 detractione
1249 2955 1315 3008 fit
1358 2951 1641 3007 nutribam
1681 2953 1757 3007 M
1914 2959 1947 3006 2
1986 2952 2244 3007 sillabam
2282 2951 2357 3006 M
2515 2959 2547 3007 3
2587 2968 2697 3007 non
2740 2952 3097 3021 pranditurus
3140 2951 3215 3005 M

611 3049 721 3087 non
758 3032 1173 3102 prandiditurus
1210 3031 1267 3085 B
1409 3038 1441 3086 5
1478 3030 1712 3103 tradidi]
1751 3032 1984 3087 tradidit
2017 3031 2161 3084 ΒΜ
2188 3075 2199 3086 .
2228 3048 2368 3100 quae
2401 3037 2704 3100 sequuntur
2739 3049 2905 3102 usque
2941 3032 3017 3086 ad
3051 3032 3211 3098 finem

611 3113 742 3167 libri
767 3115 831 3167 in
856 3113 1129 3168 Ber-nemi
1154 3114 1333 3169 codice
1358 3114 1567 3182 scripta
1592 3128 1706 3167 nou
1731 3118 1863 3167 emit
2003 3109 2245 3181 reddidi]
2274 3109 2433 3165 reddi
2456 3111 2530 3164 Μ
2669 3113 2735 3165 ut
2760 3128 2905 3181 quae
2932 3110 3118 3181 gratia
3141 3112 3216 3165 Μ

718 3200 749 3248 6
790 3194 1035 3265 currum]
1094 3186 1251 3248 cdrru
1293 3193 1366 3247 M
1527 3199 1556 3247 7
1597 3192 1872 3247 maximae
1922 3208 2021 3262 pro
2069 3189 2295 3245 maximi
2336 3189 2409 3243 M
2568 3191 2726 3261 tunc]
2773 3194 2909 3245 tuno
2963 3190 3038 3243 M
3178 3197 3211 3244 8

610 3273 1004 3328 transmutatio
1060 3273 1246 3328 littere
1300 3275 1367 3326 ut
1416 3273 1806 3328 transmutatio
1866 3271 2100 3327 sillabae
2154 3273 2220 3325 ut
2274 3268 2571 3340 disciplina
2624 3286 2725 3339 pro
2782 3268 3083 3339 disciplina
3140 3269 3218 3323 M

612 3354 885 3418 lacunam,
931 3369 1043 3422 qua
1087 3352 1386 3421 exemplum
1441 3354 1921 3408 transmutationis
1971 3353 2182 3407 litterae
2235 3350 2463 3414 excidit,
2516 3349 2764 3403 indicavi
2915 3355 2947 3404 9
2993 3350 3217 3405 exercet

612 3433 793 3486 chana
831 3433 907 3485 M
913 3453 930 3485 .·
977 3430 1132 3500 Vero.
1170 3431 1307 3487 Aen.
1349 3433 1391 3485 I
1425 3436 1533 3487 499
1681 3440 1748 3487 10
1785 3432 2128 3503 geminatum
2171 3431 2245 3484 M
2384 3429 2565 3484 chana
2599 3429 2678 3483 ¹M
2820 3435 2884 3484 12
2922 3447 3025 3499 pro
3061 3431 3211 3501 aspi·

612 3512 844 3567 rationis
880 3511 1129 3566 litteram
1169 3511 1233 3564 fit
1269 3510 1341 3565 M
1485 3520 1546 3566 13
1585 3514 1717 3567 dum
1757 3515 1925 3567 acuta
1960 3511 2163 3566 dicitur
2199 3510 2237 3563 h
2277 3509 2352 3563 Μ
2494 3514 2559 3562 15
2596 3507 2749 3563 dicat
2794 3509 3060 3566 honorem
3111 3528 3212 3581 pro

611 3594 879 3647 honorem
915 3594 1015 3646 aut
1050 3591 1281 3644 humum
1319 3609 1419 3661 pro
1462 3594 1632 3648 humo
1663 3594 1734 3647 M
1763 3634 1774 3644 .
1806 3594 2091 3657 lacunam,
2128 3609 2239 3661 qua
2274 3591 2516 3660 exempla
2543 3591 2786 3646 adiectae
2813 3591 3213 3660 adspirationis

611 3673 951 3738 exciderunt,
989 3672 1237 3727 indicavi
1382 3679 1445 3727 16
1485 3676 1775 3729 accentum
1821 3673 1894 3726 Μ
2037 3678 2099 3727 17
2139 3688 2240 3741 pro
2278 3670 2568 3739 quodlibet
2599 3671 2674 3724 M
2813 3674 2981 3726 acuta
3009 3673 3212 3726 acentu

609 3752 793 3822 prima
822 3752 897 3805 M
1040 3755 1103 3805 18
1140 3751 1199 3805 in
1235 3751 1352 3806 ima
1387 3752 1575 3821 grauis
1608 3752 1681 3806 M
1826 3758 1890 3806 19
1927 3752 2178 3807 excusari
2203 3752 2407 3822 potest.
2462 3751 2509 3805 si
2538 3750 2688 3805 enim
2718 3751 2794 3804 M
2931 3755 2996 3803 21
3036 3752 3214 3805 meta-

610 3832 829 3902 plasma
867 3832 942 3886 M
