3613 5528
630 387 770 450 300
1811 388 2062 443 ALBINI

629 500 672 537 p.
701 487 822 528 2⁸33.
851 488 907 528 ³4
932 488 982 526 P.

625 590 655 631 a
703 571 1051 634 declinando
1096 591 1205 652 per
1242 591 1275 633 e
1324 570 1623 635 scribitur.
1699 573 1896 654 Calvo,
1941 572 1999 634 id
2049 581 2143 634 est
2186 573 2444 653 decipio,
2491 592 2600 653 per
2637 592 2668 633 v
2709 573 3089 635 scribendum
3127 585 3236 653 est,

622 678 768 738 calvi
815 678 1145 740 secundum
1190 677 1454 759 regulam
1500 677 1679 739 dehe't
1725 680 1951 760 facere,
1999 687 2060 740 et
2107 679 2321 740 exinde
2370 680 2662 741 calumnia
2708 680 3024 741 derivatur.

812 784 893 844 De
948 788 1307 866 praepositio
1364 794 1466 845 aut
1530 785 1700 864 plena
1768 788 1832 846 in
1896 785 2408 867 conpositionibus
2468 788 2738 867 ponitur,
2814 794 2880 846 ut
2942 785 3235 847 deducere

623 891 1029 954 demonstrare
1068 892 1418 972 ‹letrudere3
1460 900 1561 952 aut
1599 895 1989 972 correptione
2026 913 2058 953 e
2097 893 2329 955 litterae
2367 895 2801 974 corrumpitur,
2839 902 2906 953 ut
2941 892 3238 954 deorsum.

622 1015 754 1058 nam
797 999 1033 1079 quando
1070 1017 1103 1062 e
1151 999 1345 1060 littera
1392 1001 1452 1059 in
1491 1001 1512 1059 i
1557 1002 1798 1080 transit,
1846 1008 1913 1060 ut
1950 994 2173 1082 (Vera.
2212 1004 2358 1062 Aen.
2407 1003 2459 1059 V
2489 993 2650 1083 839)
2698 996 2894 1060 ‘aera
2941 1000 3289 1062 dimovit⁶

623 1104 1083 1167 tenebrosum
1134 1115 1202 1167 et
1257 1105 1567 1186 dispulit
1624 1102 1963 1183 umbras',
2019 1126 2139 1168 non
2195 1116 2288 1168 est
2334 1128 2366 1169 a
2414 1109 2851 1188 praepositione
2898 1107 3000 1189 de,
3055 1107 3160 1168 sed
3206 1128 3238 1168 a

622 1210 740 1292 dis,
780 1221 846 1274 ut
881 1212 1145 1273 distraho
1182 1211 1518 1292 dispertior.
1594 1213 1882 1295 disertuS,
1922 1214 2245 1295 eloquenS,
2279 1233 2391 1295 per
2428 1215 2513 1295 di3
2561 1214 2862 1292 desertus,
2898 1212 3239 1294 derelictuS,

624 1335 732 1396 per
777 1317 868 1378 de.
943 1317 1171 1380 delator
1219 1321 1320 1398 qui
1367 1318 1563 1380 defert
1608 1320 1677 1380 ad
1726 1320 2127 1382 accusandum
2174 1339 2282 1400 per
2329 1322 2402 1382 de
2449 1322 2975 1401 praepositionem3
3027 1319 3239 1381 dilator

623 1441 731 1503 per
787 1423 847 1484 di
901 1427 1425 1504 praepositionem,
1483 1444 1620 1487 cum
1679 1426 1913 1487 tardare
1969 1427 2278 1506 significat.
2360 1426 2572 1508 deluit,
2628 1429 2925 1507 purgavit,
2978 1445 3089 1506 per
3135 1426 3235 1507 de;

624 1529 822 1611 diluit,
882 1538 1197 1612 temperat,
1260 1551 1367 1611 per
1426 1532 1501 1593 di.
1587 1532 1819 1593 deduco
1876 1533 1949 1593 de
2007 1535 2196 1593 amico
2254 1533 2637 1613 producendo
2691 1552 2802 1613 per
2857 1534 2957 1614 de;
2993 1511 3236 1594 'diduco
3267 1545 3315 1583 1⁰

624 1646 848 1717 autem,
892 1636 951 1697 id
1000 1646 1093 1699 est
1136 1638 1418 1720 distraho,
1458 1656 1568 1717 per
1606 1637 1683 1700 di.
1761 1638 2073 1721 Delictum,
2109 1639 2167 1699 id
2208 1648 2299 1701 est
2344 1650 2685 1722 peccatum,
2732 1658 2841 1719 per
2878 1658 2911 1700 e
2950 1641 3011 1700 in
3049 1641 3237 1719 prima

625 1743 841 1823 syllaba
886 1755 948 1805 et
989 1763 1100 1824 per
1136 1747 1155 1805 i
1201 1748 1261 1806 in
1300 1745 1562 1806 secunda
1600 1744 1985 1807 scribendum
2023 1754 2141 1826 est3
2187 1746 2441 1809 dilectus
2454 1795 2472 1828 ,
2518 1746 2576 1807 id
2625 1754 2719 1807 est
2764 1765 2965 1825 caruS,
3011 1754 3236 1807 mutato

625 1850 880 1912 ordinei
917 1854 978 1913 in
1016 1854 1205 1931 prima
1243 1850 1460 1932 syllaba
1500 1859 1561 1912 et
1598 1870 1630 1912 e
1669 1854 1731 1911 in
1763 1851 2023 1912 secunda
2062 1851 2241 1912 debet
2277 1852 2487 1932 scribi3
2523 1851 2805 1913 dilectum
2836 1850 2908 1911 ab
2945 1850 3235 1913 electione

630 1976 737 2037 per
781 1958 868 2019 di:
921 1976 1055 2018 nam
1103 1958 1265 2037 diligi
1311 1959 1636 2020 affectionis
1683 1967 1800 2039 est,
1858 1957 2035 2037 deligi
2092 1958 2315 2020 iudicii.
2394 1958 2706 2020 delectatio
2751 1965 2814 2019 et
2867 1957 3132 2018 delector
3178 1966 3237 2017 et

628 2083 777 2143 quae
833 2064 1207 2126 declinantur
1260 2084 1333 2126 ex
1388 2067 1476 2125 eis
1542 2083 1651 2144 per
1705 2065 1797 2124 de.
1899 2064 1969 2125 Di
2027 2065 2387 2144 quidem-et
2441 2066 2532 2126 dis
2589 2067 2916 2145 separativa
2972 2073 3114 2126 sunt
3175 2075 3234 2126 et
3263 2079 3314 2117 1⁵

627 2172 872 2232 eandem
929 2174 1421 2251 significationem
1475 2171 1723 2253 babent,
1779 2190 1897 2251 quo
1943 2171 2120 2232 modo
2166 2171 2239 2232 ab
2286 2181 2346 2233 et
2391 2171 2525 2254 abs,
2579 2180 2647 2232 ut
2701 2170 2896 2232 divido
2943 2170 3234 2252 distraho;

624 2288 686 2341 et
738 2279 830 2341 dis
885 2282 1287 2359 componitur,
1350 2279 1584 2358 quando
1640 2281 1914 2358 sequitur
1960 2298 1992 2340 c
2039 2263 2067 2339 s
2107 2298 2144 2358 p
2193 2298 2222 2340 s
2272 2288 2299 2340 t
2346 2290 2406 2341 et
2450 2282 2470 2340 i
2514 2278 2647 2340 loco
2706 2280 3115 2357 consonantiS,
3171 2285 3236 2338 ut

623 2385 878 2448 discutio
932 2387 1142 2448 differo
1199 2386 1491 2466 diffundo,
1548 2405 1578 2446 s
1623 2387 1685 2445 in
1734 2386 1762 2445 f
1801 2394 2024 2446 mutata
2072 2386 2403 2472 euphoniae
2450 2403 2655 2465 causa,
2710 2384 2946 2464 disputo
3005 2383 3234 2444 dissero

620 2492 883 2554 distraho
938 2492 1238 2575 disiung03
1284 2494 1344 2553 in
1392 2492 1520 2553 aliis
1567 2491 2030 2553 consonantibus
2076 2490 2137 2551 di
2198 2495 2602 2573 praeponitur,
2658 2500 2724 2551 ut
2768 2490 2984 2551 diduco
3031 2489 3233 2570 digero

620 2599 780 2660 diluo
819 2600 1051 2660 dimitto
1089 2600 1279 2681 diruo,
1326 2610 1385 2660 et
1438 2598 1657 2677 ubique
1695 2598 1759 2658 di
1805 2598 2162 2678 producitur
2200 2608 2439 2678 praeter
2475 2598 2688 2659 dirimo
2725 2598 3002 2658 disertus,
3078 2597 3233 2658 Deus
3261 2610 3314 2649 2⁰

626 2723 733 2786 per
770 2723 803 2766 e
851 2704 1063 2787 solam,
1108 2705 1356 2767 daemon
1403 2723 1513 2785 per
1551 2704 1973 2785 diphthongon.
2048 2704 2243 2767 Decus
2288 2704 2532 2767 honoris
2569 2705 2582 2780 Ι
2622 2713 2738 2787 est,
2783 2704 2965 2766 decor
3010 2706 3232 2766 formae

624 2823 733 2875 est.
816 2812 1099 2892 Didymus
1143 2815 1335 2892 prima
1377 2810 1593 2891 syllaba
1633 2830 1740 2890 per
1778 2814 1826 2893 i,
1862 2811 2122 2873 secunda
2159 2832 2268 2893 per
2306 2833 2355 2893 y.
2422 2811 2672 2874 Discedo
2709 2830 2817 2891 per
2853 2814 2901 2892 i,
2939 2811 3234 2871 descendo

621 2938 731 2999 per
778 2938 828 2981 e.
919 2918 1267 2999 desperatus
1314 2937 1420 2999 per
1465 2938 1527 2999 e,
1584 2919 1892 2998 dispersus
1937 2938 2048 3000 per
2094 2921 2130 2980 i.
2213 2920 2535 2981 Deliciscor
2580 2919 2850 2981 desectus
2897 2938 3031 2980 sum
3079 2920 3233 2981 facit.

626 3026 709 3086 De
741 3029 1187 3088 memorativum
1218 3035 1310 3086 est
1349 3035 1409 3087 et
1444 3028 1800 3087 intentivum
1829 3035 1891 3088 et
1918 3029 2287 3107 privativum,
2324 3026 2397 3087 de
2428 3026 2685 3107 homine,
2713 3024 2979 3099 detraho,
3008 3025 3232 3087 desum.

800 3130 1089 3193 Exsilium
1119 3151 1148 3192 s
1185 3131 1364 3193 debet
1399 3131 1635 3192 habere.
1702 3135 1845 3193 item
1883 3151 1919 3192 x
1960 3135 2172 3205 transit
2207 3134 2270 3194 in
2313 3133 2342 3193 f
2379 3132 2655 3213 litteram,
2693 3141 2761 3193 ut
2799 3133 2977 3193 effluo
3016 3132 3228 3193 effodio
3256 3143 3308 3182 2⁵

548 3230 563 3243 “
625 3241 807 3299 etl'ero
855 3239 1067 3299 efficio.
1156 3237 1417 3298 Exuviae
1463 3256 1572 3317 per
1612 3258 1663 3320 v,
1709 3238 1993 3299 excubiae
2039 3257 2147 3318 per
2184 3237 2222 3298 b
2269 3237 2581 3299 scribatur.
2664 3238 2994 3317 Exsequiae
3042 3257 3151 3318 per
3196 3258 3231 3317 q

626 3344 1008 3406 scribendum
1047 3353 1154 3405 est.
1224 3342 1576 3423 Emporium
1617 3345 1747 3404 sine
1793 3343 1860 3418 h,
1907 3342 2085 3404 latine
2126 3352 2442 3405 mercatus
2513 3344 2997 3406 Emolumentum
3036 3363 3146 3425 per
3182 3363 3232 3418 e,

625 3450 938 3511 aemulatio
978 3468 1085 3529 per
1123 3469 1191 3511 ae
1229 3448 1626 3511 scribendum.
1701 3449 1883 3510 Exsul
1923 3449 2118 3511 addita
2156 3470 2186 3511 s
2219 3449 2396 3511 debet
2432 3450 2641 3533 scribi,
2680 3453 2818 3531 quia
2847 3461 3012 3513 extra
3042 3450 3230 3512 solum

625 3566 733 3618 est.
806 3557 1031 3619 exultat
1084 3556 1294 3618 melius
1349 3559 1477 3617 sine
1536 3575 1564 3617 s
1622 3556 1934 3638 scribitur,
1990 3559 2127 3637 quia
2184 3577 2220 3618 x
2267 3576 2338 3618 ex
2386 3576 2418 3617 c
2465 3566 2527 3618 et
2572 3577 2601 3618 s
2657 3566 2904 3620 constat.
2996 3559 3234 3637 Aequor

623 3682 732 3744 per
778 3683 845 3725 ae
901 3663 1307 3743 diphthongon
1362 3662 1772 3745 scribendum,
1827 3665 1963 3741 quia
2023 3662 2096 3723 ab
2152 3681 2300 3743 aqua
2356 3674 2450 3725 est
2503 3681 2719 3724 nomen
2782 3664 3018 3724 factum.
3120 3662 3231 3722 Ex·
3260 3673 3311 3713 ³⁰

624 3770 869 3851 probrat
907 3775 1008 3850 qui
1047 3778 1471 3830 commemorat
1509 3787 1658 3848 quae
1698 3747 1987 3850 praestat,
2034 3768 2356 3848 obprobrat
2394 3770 2496 3847 qui
2533 3767 2922 3849 obprobrium
2958 3767 3234 3850 obiectat,

803 3977 837 4024 4
875 3969 1170 4024 detrudere
1200 3968 1301 4038 pS
1336 3969 1620 4024 destruere
1661 3968 1736 4022 M
1911 3966 2260 4037 correptione
2298 3964 2673 4034 (corruptione
2705 3967 2767 4033 p)
2816 3981 2847 4020 e
2882 3965 3109 4021 litterae
3136 3965 3236 4035 pS

623 4048 973 4118 correptione
1012 4049 1205 4104 littera
1243 4049 1315 4102 M
1422 4054 1451 4102 7
1492 4047 1795 4118 dispertior
1815 4047 1915 4116 ΡΒ
1950 4046 2195 4116 disperio
2225 4047 2301 4101 M
2414 4050 2447 4099 9
2483 4045 2692 4114 purgat
2717 4044 2877 4099 Beda
2903 4063 2963 4116 p.
2996 4051 3131 4113 269,
3157 4052 3233 4103 25

699 4135 766 4183 10
803 4128 1157 4199 perducendo
1198 4128 1273 4182 M
1381 4134 1441 4181 11
1483 4129 1673 4181 autem
1710 4143 1812 4181 om.
1845 4126 1915 4192 S,
1952 4127 2081 4181 add.
2111 4130 2246 4197 ΡΜ
2349 4125 2633 4180 Delictum
2669 4155 2735 4163 —-
2778 4131 2844 4179 15
2882 4126 3234 4182 declinantur

625 4225 692 4263 ex
721 4207 802 4263 eie
830 4224 930 4277 per
958 4207 1054 4279 de]
1092 4206 1374 4262 Dilectum
1402 4206 1475 4261 ab
1504 4205 1777 4261 electione
1814 4222 1914 4276 per
1941 4204 2018 4261 di.
2072 4222 2205 4261 nam
2241 4206 2345 4261 dili
2374 4205 2686 4261 affectionis
2715 4209 2803 4261 est
2835 4205 2967 4260 inde
3003 4206 3232 4261 dilectio

624 4289 683 4341 et
726 4286 921 4357 diligo,
976 4286 1151 4356 deligi
1199 4303 1300 4355 per
1344 4285 1416 4341 de
1462 4285 1637 4356 deligi
1681 4283 1879 4339 iudicii
1922 4285 2025 4338 est.
2083 4286 2353 4342 delictum
2398 4284 2457 4339 id
2493 4287 2581 4340 est
2625 4288 2918 4354 peccatum
2956 4286 3015 4340 in
3051 4285 3235 4356 prima

623 4369 841 4438 syllaba
885 4384 986 4437 per
1022 4384 1052 4422 e
1101 4366 1160 4421 in
1205 4366 1450 4421 secunda
1493 4384 1593 4435 per
1628 4365 1650 4420 i
1696 4364 2050 4422 scribendum
2098 4367 2200 4420 est.
2258 4362 2557 4419 delectatio
2595 4367 2656 4419 et
2699 4363 2948 4419 delector
2983 4368 3043 4421 et
3089 4382 3233 4434 quae

623 4451 693 4518 ab
730 4465 799 4515 eo
838 4446 1193 4502 declinantur
1221 4464 1288 4501 ex
1325 4446 1404 4501 eis
1438 4464 1539 4516 per
1568 4464 1600 4501 e
1636 4445 1933 4501 scribenda
1967 4449 2099 4501 sunt
2134 4448 2192 4501 et
2227 4445 2285 4499 in
2321 4444 2503 4515 prima
2539 4448 2597 4498 et
2631 4443 2689 4498 in
2719 4445 2963 4499 secunda
2997 4444 3230 4515 syllaba.

623 4527 863 4584 dilectus
910 4526 971 4580 id
1017 4530 1105 4582 est
1149 4543 1312 4581 carus
1359 4528 1578 4583 mutato
1623 4527 1816 4583 ordine
1860 4528 1881 4583 i
1925 4527 1985 4581 in
2031 4525 2214 4595 prima
2259 4525 2479 4595 syllaba
2515 4526 2575 4578 et
2611 4541 2642 4578 e
2678 4525 2737 4578 in
2776 4523 3021 4578 secunda
3065 4522 3235 4578 debet

625 4607 796 4663 scribi
835 4608 910 4662 M
1054 4613 1119 4662 16
1158 4605 1350 4662 diuido
1387 4607 1433 4662 S
1468 4608 1658 4662 diuino
1692 4608 1823 4677 pM
1966 4613 2034 4661 23
2073 4604 2380 4660 defeciscor
2407 4603 2543 4673 pM
2667 4610 2736 4658 26
2774 4603 2954 4658 efficio
2990 4619 3094 4658 om.
3118 4603 3234 4673 pS,

626 4689 753 4744 aad.
794 4689 870 4743 M
1000 4703 1100 4756 per
1135 4687 1174 4741 b
1211 4686 1525 4742 scribantur
1563 4687 1637 4741 M
1765 4692 1833 4741 27
1874 4685 2199 4755 Emporium
2227 4701 2273 4753 p
2311 4680 2664 4752 Emptorium
2702 4681 2832 4736 SM
2952 4684 3234 4739 mercatus

624 4767 851 4838 interpr.
904 4767 978 4821 M
1118 4772 1185 4821 29
1233 4782 1302 4821 ex
1347 4784 1449 4821 om.
1497 4767 1566 4835 S,
1613 4767 1741 4823 add.
1783 4766 1915 4836 pM
2055 4771 2124 4819 30
2170 4780 2236 4819 ae
2281 4778 2382 4818 om.
2422 4761 2541 4832 pS,
2587 4763 2715 4818 add.
2756 4762 2832 4816 M
2971 4768 3040 4817 31
3089 4778 3233 4833 quae

625 4845 906 4920 praestitit
940 4846 1101 4902 Beda
1128 4864 1188 4919 p.
1226 4851 1365 4917 272,
1403 4853 1439 4903 6
