3613 5528
1340 424 1479 481 ARS
1517 422 2009 480 GRAMMATIOA
2851 422 2981 488 369

374 632 431 693 p.
477 609 707 694 178,34
744 610 953 674 scribit
1001 611 1173 693 haec,
1218 619 1361 673 sunt
1405 618 1467 673 et
1509 614 1673 673 aliae
1718 614 2039 674 verborum
2084 631 2192 674 seu
2240 617 2733 690 coniuqale'onum
2779 614 2979 674 obser-

377 724 645 782 vationes
691 723 995 793 diversae,
1042 737 1195 795 quas
1241 721 1545 797 completis
1592 722 1810 781 ordine
1849 721 2133 797 partibus
2178 727 2313 782 octo
2359 723 2654 782 orationis
2700 724 2984 798 deinceps

378 831 776 904 adiunaemus
821 872 836 888 .
876 827 949 888 de
996 825 1515 888 coniunctionibus
1562 844 1698 886 cum
1745 833 1909 887 certa
1958 825 2275 887 verborum
2323 825 2602 906 qualitate
2650 828 2984 888 coniunctis

378 954 434 1016 p.
453 933 536 996 47
570 934 774 996 eadem
803 935 1082 1014 leguntur
1111 941 1171 995 et
1197 932 1352 1014 apud
1374 932 1707 995 Charisium
1726 953 1781 1013 p.
1803 930 2036 1014 226‚11
2063 943 2123 996 et
2150 932 2303 1015 apud
2327 933 2666 995 Diomedem
2687 953 2742 1014 p.
2766 929 2983 1016 392‚1;

380 1043 452 1104 de
474 1060 587 1104 usu
607 1049 668 1104 et
691 1043 1114 1122 significatione
1144 1042 1649 1122 praepositionum
1669 1059 1723 1120 p.
1744 1037 1833 1102 42
1853 1049 1913 1102 et
1933 1042 2415 1102 coniunctionum
2436 1060 2491 1120 p.
2514 1036 2600 1103 50
2619 1040 2772 1121 apud
2794 1040 2984 1101 solum

380 1149 720 1211 Diomedem
747 1169 802 1230 p.
833 1145 1073 1231 411‚14
1109 1154 1170 1209 et
1196 1146 1384 1230 417‚1
1421 1197 1434 1210 .
1464 1150 1524 1209 in
1562 1147 1655 1209 his
1692 1147 1847 1230 apud
1889 1147 2232 1210 Dositheum
2272 1148 2464 1210 addita
2512 1157 2651 1210 sunt
2695 1148 2867 1230 haec,
2913 1146 2985 1208 de

382 1258 796 1317 coniunctione
825 1260 882 1319 si
905 1276 961 1337 p.
990 1253 1077 1318 48
1117 1264 1397 1336 quattuor
1433 1255 1699 1337 exempla
1738 1274 1811 1316 ex
1847 1255 2074 1335 Hecyra
2108 1255 2402 1338 Terentii,
2447 1254 2520 1316 de
2569 1257 2985 1316 coniunctione

381 1380 745 1440 quamquam
790 1384 846 1445 p.
883 1360 969 1425 49
1008 1382 1194 1425 unum
1232 1362 1565 1444 exemplum
1605 1362 1911 1425 Ciceronis
1949 1383 2020 1425 ex
2057 1366 2247 1445 prima
2286 1365 2552 1424 oratione
2592 1364 2650 1423 in
2681 1360 2985 1424 Catilinam

383 1472 660 1550 petitum,
707 1470 781 1532 de
828 1472 1244 1532 coniunctione
1290 1491 1368 1534 ne
1412 1490 1468 1551 p.
1507 1466 1594 1532 50
1630 1472 1772 1532 item
1811 1488 1998 1532 unum
2036 1467 2369 1552 exemplum
2409 1469 2669 1532 Sallustii
2715 1487 2787 1530 ex
2832 1468 2986 1530 bello

384 1577 749 1659 Catilinario,
797 1596 947 1658 quae
995 1577 1261 1659 exempla
1306 1577 1378 1638 ab
1418 1577 1548 1640 aliis
1584 1580 1984 1659 grammaticis
2021 1580 2198 1640 citata
2237 1597 2354 1640 non
2393 1580 2608 1639 inveni.
2681 1585 2988 1658 praeterea

338 1765 347 1773 .
385 1685 458 1746 de
505 1687 943 1766 praepositione
988 1705 1045 1766 p.
1081 1683 1169 1747 42
1218 1684 1597 1746 memorabile
1645 1693 1737 1747 est
1783 1704 1998 1746 nomen
2039 1685 2376 1747 Sacerdotis
2414 1688 2476 1746 in
2514 1683 2784 1765 exemplo
2820 1702 2987 1765 prae·

387 1794 699 1874 positionis
756 1796 843 1854 ad
885 1795 1200 1875 scriptum,
1259 1796 1347 1855 ad
1389 1795 1783 1855 Sacerdotem
1831 1841 1844 1855 .
1892 1792 2147 1873 denique
2204 1792 2276 1853 de
2332 1794 2745 1853 interiectione
2800 1810 2856 1872 p.
2903 1786 2988 1852 53

386 1919 570 1980 pauca
627 1920 701 1962 ex
758 1908 883 1962 arte
931 1900 1139 1962 Donati
1196 1901 1496 1981 adscripto
1557 1903 1793 1962 nomine
1853 1902 2218 1982 grammatici
2274 1899 2467 1961 addita
2524 1907 2666 1961 sunt
2711 1947 2723 1960 .
2771 1917 2842 1959 ex
2898 1898 2990 1959 his

387 2016 583 2069 autem
642 2026 792 2088 quae
858 2006 979 2068 dixi
1042 2008 1155 2069 hoc
1219 2025 1505 2088 apparere
1572 2006 1732 2089 vole,
1795 2007 2143 2068 Dositheum
2210 2026 2403 2087 neque
2461 2026 2531 2068 ex
2591 2006 2841 2068 Charisii
2899 2004 2989 2066 vel

388 2114 686 2177 Diomedis
734 2113 903 2176 libris
951 2134 1142 2195 neque
1191 2135 1263 2177 ex
1308 2114 1701 2176 Bobiensibus
1749 2116 2048 2196 excerptis
2094 2134 2164 2176 ea
2210 2133 2358 2194 quae
2409 2132 2544 2175 cum
2605 2113 2698 2174 his
2744 2131 2988 2174 consen·

392 2225 546 2285 tiunt
589 2223 896 2304 petivisse,
942 2222 1045 2283 sed
1093 2242 1161 2284 ea
1208 2225 1404 2285 omnia
1452 2241 1600 2303 quae
1647 2225 1874 2304 pariter
1920 2223 2072 2303 apud
2133 2223 2244 2284 hos
2298 2223 2711 2302 grammaticos
2768 2222 2988 2300 scripta

391 2339 531 2392 sunt
577 2349 648 2391 ex
693 2332 1027 2410 antiquiore
1074 2331 1235 2392 fonte
1283 2330 1493 2392 hausta
1540 2349 1687 2392 esse.
1780 2348 1916 2392 nam
1956 2349 2028 2391 ne
2065 2329 2377 2392 Bohiensia
2415 2329 2652 2410 quidem
2691 2336 2988 2411 excerpta,

391 2457 540 2518 quae
588 2437 728 2500 olim
783 2433 877 2499 ‘ex
925 2447 1052 2499 arte
1101 2437 1351 2500 Charisii
1408 2433 1708 2519 excerpta'
1766 2440 2070 2520 inscripsi,
2128 2457 2198 2499 ex
2255 2437 2348 2499 his
2404 2439 2768 2518 grammatici
2826 2435 2992 2497 libris

392 2565 540 2626 quos
587 2563 747 2607 nunc
801 2544 1087 2607 habemus
1141 2549 1351 2629 petita,
1414 2546 1518 2608 sed
1575 2564 1647 2607 ex
1702 2547 2034 2626 antiquiore
2094 2547 2321 2626 origine
2377 2544 2554 2606 ducta
2611 2551 2779 2625 sunt,
2835 2544 2990 2623 quod

393 2671 528 2715 cum
591 2652 730 2714 olim
789 2652 1083 2715 Christius
1146 2653 1352 2716 Philol.
1409 2673 1459 2715 v.
1518 2652 1701 2715 XVIII
1764 2673 1821 2734 p.
1884 2649 2008 2715 136
2067 2671 2193 2733 sqq.
2257 2660 2530 2715 accurata
2595 2650 2992 2731 disputatione

392 2761 842 2841 demonstravit,
908 2771 1031 2823 tum
1085 2760 1349 2823 Dosithei
1413 2760 1566 2822 libro
1623 2770 1963 2842 comparato
2022 2763 2197 2822 etiam
2257 2761 2481 2822 certius
2535 2758 2918 2821 confirmatur
2980 2806 2993 2819 .

392 2869 601 2932 hahuit
648 2876 844 2930 autem
892 2869 1212 2932 Dositheus
1258 2887 1396 2930 eum
1442 2868 1687 2949 librum,
1733 2886 1912 2948 quem
1957 2875 2092 2949 post
2130 2867 2510 2929 Sacerdotem
2548 2869 2993 2947 grammaticum

395 2979 681 3058 scriptum
730 2995 863 3038 esse
910 2996 981 3038 ex
1031 2978 1267 3038 nomine
1314 2979 1445 3039 eius
1491 2984 1585 3039 ter
1630 2979 1690 3037 in
1738 2974 2006 3056 exemplo
2052 2977 2246 3056 posito
2285 2978 2689 3057 cognoscitur,
2735 2976 2796 3035 in
2843 2974 2994 3035 hanc

396 3086 641 3146 formam
690 3083 1021 3165 redactum,
1076 3102 1253 3164 quam
1307 3091 1515 3146 auctor
1569 3091 2014 3165 excerptorum,
2078 3101 2333 3162 quorum
2396 3100 2533 3162 pars
2596 3085 2657 3143 in
2717 3080 2995 3142 Bobiensi

397 3192 597 3254 codice
644 3193 865 3272 scripta
911 3199 1027 3267 est,
1072 3192 1380 3271 usurpavit
1425 3238 1438 3251 .
1485 3193 1612 3271 ipse
1658 3198 1894 3272 praeter
1940 3208 2210 3271 graecam
2258 3192 2834 3271 interpretationem,
2882 3209 2994 3269 qua

397 3319 463 3361 ea
512 3318 662 3380 quae
710 3309 1090 3380 excerpserat
1134 3300 1325 3379 auxit,
1372 3298 1515 3359 nihil
1562 3308 1664 3360 aut
1708 3316 1895 3379 pauca
1940 3298 2176 3360 videtur
2223 3297 2533 3360 addidisse.

573 3406 776 3468 Restat
824 3414 890 3467 ut
935 3405 1008 3467 de
1054 3407 1129 3467 iis
1173 3406 1431 3488 dicatur,
1480 3424 1628 3485 quae
1674 3413 1812 3486 post
1856 3407 2298 3486 grammaticam
2333 3414 2548 3487 artem,
2595 3423 2712 3486 quo
2760 3403 2889 3465 loco
2937 3412 2998 3466 et

399 3518 459 3577 in
508 3513 872 3595 Sangallensi
928 3520 989 3574 et
1043 3516 1104 3574 in
1151 3513 1487 3576 Monacensi
1535 3513 1739 3575 codice
1786 3515 2009 3595 scripta
2065 3522 2238 3589 sunt,
2296 3512 2452 3574 edidi
2500 3561 2512 3573 .
2561 3531 2630 3573 ex
2678 3511 2770 3572 his
2817 3513 2998 3591 igitur

398 3622 672 3684 idiomata
727 3620 1072 3702 verborum,
1137 3638 1286 3701 quae
1351 3622 1715 3701 grammatici
1771 3619 1972 3681 dicere
2028 3629 2495 3700 consueverunt,
2550 3619 2804 3680 eundem
2860 3637 2996 3680 con-

399 3746 641 3791 sensum
688 3745 823 3789 cum
864 3726 1129 3788 Charisio
1176 3739 1235 3789 et
1273 3726 1580 3810 Diomede,
1628 3746 1805 3809 quem
1844 3727 2017 3789 modo
2054 3731 2114 3790 in
2152 3731 2281 3810 ipsa
2317 3735 2443 3789 arte
2481 3726 2998 3809 deprehendimus,

399 3834 687 3916 praebent
731 3883 745 3896 .
796 3844 1130 3914 sequuntur
1184 3837 1343 3897 varia
1399 3835 1662 3916 exempla
1728 3835 2160 3917 elocutionum,
2224 3854 2480 3917 quorum
2547 3837 2795 3896 maxima
2859 3851 2997 3914 pars

400 3963 509 4024 per
553 3942 823 4004 ordinem
869 3942 1204 4003 litterarum
1249 3942 1532 4023 disposita
1577 3946 1638 4004 in
1676 3942 2060 4024 Neapolitano
2107 3944 2310 4004 codice
2357 3951 2492 4023 post
2528 3941 2778 4003 Charisii
2815 3940 2998 4002 libros

403 4053 621 4131 scripta
667 4058 784 4131 est3
831 4047 1045 4110 deinde
1091 4048 1209 4111 duo
1256 4049 1724 4112 commentarioli
1770 4050 1844 4111 de
1891 4067 2108 4130 genere
2154 4056 2490 4129 poematum
2538 4056 2600 4110 et
2645 4048 2717 4109 de
2757 4048 2997 4108 distinc-

402 4161 563 4220 tione
618 4175 755 4219 cum
811 4156 1110 4219 Diomedis
1166 4157 1316 4218 libro
1372 4160 1548 4219 tertio
1604 4178 1659 4238 p.
1706 4155 1839 4219 482
1894 4164 1955 4218 et
2009 4156 2270 4218 secundo
2325 4175 2382 4236 p.
2428 4153 2558 4217 437
2616 4157 2696 4217 ita
2751 4173 2997 4215 consen·

403 4268 646 4347 tienteS,
694 4273 759 4327 ut
804 4273 1041 4346 praeter
1087 4274 1378 4329 mutatum
1425 4269 1662 4347 saepius
1708 4264 2024 4327 verborum
2063 4263 2332 4326 ordinem
2371 4261 2514 4323 nihil
2561 4262 2823 4324 additum
2870 4264 2948 4322 sit
2986 4309 2999 4322 .

404 4381 705 4455 postremo
771 4361 900 4433 loco
966 4373 1190 4434 indices
1253 4373 1570 4435 verborum
1636 4372 1954 4434 latinorum
2018 4379 2080 4433 et
2142 4388 2491 4452 graecorum
2566 4370 2772 4448 scripti
2845 4376 3001 4447 sunt,

405 4490 582 4561 atque
646 4499 717 4541 ex
783 4478 876 4540 his
941 4499 1176 4560 quoque
1251 4480 1435 4542 multa
1499 4480 1675 4541 simili
1738 4479 1945 4541 ordine
2011 4479 2293 4558 disposita
2357 4479 2417 4538 in
2484 4476 2687 4538 codice
2753 4474 3000 4535 Charisii

406 4587 683 4667 leguntur
713 4634 727 4648 .
757 4588 1023 4666 quamvis
1052 4594 1249 4648 autem
1286 4588 1347 4647 in
1385 4586 1478 4648 his
1515 4585 1789 4648 omnibus
1826 4585 2093 4667 partibus
2129 4603 2277 4665 quas
2314 4584 2434 4645 dixi
2471 4582 2615 4644 nihil
2653 4584 3003 4659 inveniatur,

407 4694 564 4775 quod
605 4697 659 4755 ei
697 4697 799 4775 qui
837 4696 1276 4774 grammaticam
1314 4701 1499 4756 artem
1538 4696 1872 4775 composuit
1909 4691 2091 4755 tribui
2129 4699 2411 4774 nequeat,
2454 4699 2677 4770 tamen,
2726 4691 2998 4769 quoniam

407 4820 511 4863 eae
559 4820 751 4880 neque
798 4818 935 4862 cum
980 4799 1079 4861 illo
1126 4800 1277 4862 libro
1326 4800 1646 4862 cohaerent
1683 4818 1875 4880 neque
1914 4801 2072 4861 inter
2111 4817 2174 4860 se
2213 4807 2377 4860 certo
2417 4797 2622 4859 ordine
2661 4804 2719 4858 et
2756 4795 3002 4858 consilio

409 4910 759 4970 coniunctae
815 4916 980 4988 sunt,
1035 4907 1355 4969 admodum
1405 4906 1652 4969 dubium
1707 4914 1826 4988 est,
1883 4924 2026 4967 num
2083 4904 2274 4968 eidem
2330 4907 2558 4967 auctori
2613 4902 2942 4965 debeantur
2987 4951 3001 4964 .
