3613 5528
617 440 746 504 194
931 431 942 442 “
1696 441 2154 518 οᾼεειουοῑιῐῐ

611 550 656 587 p.
685 541 795 580 2308
821 540 872 578 P.

610 631 909 705 tempore,
957 624 1413 704 significatione,
1461 623 1550 683 vel
1612 627 1659 684 si
1721 644 1792 685 ex
1841 625 1950 686 alia
2006 634 2172 705 parte
2228 626 2512 685 orationis
2567 622 3011 705 descenderint,
3071 643 3221 703 quae

608 730 988 791 observantes
1026 732 1251 804 minuS,
1301 738 1367 790 ut
1404 748 1568 811 reor,
1613 731 1963 793 errabimus,
2030 740 2216 793 restat
2253 749 2361 792 nos
2398 730 2472 791 de
2511 730 2549 788 b
2595 729 2816 812 littera,
2866 749 3017 810 quae
3064 733 3221 791 simi·

606 836 743 898 liter
778 839 838 897 in
878 837 1074 898 verbis
1113 839 1289 897 etiam
1327 839 1653 917 invenitur,
1700 845 1958 898 tractare
2006 837 2238 917 plenam
2281 840 2686 918 imponentes,
2731 846 2799 898 ut
2844 845 3018 917 puto,
3065 835 3221 896 labo·

604 945 688 1003 ris
749 946 1055 1005 rationem.
1149 962 1283 1005 nam
1339 945 1395 1003 si
1456 963 1527 1003 ex
1587 946 1827 1005 nomine
1890 943 2189 1023 verboque
2250 945 2438 1004 oratio
2503 944 2765 1023 perfecta
2828 945 3226 1024 componitur,

604 1050 755 1111 hanc
802 1069 1040 1130 quoque
1087 1059 1318 1131 partem
1364 1059 1425 1111 et
1473 1050 1893 1111 immeditatam
1942 1050 2282 1129 relinquere
2322 1068 2438 1111 non
2483 1052 2888 1112 necessarium
2935 1059 2998 1110 et
3043 1068 3223 1128 supra
3253 1069 3280 1108 5
3337 1082 3344 1090 ·

605 1176 731 1217 eam
781 1156 1049 1218 laborare
1097 1169 1530 1237 supervacuum
1579 1157 1795 1219 iudico.
1882 1157 1956 1217 de
2014 1156 2122 1217 bac
2170 1159 2353 1236 igitur
2397 1166 2565 1236 parte
2612 1157 2878 1238 regulas,
2934 1165 3221 1237 quantum

603 1282 949 1347 possumuS,
996 1264 1257 1325 breviter
1304 1264 1689 1346 meditemur,
1734 1266 2034 1325 indicativi
2085 1263 2240 1324 modi
2286 1267 2539 1343 primam
2586 1267 2972 1344 inspicientes
3019 1282 3221 1343 perso·

605 1389 767 1452 nam,
805 1371 971 1432 verbi
1010 1370 1238 1432 scilicet
1275 1373 1448 1432 activi
1487 1371 1576 1432 vel
1616 1374 1792 1433 etiam
1830 1375 2048 1433 neutri.
2111 1374 2266 1432 sicut
2304 1375 2461 1433 enim
2499 1374 2777 1454 activum,
2817 1374 2903 1433 sic
2941 1381 3001 1431 et
3037 1372 3220 1448 passi-

604 1495 742 1537 vum
780 1477 1101 1538 scribetur:
1150 1497 1282 1539 nam
1321 1482 1380 1539 in
1422 1478 1838 1554 communibus
1885 1487 1947 1540 et
1993 1478 2429 1558 deponentibus
2476 1478 2696 1541 nullam
2741 1480 3007 1538 invenire
3054 1479 3221 1557 potui

604 1586 1028 1663 quaestionem.
1094 1603 1166 1644 ex
1205 1586 1356 1647 datis
1395 1589 1553 1647 enim
1591 1590 1651 1647 in
1693 1589 1930 1647 nomine
1970 1587 2192 1665 regulis
2230 1588 2714 1667 exponendisque
2753 1589 2813 1646 in
2848 1584 3028 1644 verbo
3067 1602 3218 1662 quae
3253 1605 3303 1641 ιο

602 1691 989 1804 inveniuntur
1034 1690 1457 1754 iudicabuntur
1503 1692 1749 1756 facilius.
1826 1695 2049 1773 primae
2090 1703 2287 1755 autem
2334 1712 2623 1773 personae
2671 1692 2923 1753 similem
2973 1690 3219 1751 formam

604 1805 925 1874 sequentes
982 1800 1242 1859 retinere
1301 1818 1417 1859 non
1475 1798 1721 1860 dubium
1778 1810 1887 1860 est.
1974 1809 2035 1861 et
2090 1803 2225 1880 quia
2273 1803 2465 1860 omnis
2512 1802 2701 1879 prima
2749 1798 2965 1880 syllaba
3012 1797 3217 1858 verbo·

603 1922 769 1984 rum,
817 1905 876 1963 in
925 1905 1342 1967 communibus
1389 1915 1490 1968 aut
1536 1906 1972 1986 deponentibus
2021 1906 2211 1967 media
2258 1926 2494 1987 quoque
2542 1925 2651 1986 per
2696 1926 2730 1966 v
2777 1904 3039 1985 vocalem
3090 1903 3220 1963 loco

597 2012 852 2089 positam
899 2016 1281 2074 consonantis
1329 2010 1639 2093 scribitur,
1687 2020 1936 2091 excepto
1984 2011 2208 2086 baiulo,
2267 2012 2450 2073 bullio
2498 2015 2677 2073 etiam
2725 2014 2885 2073 iuxta
2933 2028 3110 2089 quam
3156 2011 3217 2068 in

739 2188 771 2234 2
810 2182 1117 2237 errauimus
1147 2183 1326 2236 ABG
1429 2184 1609 2238 restat
1636 2184 1701 2236 ut
1727 2200 1829 2238 nos
1864 2189 1930 2223 ³-
1969 2185 2272 2239 tractemus
2305 2184 2506 2238 Carrio
2615 2189 2647 2237 3
2685 2183 2849 2253 puto]
2888 2185 3020 2253 pote
3056 2181 3112 2234 B

599 2261 883 2317 laboribus
915 2263 1112 2318 Carrio
1222 2271 1253 2317 5
1283 2266 1343 2318 et
1368 2263 1761 2338 inmeditatam
1789 2264 2106 2334 relinquere
2136 2265 2509 2320 necessarium
2537 2266 2596 2318 et
2623 2280 2792 2332 supra
2812 2280 2934 2318 eam
2962 2262 3220 2316 laborare

596 2360 706 2397 non
735 2360 1140 2412 superuacuum
1169 2344 1224 2397 B
1252 2347 1311 2397 et
1335 2344 1726 2400 inmeditatam
1756 2344 2068 2413 relinquere
2095 2361 2207 2398 non
2235 2343 2610 2399 necessarium
2636 2345 2694 2397 et
2722 2360 2889 2412 supra
2908 2359 3034 2397 eam
3064 2341 3219 2395 labo·

599 2439 722 2476 rare
754 2439 864 2476 non
893 2439 1299 2492 superuacuum
1328 2425 1380 2477 A
1414 2425 1472 2478 et
1500 2424 1893 2479 inmeditatam
1922 2424 2239 2493 relinquere
2257 2442 2369 2479 non
2388 2422 2765 2478 necessarium
2794 2425 2881 2477 est
2907 2438 3074 2491 super
3093 2437 3217 2475 earn

596 2502 853 2557 laborare
906 2519 1311 2572 superuacuum
1366 2503 1414 2557 C
1465 2508 1526 2560 et
1574 2504 1985 2560 immeditatam
2038 2504 2351 2573 relinquere
2400 2521 2511 2559 non
2563 2502 2940 2559 necessarium
2992 2503 3102 2568 est,
3160 2501 3220 2553 et

598 2599 764 2651 super
801 2599 869 2637 ea.
905 2582 1072 2637 valde
1108 2583 1363 2638 laborare
1403 2602 1811 2656 superuacuum
1851 2584 2048 2639 Carrio
2175 2591 2207 2638 6
2250 2584 2499 2655 regulas]
2538 2585 2715 2638 restat
2750 2586 2816 2636 ut:
2853 2583 2912 2648 G,
2950 2597 3050 2635 om.
3091 2581 3146 2633 A

549 2717 569 2730 ‚
601 2668 667 2715 10
698 2661 1145 2733 exponendisque
1175 2662 1232 2716 in
1261 2665 1433 2719 uerbo
1463 2683 1604 2733 quae
1634 2665 1693 2720 in
1715 2665 1887 2721 uerbo
1916 2664 2282 2720 inueniuntur
2307 2666 2363 2719 B
2391 2664 2729 2734 exponendis
2758 2679 2902 2732 quae
2932 2660 2990 2714 in
3020 2660 3217 2715 uerbo·
3252 2668 3262 2686 ·

601 2758 711 2811 que
747 2742 1107 2798 inueniuntur
1142 2747 1196 2797 A
1234 2745 1687 2816 exponendisque
1724 2747 1781 2802 in
1819 2746 2007 2801 uerbis
2045 2745 2406 2800 inueniuntur
2446 2744 2492 2797 0
2636 2750 2700 2799 12
2741 2745 2799 2798 et
2836 2741 2972 2811 quia.
3008 2739 3214 2812 omnis]

596 2826 656 2877 et:
692 2840 835 2893 quae
874 2823 1062 2878 omnia.
1098 2824 1279 2877 ABG
1417 2827 1476 2880 et
1522 2826 1654 2894 quia
1690 2826 1880 2881 omnia
1929 2827 2115 2897 prima
2152 2827 2368 2896 syllaba
2403 2826 2700 2880 uerborum
2737 2823 2794 2877 in
2832 2821 3217 2877 communibus

581 2915 697 2985 „aut
733 2912 1140 2982 deponentibus
1176 2912 1436 2983 ueniunt,
1474 2914 1662 2968 media.
1698 2933 1918 2984 quoque
1957 2916 2156 2971 Carrio
2294 2922 2358 2969 13
2398 2914 2519 2984 aut]
2560 2902 2630 2969 esf
2658 2915 2710 2967 Α
2748 2929 2817 2968 ac
2854 2911 2902 2965 0

1503 3218 1871 3274 MARTYRH
1909 3220 2005 3273 DE
2044 3220 2088 3274 B
2124 3219 2221 3275 ET
2259 3218 2309 3273 V

600 3403 750 3464 quae
795 3385 1072 3467 similiter
1118 3387 1180 3446 in
1228 3383 1646 3446 verbis‘etiam
1705 3389 2033 3468 invenitur,
2090 3394 2343 3447 tractare
2399 3385 2633 3465 plenam
2691 3388 3091 3464 imponentes,
3144 3392 3213 3444 ut

595 3501 766 3573 puto,
822 3491 1008 3552 labori
1068 3493 1376 3553 rationem.
1451 3512 1584 3553 nam
1643 3496 1692 3553 si
1741 3513 1813 3553 ex
1863 3497 2096 3555 nomine
2147 3493 2445 3571 verboque
2495 3496 2685 3554 oratio
2742 3492 3007 3571 perfecta
3054 3508 3210 3550 com-

592 3600 862 3679 ponitur,
910 3599 1063 3659 hanc
1111 3617 1348 3678 quoque
1397 3611 1623 3679 partem
1674 3611 1736 3661 et
1780 3601 2201 3662 immeditatam
2251 3598 2591 3678 relinquere
2640 3618 2758 3687 qon
2806 3598 3211 3658 necessarium

571 3712 655 3779 ‚et
701 3723 879 3785 supra
919 3725 1048 3766 eam
1096 3704 1363 3767 laborare
1405 3724 1909 3787 supervacaneum
1957 3706 2172 3766 iudico.
2248 3705 2320 3765 de
2365 3704 2476 3765 hac
2523 3707 2706 3784 igitur
2751 3715 2919 3784 parte
2958 3703 3213 3783 regulas,

595 3820 879 3890 quantum
918 3831 1255 3893 possumuS,
1293 3812 1552 3873 breviter
1590 3813 1966 3893 meditemur,
2003 3812 2303 3872 indicativi
2340 3810 2498 3872 modi
2538 3815 2786 3892 primam
2825 3813 3209 3890 inspicientes
3237 3826 3264 3866 5

594 3937 934 4001 personam,
990 3919 1153 3979 verbi
1210 3917 1437 3979 scilicet
1492 3922 1663 3980 activi
1721 3919 1811 3979 vel
1869 3922 2045 3980 etiam
2095 3919 2308 3979 neutri.
2383 3920 2541 3978 sicut
2588 3921 2744 3978 enirn
2794 3920 3077 3997 activum,
3124 3920 3209 3977 sic

595 4034 656 4086 et
700 4028 996 4105 passivum
1043 4025 1370 4087 scribetur:
1432 4043 1567 4085 nam
1614 4029 1675 4086 in
1724 4023 2139 4087 communibus
2187 4033 2247 4085 et
2302 4024 2738 4103 deponentibus
2786 4025 3006 4085 nullam
3049 4027 3207 4084 inve-

598 4135 726 4194 nire
784 4136 952 4213 potui
1010 4136 1418 4212 quaestionem
1477 4131 1850 4212 [recipiens]
1925 4151 1995 4192 ex
2044 4135 2195 4194 datis
2243 4134 2400 4192 enim
2448 4133 2510 4191 in
2556 4133 2795 4191 nomine
2842 4131 3063 4210 regulis
3110 4151 3208 4192 ex-

597 4240 1007 4320 ponendisque
1046 4244 1106 4300 in
1147 4240 1325 4300 verbo
1366 4259 1515 4318 quae
1554 4242 1940 4301 inveniuntur
1976 4238 2397 4300 iudicabuntur
2437 4237 2682 4298 facilius.
2746 4239 2970 4316 primae
3010 4247 3209 4300 autem

594 4366 884 4427 personae
922 4347 1172 4408 similem
1211 4348 1458 4408 sormam
1498 4354 1818 4425 sequentes
1864 4326 2150 4426 personas
2189 4347 2363 4406 etiam
2414 4342 2731 4424 [reliquas]
2780 4346 3039 4405 retinere
3089 4365 3206 4406 nou
3240 4361 3290 4398 ιο

594 4454 842 4516 dubium
879 4463 987 4515 est.
1062 4463 1122 4515 et
1168 4456 1304 4532 quia
1351 4456 1542 4514 omnis
1589 4456 1776 4533 prima
1818 4452 2033 4531 syllaba
2074 4452 2417 4532 verborum,
2455 4453 2517 4510 in
2556 4449 2969 4514 communibus
3006 4460 3205 4513 autem

595 4571 654 4623 et
709 4560 1144 4643 deponentibus
1202 4546 1392 4621 media
1449 4579 1687 4639 quoque
1748 4578 1857 4640 per
1911 4579 1945 4619 v
2006 4560 2264 4620 vocalem
2323 4557 2453 4618 loco
2513 4561 2768 4638 positam
2824 4561 3206 4621 consonantis

769 4760 801 4805 3
839 4754 1059 4821 partem
1093 4749 1507 4806 immeditatem
1543 4749 1857 4817 relinquere
1896 4766 2004 4804 non
2045 4747 2419 4804 necessarium
2458 4750 2544 4803 est
2581 4767 2750 4819 super
2786 4766 2908 4804 eam
2950 4749 3205 4804 laborare

594 4847 997 4901 superuacuum
1025 4831 1210 4886 iudico
1252 4831 1309 4885 P
1447 4835 1480 4884 8
1519 4828 1795 4899 recipiens
1828 4830 1885 4881 P
1916 4828 2113 4899 Recipi
2142 4827 2215 4885 &n
2252 4828 2317 4882 N
2469 4834 2501 4882 9
2540 4828 2937 4884 indicabuntur
2970 4828 3101 4882 NP

595 4918 661 4966 10
697 4913 994 4979 sequentes
1033 4910 1201 4965 etiam
1239 4909 1478 4965 retinere
1519 4909 1575 4961 P
1713 4916 1776 4963 11
1818 4912 2008 4964 autem
2046 4927 2147 4966 om.
2187 4911 2243 4964 P
