3613 5528
1261 439 1611 495 EXEMPLA
1649 437 2181 494 ELOCVTIONVM
2896 440 3027 505 513

423 552 466 590 p.
497 542 588 581 264.
615 540 695 582 265
722 540 774 580 L.

426 625 538 686 Sal.
587 625 750 686 Catil.
797 621 1010 705 (24,3)
1058 645 1233 705 quae
1278 627 1583 705 primum
1629 628 1964 704 ingentes
2012 633 2337 705 sumptus
2384 633 2640 705 stupro
2697 629 3026 707 corporis

426 724 878 785 toleraverat.

605 821 799 882 Trado
849 831 905 883 te
952 826 1013 884 in
1061 823 1217 883 illam
1266 842 1418 905 rem,
1465 822 1598 884 Ter.
1646 824 1822 886 Phor.
1871 819 2052 906 (prol.
2099 824 2168 895 2)
2217 822 2504 882 tradere
2560 821 2911 882 hominem
2958 824 3025 882 in

426 922 677 1002 otium,
714 919 834 981 Cic.
872 919 1081 1002 Philip.
1120 921 1171 982 11
1210 922 1370 1002 (2,3)
1410 931 1478 983 at
1514 930 1588 983 tu
1627 932 1695 984 te
1734 927 1808 984 in
1846 921 2304 1002 disciplinam
2342 937 2559 980 meam
2596 919 3031 1001 tradideraS,

373 1018 706 1080 sdomum
760 1037 978 1080 meam
1035 1021 1432 1082 ventitaras
1481 1067 1495 1081 .
1545 1020 1712 1082 trado
1758 1029 1818 1081 te
1863 1020 1975 1102 illi,
2031 1019 2203 1099 Verg.
2248 1019 2390 1080 Aen.
2439 1017 2517 1078 XI
2562 1019 2755 1093 (710)
2803 1019 3029 1081 tradit

427 1136 626 1178 ecum
674 1119 941 1179 comiti.
1919 1191 1925 1196 ,

603 1214 832 1275 Tremit
867 1213 1023 1276 illam
1061 1223 1320 1296 partem,
1356 1214 1526 1294 Verg.
1564 1233 1725 1294 geor.
1764 1214 1845 1275 111
1884 1217 2026 1290 (84)
2063 1217 2279 1277 micat
2324 1215 2621 1277 auribus
2667 1224 2738 1277 et
2783 1219 3030 1278 tremit

426 1322 628 1374 artus
666 1360 679 1373 .
716 1315 920 1375 tremit
956 1313 1099 1374 illud
1146 1331 1255 1394 pro
1294 1314 1490 1393 timet,
1534 1312 1692 1373 idem
1731 1312 1873 1373 Aen.
1913 1313 1992 1374 111
2030 1312 2221 1388 (648)
2269 1315 2730 1393 sonitumque
2776 1313 3029 1395 pedum

437 1432 823 1493 vocemque
870 1415 1211 1474 tremisco
1259 1460 1272 1473 .
1321 1414 1523 1474 tremit
1568 1410 1663 1472 illa
1710 1432 1806 1488 re,
1853 1412 2008 1474 idem
2057 1413 2198 1473 Aen.
2250 1410 2346 1472 Vll
2394 1411 2578 1486 (514)

349 1530 400 1568 ιο
780 1510 1190 1572 Tartaream
1236 1510 1552 1572 intendit
1596 1527 1865 1593 vocem,
1913 1529 2047 1590 qua
2091 1512 2427 1590 protinus
2473 1527 2675 1570 omne

778 1610 1162 1671 intremuit
1208 1627 1470 1671 nemus.
2528 1597 2531 1602 ’

605 1707 805 1768 Tenax
842 1706 1023 1768 huius
1061 1709 1175 1789 rei,
1221 1705 1392 1788 Verg.
1430 1707 1571 1768 Aen.
1609 1706 1716 1767 1111
1754 1707 1933 1780 (188)
1973 1715 2108 1769 tam
2154 1708 2315 1768 ficti
2361 1708 2705 1787 pravique
2753 1716 2981 1769 tenax.
3013 1701 3022 1791 Ι

604 1804 961 1866 Transcribo
1009 1809 1172 1868 illam
1217 1823 1346 1867 rem
1391 1805 1504 1885 ini,
1550 1804 1718 1884 Verg.
1765 1805 1908 1865 Aen.
1955 1803 2001 1863 V
2048 1805 2246 1878 (750)
2304 1804 2811 1867 transcribunt
2863 1804 3027 1868 urbi

429 1912 715 1980 matres,
761 1904 918 1965 idem
964 1903 1106 1965 Aen.
1153 1901 1255 1964 VII
1301 1905 1488 1978 (422)

349 2021 400 2060 15
836 2012 902 2063 et
949 2011 1066 2064 tua
1111 2004 1522 2064 Dardaniis
1568 2002 1982 2065 transcribi
2029 2011 2305 2083 sceptra
2352 2001 2646 2063 colonis.

602 2098 737 2160 Tibi
791 2101 1011 2162 sactum
1065 2119 1175 2180 pro
1231 2118 1264 2159 a
1319 2108 1405 2183 te,
1460 2100 1629 2182 Verg.
1690 2101 1835 2162 Aen.
1882 2100 1957 2161 vl
2002 2101 2194 2176 (509)
2259 2099 2441 2162 nihil
2507 2119 2542 2160 o
2607 2099 2742 2162 tibi
2807 2102 3029 2161 amice

428 2197 780 2260 relictum.

605 2296 1012 2359 Transsormat
1046 2299 1106 2358 in
1147 2297 1382 2378 faciem,
1430 2296 1598 2378 Verg.
1640 2297 1781 2360 Aen.
1820 2297 1922 2358 vn
1959 2299 2147 2374 (416)
2186 2300 2257 2358 in
2303 2298 2543 2360 cultus
2591 2315 2748 2358 sese
2797 2306 3028 2358 trans·

430 2396 690 2456 format
737 2395 985 2457 aniles.
1049 2427 1066 2436 ·

348 2510 403 2550 so
605 2493 827 2555 Taedet
853 2494 1061 2555 harum
1093 2513 1311 2575 rerum,
1340 2495 1473 2555 Ter.
1503 2494 1652 2556 Eun.
1675 2496 1932 2570 (ΙΙ3,6)
1961 2495 2201 2556 taedet
2228 2495 2755 2557 cotidianarum
2784 2495 3028 2554 harum

430 2592 845 2674 formarum,
884 2592 996 2654 Sal.
1029 2592 1148 2674 lug.
1180 2595 1342 2670 (4,9)
1381 2593 1544 2654 dum
1581 2612 1684 2654 me
1724 2595 2048 2654 civitatis
2085 2611 2356 2654 morum
2393 2595 2589 2674 piget
2626 2591 3029 2671 taedetque.

611 2689 1021 2753 Transductns
1066 2691 1221 2752 illam
1273 2710 1426 2775 rem,
1472 2691 1586 2752 Sal.
1634 2691 1768 2753 hist.
1817 2691 1870 2752 11
1906 2688 1954 2772 †
1999 2710 2212 2773 parco
2251 2690 2438 2772 legio
2487 2690 2752 2752 flumen
2798 2700 3027 2752 trans-

430 2789 640 2851 ducta
687 2800 929 2853 castra
974 2791 1324 2852 dilatavit.

605 2887 912 2950 Traducor
965 2888 1035 2949 ad
1083 2889 1197 2950 boc
1253 2889 1613 2972 faciendum,
1674 2889 1792 2951 Cic.
1840 2891 1902 2949 in
1948 2888 2305 2949 divinatione
2363 2892 2455 2963 (in
2511 2890 2684 2950 Caec.
2731 2889 2867 2963 2,4)
2912 2890 3031 2968 qui

353 3002 407 3042 25
432 3005 535 3047 me
583 2986 661 3047 ad
699 2986 1214 3048 defendendos
1260 2987 1583 3048 homines
1630 2989 1715 3048 ab
1762 2990 2064 3048 ineunte
2101 2985 2598 3047 adolescentia
2635 2985 3033 3069 dedissem,

431 3093 754 3165 tempore
802 3093 1013 3165 atque
1061 3086 1313 3146 officio
1361 3095 1655 3147 coactus
1703 3086 1782 3146 ad
1829 3085 2310 3146 accusandum
2360 3084 2800 3146 traducerer.

608 3183 967 3247 Transmitto
1016 3188 1179 3246 illum
1224 3183 1321 3245 illa
1359 3203 1453 3266 re,
1502 3184 1614 3245 Sal.
1653 3184 1788 3246 hist.
1828 3182 1882 3244 ΙΙ
1928 3202 2097 3246 suos
2143 3186 2431 3263 equites
2476 3181 2814 3245 hortatus
2859 3183 3031 3244 vado

431 3285 854 3345 transmisit.
2192 3306 2202 3313 ⁴

607 3380 882 3443 Truncus
928 3382 1106 3443 huius
1153 3384 1267 3464 rei,
1312 3380 1483 3461 Verg.
1531 3401 1690 3462 geor.
1738 3381 1847 3442 1111
1893 3381 2086 3457 (309)
2135 3389 2206 3442 et
2250 3379 2541 3441 visenda
2598 3379 2825 3441 modis
2880 3383 3031 3441 ani·

351 3479 637 3540 aomalia
685 3482 915 3562 miriS,
960 3488 1217 3541 trunca
1264 3479 1522 3560 pedum
1568 3483 1820 3560 primo.

606 3575 749 3637 Vtor
794 3576 922 3658 illo,
968 3577 1136 3658 Verg.
1183 3578 1326 3640 Aen.
1373 3577 1479 3638 Xll
1526 3579 1712 3654 (932)
1759 3588 1967 3641 utere
2015 3586 2212 3640 sorte
2260 3586 2378 3640 tua
2428 3625 2442 3639 .
2488 3584 2626 3639 utor
2671 3578 2843 3661 illud,
2897 3578 3031 3639 Ter.

431 3674 591 3735 Adel.
637 3678 674 3749 (
682 3675 733 3733 V
768 3676 945 3751 3,29)

608 3848 791 3903 Oodeoe
829 3848 1125 3904 Parrhasii
1200 3854 1228 3903 1
1267 3849 1494 3920 ingente
1637 3852 1924 3921 sumptum
1961 3867 2100 3907 corr.
2138 3852 2367 3920 sumptu
2520 3866 2750 3920 corpore
2903 3855 2937 3904 4
2974 3851 3036 3905 at

431 3928 551 3983 tute
589 3927 944 3998 disciplinam
982 3930 1111 3984 med
1147 3929 1459 3986 tradideras
1496 3931 1724 3987 domum
1762 3949 1947 3988 meam
1985 3931 2142 3988 venit
2175 3931 2357 3986 iturus
2514 3936 2546 3984 6
2585 3931 2771 4003 ecum]
2810 3932 2867 3984 te
2905 3948 3033 3985 cum

538 4015 570 4064 8
607 4008 709 4080 ΠΙ]
760 4009 867 4063 ΙΙΠ
1046 4016 1077 4064 9
1115 4027 1177 4064 re
1212 4027 1311 4065 om.
1497 4018 1560 4067 13
1598 4012 1757 4068 illam
1805 4032 1923 4070 rem
1960 4030 2062 4084 om.
2248 4018 2313 4066 16
2353 4014 2411 4067 et
2446 4011 2548 4065 tua
2584 4010 2778 4066 scribis
2815 4012 3036 4080 sceptra

432 4096 644 4152 colonis
788 4104 856 4153 22
894 4084 1062 4169 pared
1101 4099 1250 4169 legio
1412 4106 1481 4153 24
1518 4099 1772 4157 Tradnco
1939 4107 2008 4157 25
2046 4102 2117 4156 ab
2154 4102 2379 4156 ineunte
2416 4117 2517 4155 om.
2556 4101 2761 4155 lacuna
2794 4116 2889 4155 aeoe
2922 4100 3036 4167 fere

432 4179 740 4234 litterarum
773 4180 967 4234 relicta
1110 4185 1177 4234 27
1214 4179 1374 4234 illum
1410 4197 1510 4237 om.

612 4373 640 4421 1
682 4384 824 4435 quae
859 4365 1043 4436 primo
1078 4364 1334 4436 ingentes
1373 4370 1628 4439 sumptus
1665 4371 1858 4439 stupro
1897 4368 2142 4441 corporis
2178 4370 2555 4425 toleraverant
2590 4369 2892 4425 Sallustius

433 4446 718 4517 ingentem
768 4448 1054 4516 sumptum
1100 4464 1166 4501 ex
1207 4446 1259 4501 G
1295 4448 1467 4503 edidit
1503 4447 1923 4504 Lindemannus
2092 4457 2127 4504 4
2172 4450 2235 4504 at
2276 4449 2426 4504 enim
2469 4451 2528 4504 te
2574 4449 2634 4504 in
2681 4447 3033 4517 disciplinam

434 4543 616 4582 meam
653 4526 965 4582 tradideras
1003 4548 1016 4581 :
1055 4543 1182 4581 nam
1220 4528 1305 4584 ita
1341 4527 1533 4584 dixisti
1570 4550 1584 4583 ε
1623 4528 1849 4584 domum
1886 4545 2070 4585 meam
2106 4530 2412 4585 ventitaras
2447 4532 2652 4585 codices
2690 4528 2965 4585 Ciceronis

355 4651 362 4657 .
438 4613 498 4661 11
539 4606 874 4663 contremuit
911 4607 1118 4662 codices
1167 4607 1398 4678 Veryilii
1542 4615 1607 4664 15
1646 4612 1705 4665 et
1738 4613 1841 4666 tua.
1876 4609 2170 4665 Dardaniis
2206 4609 2504 4665 transcribi
2552 4609 2824 4680 Veryilius
2969 4615 3033 4664 18

435 4687 640 4759 cultus]
670 4686 858 4742 vultus
885 4688 1092 4743 codices
1130 4687 1363 4759 Verqtlii
1505 4694 1572 4743 22
1602 4707 1778 4759 parva
1802 4689 1951 4761 legio
1980 4689 2237 4745 Kritzius
2265 4690 2401 4746 Sall.
2430 4690 2553 4746 hist.
2582 4690 2779 4759 fraym.
2800 4706 2859 4759 p.
2880 4693 2987 4744 181
3020 4733 3031 4744 .

432 4768 663 4834 fortasse
715 4768 876 4836 parte
930 4766 1169 4837 legionis
1340 4774 1409 4822 24
1456 4767 1741 4825 Traducor
1785 4770 2203 4825 IAndemannus
2246 4769 2418 4824 edidit
2585 4774 2655 4824 25
2692 4768 2765 4824 ab
2809 4767 3035 4823 ineunte

434 4845 814 4903 adulescentia
851 4847 1038 4903 Cicero
1208 4855 1276 4905 28
1311 4849 1647 4922 transmisit]
1697 4847 2032 4905 transmittit
2069 4850 2236 4905 codex
2283 4849 2585 4906 Vaticanus
2620 4849 2773 4919 apud
2812 4849 2886 4903 M
2883 4848 3034 4903 aium

435 4932 486 4983 et
519 4928 746 4984 editores
781 4927 1041 4984 Sallustii
1076 4944 1143 4985 ex
1178 4930 1358 4984 codice
1395 4927 1701 4985 Frontonis
