3613 5528
1392 371 1487 426 DE
1527 372 2109 429 ORTHOGRAPHIA
2971 376 3055 439 69

443 489 486 525 p.
516 476 632 517 2230.
661 478 710 517 31
741 478 788 517 P.
1228 444 1279 489 ·

446 570 787 641 nascantur3
834 560 937 619 sed
980 568 1173 620 tamen
1215 579 1245 619 a
1277 559 1707 620 consuetudine
1739 563 1982 640 accepit.
2043 568 2102 620 et
2131 559 2408 620 cohortes
2437 579 2622 640 aeque
2666 581 2696 622 a
2734 562 3056 623 coorieudo

443 685 513 727 ex
561 667 765 727 eodem
814 667 943 727 loco
991 667 1181 727 dictae
1220 676 1390 749 sunt3
1437 666 1539 727 sed
1579 676 1777 728 tamen
1819 666 2212 727 differentiam
2251 668 2491 746 quidam
2529 687 2660 728 esse
2703 668 3055 750 maluerunt,

444 782 507 834 ut
553 772 829 833 cohortes
875 750 1127 834 militum
1175 792 1311 833 cum
1360 773 1755 853 adspiratione
1804 793 1835 834 a
1885 781 2087 834 mutua
2134 774 2467 834 hortatione
2515 774 2805 849 dicantur.

616 880 763 942 Item
814 899 930 940 non
981 880 1127 941 nulli
1174 880 1454 941 harenam
1503 899 1639 941 cum
1688 881 2104 961 adspiratione,
2153 883 2274 940 sive
2313 884 2594 958 quoniam
2632 881 2891 962 haereat,
2930 885 3051 942 sive

361 1008 386 1047 5
440 987 596 1067 quod
636 1006 847 1066 aquam
885 987 1136 1070 hauriat,
1175 986 1483 1047 dicendam
1514 989 2029 1065 existimaverunt3
2068 986 2195 1046 aliis
2235 987 2360 1045 sine
2392 985 2786 1065 adspiratione
2818 986 3051 1047 videtur

438 1094 872 1155 enuntiandam.
962 1113 1072 1154 nos
1128 1112 1246 1154 non
1304 1103 1422 1154 tam
1480 1104 1726 1173 propter
1783 1093 1912 1154 illas
1959 1112 2167 1154 causas
2215 1111 2360 1171 quas
2408 1111 2586 1172 supra
2633 1096 3053 1173 proposuimus

436 1204 732 1263 harenam
789 1205 1071 1277 dicimuS,
1128 1218 1305 1279 quam
1359 1210 1605 1281 propter
1659 1203 1949 1279 originem
2005 1203 2194 1280 vociS,
2252 1199 2575 1280 siquidem,
2631 1208 2698 1259 ut
2743 1202 2913 1260 testis
2962 1209 3053 1261 est

438 1307 651 1388 Varro,
706 1327 737 1367 a
796 1307 1029 1368 Sabinis
1088 1308 1287 1368 fasena
1347 1306 1596 1389 dicitur,
1651 1316 1712 1368 et
1767 1309 1924 1368 sicut
1981 1326 2010 1366 s
2057 1306 2425 1367 familiariter
2471 1308 2534 1366 in
2593 1325 2624 1365 r
2669 1308 2910 1387 transit,
2969 1309 3050 1366 ita

440 1415 468 1473 t*
508 1416 567 1474 in
613 1416 863 1475 vicinam
910 1414 1371 1494 adspirationem
1418 1421 1701 1475 mutatur.
1774 1412 2048 1474 similiter
2086 1431 2227 1492 ergo
2266 1422 2325 1473 et
2363 1413 2582 1473 haedos
2620 1412 2873 1474 dicimus
2912 1432 3048 1474 cum

355 1543 408 1581 ιο
435 1520 851 1602 adspiratione,
890 1525 1169 1601 quoniam
1210 1520 1363 1580 faedi
1392 1519 1742 1581 dicebantur
1780 1520 1933 1600 apud
1974 1523 2280 1599 antiquos:
2336 1523 2476 1581 item
2515 1521 2733 1601 hircos,
2771 1522 3049 1598 quoniam

434 1628 674 1688 eosdem
732 1646 918 1707 aeque
981 1629 1156 1688 lircos
1215 1628 1516 1688 vocabant.
1603 1646 1738 1688 nam
1794 1637 1857 1688 et
1900 1647 1933 1687 e
1981 1630 2281 1689 contrario
2330 1646 2504 1706 quam
2553 1629 2782 1706 antiqui
2840 1625 3049 1687 habam

434 1735 726 1816 dicebant,
774 1754 881 1795 nos
929 1735 1121 1795 fabam
1167 1735 1436 1796 dicimus
1720 1812 1723 1813 7

613 1843 877 1904 Cilonem
936 1861 1173 1921 quoque
1231 1852 1290 1903 et
1346 1840 1605 1902 cocleam
1654 1850 1714 1901 et
1760 1840 2028 1902 cocleare
2077 1844 2205 1902 sine
2253 1841 2649 1921 adspiratione
2699 1841 3047 1923 scribemuS,

434 1961 493 2012 et
549 1948 830 2029 quicquid
884 1968 993 2029 per
1050 1948 1540 2010 consuetudinem
1598 1950 1833 2008 aurium
1885 1950 1968 2009 ita
2023 1948 2260 2008 licuerit
2316 1951 2644 2010 enuntiare.
2721 1967 2839 2008 non
2888 1952 3045 2008 enim

356 2077 405 2116 ιε
436 2060 670 2118 firmum
719 2063 812 2117 est
857 2055 1209 2116 catholicum
1256 2058 1802 2131 grammaticorum,
1860 2074 1978 2134 quo
2037 2064 2284 2115 censent
2330 2055 2787 2135 adspirationem
2836 2074 3043 2115 conso-

432 2167 597 2225 nanti
636 2183 751 2224 non
794 2181 926 2223 esse
964 2162 1342 2243 iungendam,
1389 2180 1524 2222 cum
1563 2171 1623 2223 et
1660 2161 1952 2241 Carthago
1991 2161 2223 2222 dicatur
2261 2172 2322 2222 et
2357 2161 2605 2241 pulcher
2643 2171 2703 2222 et
2740 2161 3044 2222 Gracchus

432 2280 493 2330 et
539 2268 694 2331 Otho
741 2278 803 2329 et
846 2268 1135 2330 Bocchus

607 2377 656 2436 T
705 2395 941 2455 quoque
981 2384 1043 2436 et
1078 2376 1115 2437 d
1152 2375 1403 2457 litterae,
1451 2396 1600 2456 quae
1641 2384 1782 2438 sunt
1818 2379 1976 2437 inter
2013 2395 2077 2436 se
2116 2376 2359 2456 adtineS,
2408 2394 2523 2436 non
2565 2375 2784 2436 nullam
2821 2373 3041 2435 habent

429 2484 929 2566 observationem,
986 2503 1058 2545 ne
1122 2486 1533 2563 intempestive
1591 2485 1843 2544 invicem
1901 2483 2238 2543 succedant.
2313 2501 2447 2542 nam
2504 2484 2726 2543 scimus
2774 2481 3039 2541 diversas

351 2611 404 2651 20
430 2597 629 2670 partes
675 2593 959 2652 orationis
1006 2592 1162 2672 lieri,
1209 2609 1345 2650 cum
1393 2591 1565 2651 modo
1612 2610 1720 2670 per
1767 2590 1823 2671 d,
1871 2589 2043 2650 modo
2092 2609 2200 2669 per
2245 2598 2271 2651 t
2316 2589 2649 2650 scribimus
2724 2596 2791 2648 at
2834 2606 2970 2648 cum
3019 2596 3043 2648 t

431 2699 907 2759 coniunctionem
956 2698 1369 2758 disiunctivam
1419 2698 1575 2779 facit,
1621 2705 1689 2757 ut

747 2813 815 2865 at
862 2808 1106 2884 regina
1154 2808 1354 2884 gravi
1399 2808 1531 2864 iam
1579 2804 1841 2865 dudum
1890 2780 2136 2864 saucia
2184 2823 2380 2865 cura:

428 2911 500 2970 ad
546 2929 656 2990 per
700 2911 736 2972 d
783 2914 1301 2992 praepositionem,
1350 2922 1416 2973 ut

748 3018 827 3078 ad
874 3026 943 3078 te
992 3019 1334 3098 confugio
1383 3027 1452 3079 et
1498 3018 1799 3099 supplex
1849 3024 1968 3077 tua
2015 3019 2299 3078 numina
2345 3035 2584 3097 posco.

349 3146 399 3184 25
432 3127 573 3184 item
632 3127 759 3202 quit
817 3123 1118 3202 [verbum]
1177 3144 1285 3205 per
1342 3134 1365 3187 t
1420 3128 1707 3205 scriptum
1764 3123 2011 3184 verbum
2069 3134 2161 3183 est
2219 3126 2426 3183 tertiae
2481 3141 2798 3203 personae,
2862 3126 3034 3183 cuius

425 3233 615 3309 prima
662 3239 754 3291 est
798 3249 981 3309 queo:
1038 3240 1098 3291 at
1140 3251 1249 3311 per
1295 3232 1330 3292 d
1380 3249 1706 3312 pronomen
1756 3232 1953 3290 neutri
2001 3232 2254 3309 generis
2340 3228 2611 3289 similiter
2668 3239 2814 3307 quot
2859 3249 2966 3309 per
3014 3239 3038 3290 t

424 3331 767 3397 adverbium
826 3340 1058 3398 numeri
1115 3348 1236 3421 est,
1291 3341 1389 3400 cui
1435 3340 1799 3399 contrarium
1848 3346 1940 3397 est
1987 3337 2146 3416 quod
2192 3355 2301 3416 per
2346 3336 2411 3416 d,
2470 3354 2798 3415 pronomen
2846 3356 3033 3416 aeque

421 3445 661 3522 generis
709 3446 923 3505 neutri.
976 3438 984 3526 Ι
1033 3446 1188 3507 aliud
1240 3456 1330 3508 est
1378 3448 1536 3506 enim
1583 3440 1763 3523 ‘quod
1815 3439 2111 3504 volumen'
2159 3453 2221 3504 et
2267 3439 2436 3522 ‘quot
2481 3438 2818 3504 volumina’.
2893 3461 3028 3503 nam

602 3614 782 3669 Codex
812 3615 1109 3670 Parrhasii
1180 3625 1212 3671 2
1244 3618 1343 3673 sed
1369 3621 1558 3671 tamen
1588 3613 1986 3684 differentiam]
2018 3617 2076 3668 et
2103 3616 2218 3667 tam
2250 3613 2620 3668 differentiam
2729 3619 2760 3667 5
2801 3613 3036 3668 dicenda

529 3702 563 3747 6
600 3697 826 3764 propter
861 3695 1013 3767 illas]
1061 3715 1160 3767 per
1195 3697 1323 3752 illas
1467 3702 1496 3749 ’1
1536 3696 1805 3749 harenam
1843 3693 2079 3749 dicimus
2115 3710 2215 3748 om.
2361 3700 2393 3748 8
2431 3694 2646 3764 fasena]
2683 3695 2909 3749 fassana

419 3780 453 3827 9
491 3772 667 3845 hedos
832 3780 896 3827 10
933 3776 1085 3830 foedi
1250 3784 1313 3831 11
1354 3776 1538 3845 fircos]
1588 3775 1766 3829 fercos
1942 3782 2007 3828 16
2047 3774 2313 3842 gracchos
2353 3777 2413 3828 et
2447 3773 2582 3828 otho
2622 3776 2680 3828 et
2714 3775 2928 3828 bochus

422 3913 492 3960 20
532 3904 826 3960 scribimus
864 3924 989 3961 cum
1118 3916 1183 3963 21
1223 3909 1363 3964 facit
1402 3913 1465 3964 at·
1498 3910 1693 3980 regina
1817 3917 1886 3964 26
1923 3861 1997 3979 ad
2028 3926 2130 3978 per
2166 3908 2202 3962 d
2240 3909 2422 3963 eadem
2458 3924 2629 3963 manu
2663 3910 3034 3978 superscripta

417 3990 443 4042 t
480 3989 663 4042 littera

599 4129 627 4176 1
667 4124 727 4178 elz
762 4122 1036 4191 cohortes]
1071 4140 1131 4191 p.
1170 4127 1257 4188 74,
1298 4129 1371 4176 16
1516 4140 1550 4176 a
1586 4122 1892 4177 coercendo
1930 4122 1986 4174 R
2129 4128 2161 4175 2
2201 4121 2387 4177 dictae
2425 4123 2578 4176 sunt:
2618 4124 2676 4174 et
2712 4139 2834 4175 eam
2863 4120 3030 4194 'diffe-

416 4202 654 4258 rentiam
693 4202 919 4272 quidam
951 4218 1067 4256 esse
1097 4202 1393 4256 voluerunt:
1426 4201 1483 4255 R
1627 4201 1686 4255 et
1721 4201 1913 4254 tamen
1951 4202 2323 4257 differentiam
2351 4208 2616 4257 corrector
2643 4203 2848 4256 codicis
2877 4202 3029 4255 Vati-

416 4284 550 4337 cani
673 4288 707 4336 4
743 4281 885 4336 Item
923 4282 1180 4336 nonnulli
1208 4313 1274 4321 -
1301 4288 1365 4336 12
1404 4283 1641 4337 dicimus
1670 4299 1731 4350 p.
1754 4287 1846 4347 81,
1875 4287 1910 4335 3
2045 4287 2077 4335 5
2117 4281 2338 4335 videtur
2375 4280 2741 4335 enuntianda:
2777 4297 2878 4334 nos
2919 4297 3030 4334 non

413 4366 533 4416 tam
571 4380 671 4432 per
705 4361 833 4416 illas
869 4361 924 4414 R
1035 4369 1064 4416 7
1102 4362 1368 4416 harenam
1407 4361 1644 4417 dicimus
1681 4380 1781 4417 om.
1821 4363 1876 4417 R
1977 4370 2009 4418 8
2049 4362 2311 4431 quoniam
2350 4361 2499 4430 apud
2537 4358 2798 4426 antiquos
2836 4359 3029 4415 fasena

415 4444 539 4497 erat
565 4459 625 4510 p.
647 4446 739 4508 81,
768 4447 835 4495 11
965 4449 997 4496 9
1034 4442 1245 4504 hoedos
1284 4442 1517 4498 dicimus
1557 4461 1684 4497 cum
1723 4443 2079 4513 aspiratione,
2121 4441 2386 4511 qnoniam
2422 4438 2571 4494 foedi
2610 4437 2937 4492 dicebantur
2975 4440 3028 4494 R

491 4528 556 4576 13
595 4521 870 4592 Cilonem]
905 4538 961 4589 p.
986 4526 1074 4587 74,
1093 4528 1165 4577 13
1274 4531 1341 4578 20
1381 4524 1703 4579 scribimus:
1742 4540 1870 4578 cum
1907 4526 1933 4576 t
1970 4522 2418 4577 coniunctionem
2455 4517 2850 4575 disiunctiuam
2888 4518 3029 4574 facit

416 4603 493 4656 At
526 4602 721 4672 regina
756 4600 827 4656 R.
868 4602 930 4654 at
963 4606 1090 4656 ante
1127 4619 1254 4658 cum
1292 4605 1510 4659 addidit
1546 4609 1815 4659 corrector
1851 4606 2052 4660 codicis
2099 4603 2360 4656 Vaticani
2501 4601 2583 4671 at]
2614 4616 2675 4668 p.
2715 4603 2811 4664 62,
2849 4603 2922 4653 10

415 4689 484 4735 22
525 4684 585 4736 at
618 4680 837 4752 regina]
887 4680 1040 4750 Very.
1078 4683 1216 4737 Aen.
1258 4685 1425 4737 IIII
1457 4690 1488 4738 1
1673 4690 1743 4738 24
1790 4685 1862 4739 ad
1901 4685 1982 4756 te]
2033 4683 2188 4752 Very.
2226 4682 2362 4735 Aen.
2404 4682 2446 4734 I
2480 4685 2593 4734 666
2771 4683 2840 4732 25
2873 4679 3028 4735 'item

416 4761 541 4831 quit
569 4791 633 4801 —
664 4767 732 4817 28
770 4764 952 4817 neutri
989 4762 1208 4833 generis
1242 4763 1427 4817 Velius
1463 4764 1691 4835 Lonyus
1727 4769 1884 4840 apud
1923 4763 2329 4822 Cassiodorium
2368 4777 2428 4830 p.
2466 4764 2625 4816 2287
2787 4765 2855 4814 27
2902 4777 3026 4830 pro-

414 4858 619 4897 nomen
655 4845 714 4896 et
749 4842 969 4912 generis
1006 4843 1190 4898 neutri
1226 4842 1282 4894 R
