3613 5528
1245 381 1592 436 EXEMPLA
1630 380 2161 438 ELOCVTIONVM
2877 380 3005 445 481

402 492 446 531 p.
474 481 553 521 23⁷
581 480 636 523 11.

582 566 966 629 interdicitur
1009 568 1119 629 tibi
1165 567 1260 629 illa
1308 586 1402 650 re,
1449 567 1567 629 Cio.
1613 567 1827 649 Philip.
1874 568 1900 629 Ι
1948 568 2153 643 (9,23)
2201 566 2457 629 iubent
2511 570 2575 630 ei
2631 570 2754 648 qui
2807 569 2890 630 de
2948 570 3012 629 vi

404 677 722 755 itemque
770 678 833 737 ei
882 678 1003 756 qui
1050 678 1460 739 maiestatis
1506 675 1882 738 damnatus
1928 678 2025 738 sit
2070 694 2248 757 aqua
2296 685 2365 737 et
2408 678 2558 757 igni
2604 676 2951 737 interdici
2998 724 3011 737 .

583 782 864 863 Impertio
921 791 979 844 te
1036 783 1131 845 illa
1177 803 1275 859 re,
1329 784 1464 845 Ter.
1513 783 1675 845 Adel.
1722 784 1867 857 (ΙΙΙ
1906 784 2081 859 232)
2139 784 2261 844 sed
2319 802 2523 845 cesso
2579 782 2826 845 berum
2882 783 3013 845 hoo

406 890 584 953 malo
631 891 1036 973 impertire,
1081 891 1239 953 idem
1285 890 1435 953 Eun.
1483 893 1592 965 (ΙΙ
1629 891 1804 966 2,39)
1852 891 2160 971 plurima
2220 891 2456 953 salute
2502 891 3012 952 Parmenonem

352 1016 747 1059 ssummum
811 1000 1141 1078 impertit
1195 996 1471 1060 Gnatho
1519 1046 1532 1059 .
1581 999 1859 1079 impertio
1906 997 2016 1060 tibi
2061 998 2220 1060 illam
2266 1017 2422 1080 rem,
2477 997 2595 1059 Cic.
2640 1017 2751 1079 pro
2798 998 3012 1060 Roscio

408 1111 491 1184 (p.
539 1106 718 1168 Rosc.
766 1107 965 1168 Amer.
1014 1106 1181 1180 4,11)
1230 1103 1441 1166 talem
1487 1114 1556 1167 te
1603 1113 1673 1167 et
1717 1103 1927 1165 nobis
1975 1113 2044 1166 et
2089 1106 2261 1185 reip.
2307 1106 2686 1185 impertias
2732 1153 2746 1166 .

587 1213 915 1275 instruitur
963 1213 1072 1274 hae
1120 1231 1215 1295 re,
1258 1211 1429 1293 Verg.
1476 1212 1618 1274 Aen.
1665 1212 1690 1273 Ι
1737 1212 1933 1286 (637)

884 1328 953 1382 at
1000 1320 1247 1382 domus
1293 1321 1607 1382 interior
1653 1318 1880 1398 regali
1927 1317 2310 1398 splendida
2360 1318 2525 1381 luxu

886 1430 1288 1490 instruitur
1335 1476 1349 1489 .

331 1556 382 1595 10
408 1537 728 1598 instruitur
789 1536 930 1599 huic
996 1539 1112 1618 rei,
1181 1535 1293 1597 Sal.
1362 1535 1570 1597 histor.
1626 1534 1677 1595 ll
1743 1541 2129 1615 antequam
2192 1552 2577 1614 regressus
2643 1534 3015 1597 Sertorius

408 1645 780 1706 instruere
825 1662 1101 1725 pugnae
1148 1662 1317 1705 suos
1364 1645 1622 1723 quiret.

586 1751 802 1812 Insisto
850 1750 1015 1812 illum
1060 1750 1285 1833 locum,
1329 1751 1500 1831 Verg.
1548 1751 1690 1812 Aen.
1737 1749 1811 1811 VI
1858 1750 2049 1823 (563)

834 1858 1014 1921 nulli
1063 1860 1168 1920 sas
1215 1867 1413 1921 casto
1461 1857 1904 1920 sceleratum
1950 1859 2301 1919 insistere
2349 1857 2593 1940 limen,

408 1966 543 2027 Ter.
590 1964 739 2027 Eun.
780 1968 888 2040 (II
915 1967 1047 2042 3‚2)
1096 1985 1300 2047 quam
1345 1968 1681 2029 insistam
1729 1968 1909 2026 viam
1949 2013 1963 2027 .
2001 1966 2212 2026 insisto
2258 1964 2358 2027 illo
2404 1966 2564 2048 loco,
2612 1966 2725 2029 Sal.
2761 1966 2899 2030 hist.
2938 1968 3018 2029 111

331 2074 645 2136 isloeum
691 2074 990 2156 nullum,
1046 2077 1187 2136 nisi
1234 2093 1369 2156 quo
1417 2077 1672 2136 armati
1726 2075 2215 2148 institissent,
2270 2074 2453 2152 ipsis
2508 2081 2741 2136 tutum
2798 2076 2953 2137 l'ore
3002 2122 3015 2137 .

410 2184 622 2244 insisto
668 2181 911 2262 plantis,
958 2181 1128 2262 Verg.
1176 2185 1318 2244 Aen.
1364 2181 1443 2243 XI
1490 2182 1682 2256 (573)
1728 2180 1997 2261 plantis
2042 2182 2419 2242 institerat
2466 2229 2480 2242 .

586 2288 944 2369 inscriptum
971 2291 1036 2350 in
1063 2289 1159 2350 illa
1189 2308 1282 2365 re,
1322 2289 1440 2351 Cic.
1469 2290 1529 2351 in
1560 2288 1725 2351 Catil.
1756 2288 1780 2348 1
1820 2288 2062 2364 (13,32)
2101 2290 2197 2349 sit
2233 2287 2545 2368 denique
2583 2291 3016 2372 inscriptum

410 2398 480 2458 in
535 2397 773 2458 fronte
831 2399 1046 2458 unius
1101 2399 1481 2478 cuiusque,
1535 2395 1705 2476 quid
1760 2394 1845 2455 de
1899 2413 2043 2475 rep.
2102 2396 2377 2457 sentiat
2419 2443 2433 2457 .
2479 2398 2805 2478 inscriptus
2861 2397 3016 2460 illam

411 2522 565 2585 rem,
611 2502 781 2584 Verg.
819 2502 952 2565 buc.
989 2500 1245 2583 (3‚106)
1291 2505 1637 2583 inscripti
1683 2504 1964 2563 nomina
2014 2520 2258 2582 regum
2304 2513 2693 2567 nascantur
2741 2505 2966 2567 flores
3005 2553 3019 2568 .

328 2629 384 2668 so
587 2610 913 2691 Imperator
976 2611 1212 2672 illorum
1278 2619 1398 2692 est,
1464 2610 1577 2671 Sal.
1643 2610 1766 2690 Ing.
1833 2605 2088 2690 (31,20)
2159 2611 2637 2689 imperatores
2710 2615 3018 2674 omnium

410 2719 728 2799 gentium
767 2768 780 2781 .
818 2720 1142 2800 imperator
1177 2718 1293 2781 illis
1330 2727 1448 2801 est,
1495 2718 1651 2780 idem
1689 2720 1750 2779 in
1789 2717 1998 2779 eodem
2035 2714 2212 2798 (24)
2247 2719 2640 2799 imperator
2686 2719 3021 2782 Romanis

411 2835 564 2888 erat
602 2874 616 2888 .
653 2829 906 2908 imperat
950 2827 1060 2888 hae
1098 2830 1367 2910 regione,
1415 2827 1532 2890 Sal.
1569 2828 1693 2907 lug.
1734 2824 1946 2907 (79,2)
1983 2826 2627 2906 Carthaginienses
2674 2828 3020 2910 pleraque

411 2935 650 2996 Africa
706 2933 1221 3015 imperitabant
1268 2983 1282 2996 .
1327 2937 1644 3015 imperium
1699 2937 1762 2994 in
1819 2933 1952 2994 illos
2007 2931 2211 3015 habet,
2270 2933 2406 2995 Ter.
2461 2934 2611 2996 Eun.
2665 2932 2810 3015 (III
2849 2933 3022 3018 1,25)

412 3043 533 3122 qui
577 3040 798 3103 habes
844 3044 1225 3123 imperium
1270 3043 1341 3103 in
1388 3039 1638 3103 beluas
1684 3088 1698 3102 .

330 3164 384 3206 25
589 3148 642 3211 lt
684 3149 801 3211 illis
847 3148 1019 3230 loeiS‚
1077 3149 1247 3230 Verg.
1295 3150 1475 3211 Aene.
1523 3148 1570 3208 V
1613 3144 1803 3229 (451)
1859 3151 1917 3210 it
1972 3147 2239 3209 elamor
2298 3147 2497 3210 caelo
2554 3157 2615 3209 et
2667 3166 2865 3228 georg.
2915 3148 3020 3209 llll

411 3252 602 3336 (292)
629 3259 825 3319 iuvat
869 3258 974 3318 ire
1021 3258 1210 3338 iugis
1241 3305 1255 3319 .
1283 3261 1331 3320 it
1367 3257 1526 3319 illam
1564 3275 1718 3337 rem,
1766 3255 1924 3317 idem
1954 3256 2094 3317 Aen.
2124 3255 2197 3315 vl
2225 3250 2411 3334 (122)
2448 3257 2649 3335 itque
2687 3255 3020 3335 reditque

415 3366 593 3426 viam
640 3366 942 3446 totienS‚
987 3366 1106 3426 Cio.
1153 3384 1262 3445 pro
1309 3364 1554 3426 Murena
1601 3363 1850 3444 (12‚26)
1896 3363 1996 3423 ite
2043 3364 2249 3445 viam,
2296 3363 2530 3424 redite
2579 3365 2755 3424 viam
2802 3411 2815 3424 .

591 3472 755 3533 luter
799 3470 945 3533 illud
990 3490 1101 3551 pro
1147 3472 1219 3533 ad
1267 3473 1443 3553 illud,
1488 3472 1657 3552 Verg.
1705 3469 1900 3532 bucol.
1947 3470 2107 3545 (2,3)

780 3587 1050 3640 tantum
1096 3581 1289 3641 inter
1334 3579 1628 3660 densas,
1675 3577 2007 3639 umbrosa
2054 3580 2455 3660 eacumina,
2502 3579 2702 3659 sagos

333 3701 388 3742 so
779 3685 1079 3748 adsidue
1125 3685 1465 3748 veniebat
1510 3732 1526 3749 .

594 3895 777 3955 Codex
816 3894 1117 3951 Parrhasii
1188 3902 1221 3950 3
1258 3911 1319 3949 re
1357 3912 1458 3950 om.
1604 3898 1635 3949 5
1674 3893 1859 3949 Gnate
2007 3900 2069 3948 11
2114 3911 2241 3949 suos
2279 3895 2488 3967 quiret]
2527 3912 2766 3965 suosque
2802 3864 2953 3950 riter

420 3983 482 4030 12
521 3976 723 4031 Insisto
759 3975 818 4030 in
854 3975 1015 4030 illum
1052 3976 1266 4042 locum,
1302 3980 1366 4030 ut
1401 3975 1619 4030 videtur
1764 3980 1830 4028 1⁷
1866 3973 1926 4028 in
1963 3974 2126 4030 Catil.
2166 3973 2302 4029 insit
2445 3982 2513 4030 22
2553 3975 3020 4046 Carthaginenses

486 4063 554 4111 23
591 4055 957 4128 imperitabat
1098 4062 1167 4113 26
1206 4055 1314 4127 ire]
1354 4072 1442 4109 me

598 4244 623 4291 1
666 4234 776 4291 cio.
834 4235 1037 4306 Philip.
1094 4235 1147 4307 1]
1197 4252 1258 4305 p.
1315 4238 1485 4301 4693
1540 4232 1839 4288 damnatus
2001 4240 2034 4289 3
2088 4235 2311 4306 herum]
2368 4252 2521 4291 eram
2580 4235 2867 4291 Terentius

417 4322 451 4370 5
488 4334 762 4372 summum
798 4334 957 4371 suum
995 4314 1250 4387 impertit
1291 4314 1577 4369 Terentius
1750 4321 1782 4369 6
1820 4315 1994 4370 talem
2038 4318 2097 4370 te
2142 4318 2201 4370 et
2235 4317 2398 4372 nobis
2434 4318 2494 4371 et
2527 4316 2737 4386 populo
2774 4317 3025 4371 Romano

415 4397 524 4451 hoe
558 4398 810 4468 tempore
845 4396 1134 4468 impertias
1172 4398 1379 4452 codices
1416 4396 1695 4453 Ciceronis
1839 4403 1871 4451 8
1910 4395 2165 4468 interior]
2204 4395 2420 4481 interea
2451 4398 2526 4451 M
2672 4404 2736 4451 10
2774 4413 3027 4466 egressus

416 4494 484 4531 ex
520 4475 573 4530 G
616 4476 789 4532 edidit
832 4477 1252 4533 Lindemamtus
1424 4482 1488 4530 11
1535 4475 1837 4532 instrueret
1890 4492 2114 4546 pugnae
2169 4494 2297 4531 suos
2353 4478 2476 4546 (om.
2535 4475 2745 4547 quiret)
2801 4477 3029 4532 editores

416 4556 672 4611 Sallustii
819 4563 884 4612 12
923 4557 1127 4612 Insisto
1161 4557 1220 4611 in
1256 4557 1419 4612 illum
1455 4557 1639 4613 losum
1678 4556 1730 4610 G
1748 4554 1805 4609 P
1838 4561 1888 4611 et
1923 4557 2131 4611 codices
2168 4556 2322 4612 Maii
2356 4598 2369 4612 .
2408 4556 2608 4612 insisto
2647 4556 2806 4611 illum
2844 4557 3028 4612 locum

415 4642 466 4691 et
500 4636 696 4691 deinde
728 4634 929 4693 insisto
966 4638 1025 4693 in
1060 4637 1162 4694 illo
1198 4638 1321 4692 loeo
1350 4642 1401 4692 et
1435 4636 1544 4692 nisi
1571 4635 1629 4691 in
1661 4654 1771 4706 quo
1799 4639 1873 4691 M
2013 4642 2077 4691 17
2108 4636 2183 4691 sit
2211 4635 2458 4708 denique
2486 4636 2818 4706 inscriptum
2842 4638 3028 4695 Cicero

490 4722 555 4771 19
591 4720 896 4772 naseuntur
933 4717 1010 4772 M
1146 4724 1212 4772 21
1254 4717 1352 4786 qui
1385 4719 1509 4772 tum
1546 4718 1816 4773 Romanis
1855 4714 2161 4787 imperator
2197 4721 2321 4772 erat
2356 4717 2661 4773 Sallustius
2700 4719 2830 4789 qu.
2870 4724 2957 4788 7,4

417 4802 485 4850 22
521 4796 822 4866 pleraeque
870 4796 1089 4852 Africae
1133 4796 1538 4867 imperitabant
1575 4799 1813 4866 plurimi
1857 4799 2063 4853 codices
2100 4798 2360 4853 Sallustii
2537 4803 2607 4853 24
2664 4798 2800 4869 quia
2853 4799 3027 4858 habes

423 4877 709 4932 Terentius
852 4884 918 4932 27
957 4877 1035 4932 ite
1074 4876 1249 4949 viam]
1287 4877 1427 4933 inite
1462 4877 1614 4932 viam
1652 4878 1859 4933 codices
1896 4877 2173 4934 Ciceronis
