3613 5528
1232 391 1582 447 EXEMPLA
1620 392 2147 448 ELOCVTIONVM
2210 375 2215 382 ’
2865 392 2998 457 445

393 581 452 640 in
524 598 642 659 quo
708 579 931 640 nomini
996 577 1269 638 Arusiani
1336 596 1549 639 nomen
1607 576 1866 640 Cornelii
1933 577 2249 639 Frontonis
2314 579 2676 660 adscriptum
2742 588 2859 660 est,
2923 598 2994 639 ex

393 686 671 748 Bobiensi
718 686 1036 766 archetypo
1084 692 1356 747 accurate
1405 704 1725 766 expressus
1771 694 1888 767 est,
1935 684 2089 747 haud
2136 685 2522 766 improbabile
2583 685 2879 747 videbitur
2932 688 2993 747 in

393 793 505 854 hoc
552 793 824 855 similiter
869 803 1191 873 utrumque
1240 810 1455 853 nomen
1502 794 1563 853 in
1608 795 2076 874 praescriptione
2133 792 2270 854 libri
2325 796 2585 873 positum
2643 794 2844 854 fuisse.
2936 802 2997 855 et

393 902 625 964 videtur
673 919 812 963 sane
860 900 978 962 huc
1024 901 1327 981 pertinere
1375 899 1583 961 titulus
1629 901 1731 979 qui
1777 900 1936 961 inter
1975 897 2298 961 Bobienses
2336 900 2572 962 codices
2616 908 2751 981 post
2796 900 2993 961 catho-

392 1009 501 1070 lica
547 1008 730 1071 Probi
775 1007 998 1069 relatus
1045 1015 1137 1069 est
1182 1009 1244 1068 in
1290 1005 1602 1087 Raphaelis
1640 1004 2005 1068 Volaterrani
2054 1009 2494 1069 commentariis
2541 1007 2784 1068 urbanis
2825 1009 2861 1069 f.
2890 1003 2995 1090 56,

400 1119 642 1178 Corneli
695 1117 1018 1176 Frontonis
1073 1116 1414 1190 elegantiae
1468 1116 1723 1188 latinae,
1779 1122 1840 1174 et
1894 1115 1955 1174 in
2010 1116 2280 1195 principe
2336 1114 2593 1176 editione
2651 1114 2994 1176 Terentiani

393 1222 603 1305 Mauri,
660 1187 927 1283 Cornelii
971 1224 1293 1284 Frontonis
1340 1224 1675 1297 eleqantias
1721 1268 1735 1282 .
1784 1239 1917 1281 nam
1964 1222 2240 1283 Arusiani
2286 1224 2508 1284 mentio
2557 1222 2707 1283 facta
2748 1241 2863 1283 non
2903 1231 2995 1283 est

394 1332 454 1391 in
499 1329 667 1392 libris
713 1329 880 1390 Bobii
927 1331 1185 1391 inventis
1232 1376 1247 1391 .
1293 1331 1354 1389 in
1402 1326 1598 1388 libello
1647 1335 1847 1388 autem
1884 1328 2379 1411 differentiarum,
2428 1348 2603 1409 quem
2642 1328 2993 1389 Parrhasius

393 1438 627 1498 nomine
684 1436 1000 1498 Frontonis
1060 1438 1413 1517 inscriptum
1469 1437 1530 1496 in
1586 1435 1843 1497 editione
1900 1435 2077 1498 Probi
2135 1435 2394 1498 Vicetina
2442 1455 2490 1498 a.
2543 1431 2711 1498 1509
2762 1455 2832 1497 ex
2880 1436 2991 1497 alio

392 1544 593 1606 codice
639 1546 782 1606 item
828 1542 1105 1606 Bobiensi
1151 1543 1362 1625 edidit,
1406 1542 1549 1604 illud
1598 1562 1812 1604 nomen
1859 1546 2099 1606 omnino
2147 1545 2322 1606 tidem
2370 1563 2488 1606 non
2533 1542 2726 1605 habet.

569 1651 785 1714 lisdem
838 1654 1134 1731 excerptis
1194 1668 1344 1730 quae
1392 1649 1709 1711 Frontonis
1768 1651 2004 1711 nomine
2063 1653 2344 1731 inscripta
2411 1650 2581 1729 vulgo
2651 1648 2992 1711 ferebantur

391 1761 432 1820 ii
506 1761 608 1838 qui
674 1760 850 1838 primi
923 1761 982 1819 in
1059 1758 1402 1837 fragmentis
1475 1755 1736 1818 Sallustii
1810 1766 1870 1818 et
1946 1756 2252 1819 Ciceronis
2326 1757 2668 1837 colligendis
2744 1774 2984 1836 operam

392 1865 829 1926 collocaverunt
892 1867 984 1926 usi
1043 1873 1183 1926 sunt
1238 1873 1299 1925 et
1354 1862 1617 1944 exempla
1683 1865 1744 1924 in
1800 1863 1916 1924 illis
1971 1866 2145 1926 citata
2201 1866 2261 1925 in
2320 1883 2456 1925 suas
2521 1865 2990 1944 fragmentorum

392 1972 680 2034 editiones
727 1981 1137 2053 receperunt.
1174 1972 1245 2033 ad
1293 1970 1452 2033 hunc
1500 1971 1723 2032 fontem
1769 1973 1928 2032 enim
1977 1970 2300 2033 revocanda
2348 1980 2440 2032 est
2488 1973 2767 2031 memoria
2804 1970 2988 2031 Fron-

393 2082 547 2143 tonis
611 2079 683 2140 ab
747 2079 920 2140 Aldo
987 2079 1301 2140 Manutio
1375 2087 1435 2140 et
1510 2077 1676 2138 lano
1741 2077 1973 2138 Dousa
2037 2081 2099 2139 in
2165 2081 2322 2141 notis
2385 2079 2456 2140 ad
2524 2077 2894 2157 Sallustium,
2959 2097 2990 2138 a

392 2187 644 2249 Carolo
721 2186 1017 2267 Sigonio
1100 2195 1161 2248 et
1241 2185 1520 2246 Andrea
1602 2184 1923 2246 Patricio
1998 2188 2055 2246 in
2136 2187 2480 2267 fragmentis
2555 2185 2884 2268 CiceroniS,
2957 2205 2990 2246 a

391 2294 638 2356 Fulvio
686 2293 943 2355 Vrsino
990 2295 1049 2354 in
1098 2296 1254 2355 notis
1302 2292 1372 2353 ad
1421 2292 1764 2354 Sallustium
1813 2303 1873 2355 et
1920 2293 2264 2355 Ciceronem
2314 2313 2488 2374 saepe
2536 2291 2808 2373 appellati
2855 2341 2868 2354 .
2916 2312 2987 2353 ex

393 2404 484 2464 bis
532 2401 808 2483 Sigonius
855 2411 914 2464 et
959 2400 1208 2464 Vrsinus
1255 2421 1325 2462 eo
1373 2402 1577 2463 codice
1624 2405 1726 2482 qni
1773 2421 1933 2464 nunc
1980 2402 2293 2464 Vaticanus
2331 2398 2505 2463 3402
2555 2409 2645 2461 est
2690 2402 2785 2461 usi
2830 2408 2987 2482 sunt,

391 2510 464 2571 de
512 2528 629 2589 quo
678 2508 956 2589 Sigonius
1003 2511 1063 2570 in
1110 2508 1231 2571 Cic.
1280 2509 1483 2589 fragm.
1534 2507 1792 2570 Venetiis
1847 2506 2015 2572 1560
2063 2511 2098 2570 f.
2139 2505 2254 2592 56,
2301 2508 2420 2570 Cic.
2459 2509 2530 2569 de
2570 2526 2692 2587 rep.
2733 2506 2756 2567 1
2801 2504 2986 2588 12‚18

390 2619 730 2678 nuntiatum
778 2624 868 2676 est
919 2619 1129 2677 ventre
1184 2617 1456 2677 Laelium
1503 2619 1794 2693 domoque
1860 2621 1979 2678 iam
2045 2621 2268 2691 exisse,
2333 2613 2540 2676 scribit
2605 2614 2775 2695 baec,
2840 2610 2988 2675 ‘Hoc

390 2732 588 2786 autem
635 2723 1056 2806 fragmentum,
1101 2733 1169 2786 ut
1216 2723 1397 2786 multa
1445 2732 1580 2805 post
1625 2723 1761 2807 alia,
1821 2743 1891 2786 ex
1940 2723 2197 2787 Cornelii
2252 2722 2570 2786 Frontonis
2624 2723 2988 2803 grammatici

392 2834 615 2894 ueteris
642 2830 795 2892 libro
826 2830 1107 2912 quodam,
1134 2832 1236 2911 qui
1256 2830 1673 2893 Elocutionum
1704 2832 1971 2913 exempla
1999 2835 2324 2912 inscriptus
2352 2840 2461 2913 est,
2488 2839 2791 2892 mutuatus
2820 2848 2952 2892 sum
2972 2878 2986 2891 .

390 2957 566 3019 quem
604 2936 822 2999 librum
861 2957 932 2998 ex
971 2940 1195 3000 intimis
1233 2938 1494 2999 Rainutii
1531 2938 1827 3021 Farnesii,
1864 2938 2188 3000 Cardinalis
2224 2938 2631 3014 illustrissimi,
2675 2938 2988 3019 thesauriS,

391 3046 628 3107 domino
676 3047 803 3126 ipso
851 3045 1213 3106 concedente
1263 3054 1565 3125 sumptum
1612 3046 1682 3106 ad
1731 3064 1825 3106 me
1864 3046 2046 3107 Roma
2086 3048 2322 3108 iuuenis
2358 3046 2772 3107 ornatissimus
2810 3055 2985 3126 atque

391 3153 769 3214 doctissimus
814 3151 1061 3213 Fuluius
1108 3151 1382 3233 Vrsinus,
1429 3154 1653 3213 amicus
1699 3171 1896 3234 meuS,
1953 3154 2113 3214 misit
2159 3201 2172 3213 .
2219 3153 2315 3213 hic
2363 3161 2588 3235 autem,
2636 3171 2770 3214 cum
2817 3171 2985 3231 prae-

391 3259 545 3321 clara
591 3259 800 3341 multa,
847 3277 1031 3338 caque
1078 3261 1374 3338 incognita
1414 3257 1717 3320 Ciceronis
1763 3258 1834 3319 ad
1882 3260 2107 3339 antiqui
2154 3258 2317 3321 latini
2364 3262 2657 3321 sermonis
2705 3260 2987 3321 formulas

389 3367 875 3428 demonstrandas
914 3365 1176 3446 exempla
1217 3369 1540 3447 contineat,
1587 3366 1732 3427 adeo
1771 3365 1916 3428 mihi
1952 3366 2022 3427 ad
2052 3366 2198 3428 haec
2228 3367 2631 3428 concinnanda
2662 3367 2987 3446 fragmenta
3077 3349 3087 3360 ⁸

389 3475 500 3536 fuit
546 3473 919 3554 commoduS,
978 3482 1068 3554 ut,
1122 3473 1408 3553 quidquid
1463 3475 1536 3533 iis
1591 3476 1922 3535 ornamenti
1978 3473 2088 3535 hac
2145 3492 2299 3536 noua
2347 3472 2602 3534 editione
2651 3476 2988 3555 accesserit,

391 3580 449 3642 id
487 3600 660 3642 omne
707 3580 1115 3642 humanissimi
1151 3581 1437 3660 principis
1475 3578 1836 3659 liberalitati,
1882 3590 1942 3641 et
1988 3579 2059 3641 ad
2098 3580 2384 3642 bonarum
2421 3579 2754 3640 litterarum
2792 3579 2984 3641 studia

390 3686 668 3769 fouenda,
714 3695 774 3747 et
813 3696 1077 3748 ueterem
1117 3704 1321 3747 earum
1358 3685 1588 3747 laudem
1630 3685 2029 3746 renouandam
2070 3690 2214 3769 nati,
2260 3696 2568 3767 acceptum
2608 3685 2985 3747 referendum

391 3789 525 3855 sit':
572 3793 645 3855 cf.
692 3795 862 3854 AruS.
901 3812 956 3873 p.
995 3790 1122 3854 227
1162 3791 1224 3853 L.
1254 3795 1381 3872 ipse
1420 3792 1668 3854 Vrsinus
1707 3803 1905 3855 autem
1935 3795 2155 3857 codicis
2185 3797 2278 3857 sui
2307 3797 2666 3856 mentionem
2696 3795 2838 3854 fecit
2864 3802 2986 3855 not.

389 3905 450 3963 in
478 3901 596 3964 Cic.
624 3901 901 3980 Antverp.
936 3896 1101 3961 1581
1135 3917 1190 3978 p.
1227 3896 1370 3981 177,
1408 3908 1526 3960 not.
1556 3902 1615 3960 in
1647 3898 1880 3960 Sallust.
1910 3901 2188 3982 Antverp.
2223 3899 2392 3964 1595
2419 3921 2475 3982 p.
2505 3897 2636 3963 345
2673 3910 2734 3962 et
2761 3920 2819 3981 p.
2839 3897 2986 3962 359.

388 4008 703 4090 ManutiuS,
731 4010 834 4088 qui
861 4009 1090 4087 primus
1120 4025 1188 4066 ex
1219 4004 1538 4066 Frontonis
1567 4005 1718 4066 libro
1748 4007 2071 4086 fragmenta
2096 4006 2355 4069 Sallustii
2386 4010 2628 4089 recepit,
2656 4026 2686 4067 a
2710 4006 2986 4089 Scipione

388 4115 579 4177 Pettio
619 4133 754 4175 eum
792 4113 1010 4175 librum
1048 4131 1111 4173 se
1152 4114 1450 4192 accepisse
1498 4112 1718 4174 indicat
1762 4115 1824 4173 in
1874 4112 2129 4174 editione
2179 4113 2439 4175 Sallustii
2489 4113 2746 4175 venetiis
2799 4112 2985 4196 1563,

389 4224 591 4302 fragm.
621 4221 755 4283 hist.
785 4220 808 4281 1
838 4217 923 4281 32
953 4220 1043 4281 ed.
1073 4217 1311 4279 Dietscb
1353 4220 1520 4279 Nihil
1551 4221 1624 4279 ob
1662 4227 1894 4280 tantam
1929 4222 2266 4282 mercedem
2300 4223 2420 4283 sibi
2454 4224 2837 4297 abnuiturOS,
2875 4217 2984 4282 ‘Ex

390 4327 648 4389 Cornelii
694 4327 1014 4388 Frontonis
1062 4324 1133 4386 de
1181 4323 1481 4404 Exemplis
1528 4323 1931 4387 elocutionum
1978 4326 2200 4410 libello,
2256 4328 2519 4389 nondum
2566 4328 2752 4410 edito,
2808 4348 2984 4408 quem

389 4435 504 4515 legi
552 4433 985 4496 commodatum
1034 4451 1066 4493 a
1114 4431 1390 4512 Scipione
1436 4431 1658 4514 Pettio,
1706 4435 1838 4495 uiro
1885 4436 2136 4517 optimo,
2191 4444 2250 4496 et
2297 4434 2579 4514 singulari
2628 4435 2875 4515 quadam
2923 4437 2984 4497 in

387 4540 855 4622 pervestigandis
901 4540 1179 4602 Veterum
1226 4537 1395 4599 libris
1443 4537 1743 4618 diligentia
1787 4536 2117 4621 praedito':
2163 4542 2236 4603 cf.
2275 4543 2445 4603 AruS.
2484 4560 2538 4622 p.
2577 4539 2725 4604 210.
2800 4542 2985 4604 Patri-

388 4651 515 4710 cius
571 4647 827 4709 eundem
893 4646 1109 4708 librum
1175 4649 1658 4708 commemoravit
1722 4650 1781 4709 in
1839 4647 1955 4710 Cic.
2016 4650 2218 4730 fragm.
2274 4649 2534 4711 Venetiis
2597 4646 2765 4712 1565
2830 4650 2984 4730 apud

388 4757 703 4817 Graevium
760 4754 878 4815 Cic.
937 4762 1083 4816 orat.
1130 4773 1180 4815 v.
1229 4753 1310 4814 111
1357 4750 1399 4815 2
1444 4773 1500 4835 p.
1549 4751 1680 4817 942
1735 4759 1902 4832 quod
1952 4775 2071 4818 non
2128 4760 2474 4820 detrectare
2528 4761 2825 4833 militiam,
2879 4761 2991 4819 sed

389 4862 719 4940 defendere
756 4865 1137 4939 prove'nce'am
1184 4865 1460 4923 iudicata
1507 4869 1620 4937 est,
1669 4858 2110 4942 ‘Fragmentum
2151 4881 2361 4925 recens
2408 4863 2644 4925 allatum
2691 4883 2723 4925 a
2771 4884 2863 4926 mc
2914 4884 2983 4926 ex
