3613 5528
587 377 721 443 252
1791 381 2034 437 BEDAE

583 491 625 527 p.
654 479 773 520 28⁷4.
804 479 855 521 75
885 479 933 519 P.

584 570 714 623 erat
738 563 1103 644 produceret
1122 572 1224 625 aut
1253 563 1622 626 tribrachum
1649 564 1780 626 loco
1810 563 2023 646 dactyli
2051 576 2320 647 poneret.
2349 569 2436 629 sic
2456 586 2594 628 cum
2613 568 2685 629 de
2711 567 2920 648 apibus
2946 567 3200 649 loquens

585 669 835 732 alvearia
875 672 1182 732 nominare
1221 670 1422 745 vellet,
1468 673 1823 733 necessitate
1868 661 2069 753 posuit
2106 673 2540 735 antibacchium
2578 676 2639 735 in
2679 693 2853 736 versu
2893 674 3201 755 dactylico,

906 796 1030 839 seu
1078 777 1276 839 leuto
1323 778 1603 839 fuerint
1648 777 1961 839 alvearia
2007 782 2271 841 vimine
2321 788 2543 863 texta3

583 889 646 944 et
686 882 973 945 Paulinus

905 994 1024 1071 qui
1070 992 1282 1054 simul
1327 991 1465 1053 huc
1511 1000 1758 1053 sancta
1802 1011 1932 1073 pro
1980 992 2337 1074 religione
2385 996 2675 1056 coistis:
2860 1011 2895 1076 ζ
3256 1010 3284 1049 ⁵

585 1113 652 1156 re
700 1105 906 1159 contra
963 1107 1233 1161 naturam
1289 1117 1399 1180 pro
1457 1098 1629 1179 longa
1681 1101 1910 1181 posuit,
1964 1102 2104 1179 quia
2152 1120 2270 1162 non
2331 1101 2501 1162 aliter
2557 1102 2671 1162 hoc
2730 1121 2944 1165 nomen
2991 1121 3201 1165 versus

584 1202 929 1265 hexameter
976 1207 1246 1285 recipere
1293 1205 1538 1267 valebat.
1610 1205 1724 1266 tale
1772 1213 1866 1266 est
1911 1213 1972 1267 et
2015 1206 2159 1268 illud
2207 1208 2502 1291 eiusdem,

836 1327 842 1336 ·
906 1312 1236 1373 basilicis
1281 1312 1452 1373 haec
1499 1315 1748 1374 iuncta
1795 1312 2037 1374 trihus
2082 1324 2282 1395 patet
2327 1333 2490 1376 area
2538 1318 2854 1377 cunctis:

592 1433 846 1495 namque
894 1416 1032 1479 alibi
1078 1437 1187 1498 pro
1233 1417 1400 1480 brevi
1445 1422 1689 1500 ponitur
1735 1420 1942 1482 eadem
1988 1420 2204 1501 syllaba
2254 1420 2488 1483 dicente
2538 1421 2863 1484 Fortunato

906 1523 1023 1586 hic
1067 1518 1391 1606 Paulina,
1436 1528 1695 1608 Agnes,
1741 1525 2117 1609 Basilissa,
2160 1527 2482 1607 Eugenia
2530 1538 2850 1608 regnant.
3232 1545 3285 1583 10

590 1626 684 1688 his
730 1637 791 1690 et
846 1629 974 1692 aliis
1028 1631 1206 1694 huius
1255 1633 1413 1695 modi
1468 1633 1925 1696 necessitatibus
1983 1633 2162 1695 credo
2219 1634 2440 1696 factum
2497 1636 2655 1714 quod
2713 1636 2787 1697 de
2846 1636 2998 1697 libro
3045 1636 3204 1699 beati

591 1734 693 1796 Iob
733 1735 982 1816 loquens
1018 1737 1443 1821 Hieronymus,
1480 1757 1617 1802 cum
1655 1740 1904 1802 dixisset
1941 1758 2077 1801 eum
2117 1742 2368 1802 maxima
2405 1760 2478 1802 ex
2514 1750 2681 1823 parte
2718 1742 2990 1804 versibus
3028 1743 3204 1806 hexa-

592 1845 800 1904 metris
846 1845 1002 1925 apud
1048 1844 1352 1907 Hebraeos
1398 1864 1531 1907 esse
1579 1846 1973 1927 descriptum,
2029 1846 2253 1908 addidit
2298 1842 2454 1928 ‘qui
2514 1848 2805 1928 dactylo
2854 1850 3204 1929 spondeo-

588 1967 723 2027 que
770 1960 1155 2014 currentes
1199 1961 1497 2034 propter
1542 1952 1802 2013 idioma
1850 1952 2139 2033 linguae
2178 1953 2440 2014 crebro
2487 1956 2860 2035 recipiunt
2906 1962 2977 2016 et
3021 1955 3206 2018 alios

588 2055 808 2134 pedes
866 2058 1257 2120 eorundem
1316 2058 1600 2138 quidem
1664 2067 2090 2142 temporum,
2154 2061 2278 2121 sed
2339 2078 2477 2120 non
2539 2061 2928 2123 earundem
2990 2061 3287 2142 sylla-15

591 2159 886 2227 barum’.
961 2167 1314 2226 auctoritate
1363 2173 1562 2227 autem
1609 2168 2014 2228 contemnitur
2063 2166 2264 2246 regula
2312 2169 2865 2250 grammaticorum,
2913 2175 2981 2229 ut
3017 2168 3205 2230 Sedu-

589 2266 705 2330 lius
750 2272 810 2330 in
860 2271 1121 2333 clausula
1168 2273 1476 2354 carminiS,
1522 2274 1694 2333 cuius
1740 2291 1921 2353 supra
1967 2274 2237 2354 memini,
2284 2291 2421 2334 cum
2468 2273 2715 2335 dixisset

909 2377 1142 2457 gloria
1189 2396 1433 2459 magna
1478 2380 1669 2458 patri
1716 2397 2001 2459 semper
2048 2378 2184 2440 tibi
2229 2380 2460 2459 gloria
2506 2388 2696 2461 nate,

589 2481 855 2546 subdidit

911 2601 1066 2645 cum
1112 2591 1360 2644 sancto
1408 2584 1676 2663 spiritu
1723 2583 1954 2664 gloria
2001 2601 2246 2664 magna
2292 2587 2502 2665 patri.
3233 2612 3287 2651 20

593 2691 839 2770 spiritus
901 2691 1056 2751 enim
1111 2692 1361 2771 primam
1418 2689 1695 2773 syllabam
1751 2691 1930 2753 hahet
1982 2690 2244 2774 longam,
2301 2692 2458 2753 unde
2515 2711 2652 2754 vera
2709 2695 2940 2754 scansio
2996 2711 3205 2754 versus

595 2798 769 2857 istius
838 2796 983 2858 haec
1050 2805 1179 2878 est,
1233 2815 1514 2859 cumsanc
1570 2798 1905 2881 spondeus,
1966 2802 2178 2879 tospiri
2241 2797 2675 2881 antibacchiuS,
2739 2818 2858 2860 non
2923 2799 3205 2879 dactylus.

594 2903 698 2963 sed
757 2913 962 2987 poeta,
1018 2912 1085 2966 ut
1138 2904 1383 2984 gloriam
1448 2914 1685 2966 sauctae
1742 2914 1803 2967 et
1855 2906 2189 2967 individuae
2248 2907 2528 2967 trinitatis
2583 2906 2741 2967 clara
2794 2924 2939 2966 voce
2995 2905 3205 2967 decan-

598 3019 777 3093 taret,
832 3011 1092 3091 neglexit
1143 3011 1409 3092 regulam
1465 3014 1881 3091 grammaticae
1939 3012 2360 3092 dispositionis,
2447 3015 2593 3074 item
2647 3014 2776 3093 ipse
2830 3014 2892 3072 in
2945 3015 3207 3074 carmine

590 3118 852 3197 paschali
3235 3146 3289 3187 85

914 3227 1017 3287 sic
1064 3229 1164 3288 ait
1207 3229 1363 3306 ipse
1410 3225 1677 3287 docens
1725 3245 1853 3306 ego
1900 3229 1971 3287 in
2017 3233 2225 3307 patre
2274 3233 2342 3287 et
2385 3225 2709 3306 pater’in
2753 3244 2859 3286 me
2907 3233 3042 3288 est:

593 3332 680 3391 sic
718 3333 876 3391 enim
914 3333 1236 3415 scanditur,
1275 3335 1360 3393 sic
1399 3334 1480 3393 ait
1516 3331 1810 3415 dactyluS,
1847 3333 2055 3414 ipsedo
2094 3332 2387 3415 dactyluS,
2425 3351 2603 3395 oense
2643 3333 2986 3415 trochaeus,
3033 3334 3210 3412 ginpa

598 3438 898 3517 spondeus
947 3438 1139 3501 ablata
1186 3459 1222 3499 o
1270 3458 1380 3520 per
1426 3440 1818 3522 synalipham,
1863 3450 1967 3503 aut
2012 3443 2064 3501 si
2111 3440 2397 3502 scandere
2435 3443 2523 3502 vis
2562 3438 2573 3522 Ι
2614 3459 2868 3520 censego
2908 3448 2968 3501 et
3014 3442 3208 3501 facere

590 3542 914 3628 dactylum,
973 3554 1179 3607 contra
1235 3563 1461 3633 rnorem
1516 3548 1705 3627 ipsius
1762 3547 2015 3629 Sedulii,
2071 3566 2246 3628 quem
2310 3565 2420 3627 per
2466 3549 2665 3609 omnia
2710 3549 2997 3626 servavit,
3061 3548 3211 3626 agis,

599 3658 669 3710 ut
734 3653 1015 3713 immunis
1072 3660 1190 3715 stet
1243 3652 1461 3714 vocalis
1518 3652 1702 3715 altera
1759 3657 2214 3734 superveniente
2277 3654 2464 3716 vocali
2527 3655 2601 3715 de
2666 3654 2829 3715 foris,
2930 3654 3088 3715 idem
3147 3656 3209 3714 in
3236 3678 3290 3719 so

599 3755 810 3818 eodem
857 3777 1039 3840 opere
2652 3835 2667 3848 ·

921 3867 1254 3931 clarifica
1301 3869 1483 3932 dixit
1529 3887 1782 3931 nomen
1829 3877 2027 3931 tuum
2073 3887 2469 3949 magnaque
2516 3868 2726 3930 caela.

602 3972 661 4030 in
711 3989 866 4054 quo,
915 3981 982 4035 ut
1025 3977 1336 4038 veritatem
1383 3977 1661 4055 dominici
1709 3978 2004 4037 sermonis
2049 3977 2313 4056 apertius
2358 3975 2825 4057 commendaret,
2877 3978 3216 4057 postposuit

602 4078 872 4141 ordinem
919 4080 1263 4162 disciplinae
1312 4083 1658 4145 saecularis·
1723 4083 1882 4143 idem
1927 4084 2146 4144 iterum

925 4187 1277 4251 scribitur
1324 4198 1394 4252 et
1440 4189 1729 4272 titulus,
1774 4188 1889 4251 hic
1935 4197 2046 4250 est
2092 4207 2213 4251 rex
2260 4187 2714 4271 Iudaeorum,
3243 4212 3296 4253 35

785 4368 817 4415 2
854 4361 915 4417 in
951 4379 1117 4418 uersu
1156 4363 1213 4417 P
1244 4362 1305 4417 in
1331 4379 1554 4418 uersum
1590 4361 1644 4415 L
1680 4361 1739 4416 in
1766 4378 1927 4418 uerso
1967 4360 2029 4415 F
2130 4367 2163 4415 3
2203 4378 2301 4417 sen
2335 4360 2516 4431 lento]
2557 4360 2713 4430 Vera.
2741 4376 2918 4438 yeory,
2950 4363 3119 4416 IIII
3144 4366 3216 4417 34

712 4447 745 4496 ὅ
781 4442 892 4496 huc
928 4442 983 4496 L
1019 4444 1125 4498 hac
1164 4443 1221 4496 P
1252 4444 1384 4499 hanc
1423 4442 1485 4496 F
1638 4457 1740 4511 pro
1777 4439 2000 4511 legione
2039 4439 2102 4494 F
2257 4447 2289 4496 9
2341 4439 2480 4496 alibi
2515 4457 2617 4511 pro
2653 4440 2815 4495 breui
2852 4441 2905 4494 L
2942 4440 3080 4495 alibi
3116 4441 3218 4509 qui

607 4525 664 4592 (q
702 4522 779 4591 P)
817 4523 1003 4592 potuit
1037 4541 1139 4594 pro
1175 4523 1336 4579 breui
1372 4523 1496 4577 FP
1615 4528 1682 4577 10
1720 4521 1956 4578 basilica.
1990 4538 2127 4577 corr.
2164 4520 2423 4577 basilissa
2460 4520 2522 4574 F
2664 4528 2727 4575 13
2765 4520 2900 4591 quid
2937 4521 3218 4589 dactylico

608 4603 966 4674 spondeoque
993 4621 1131 4659 corr.
1161 4604 1310 4672 qnod
1346 4604 1689 4674 dactylicum
1725 4602 2147 4672 spondeumque
2180 4601 2237 4655 P
2343 4608 2410 4657 17
2448 4600 2800 4657 meminimus
2838 4601 2892 4654 L
3001 4606 3069 4653 22
3106 4601 3219 4670 pri·

610 4700 757 4737 mam
794 4684 968 4739 habet
1003 4684 1281 4755 syllabam
1317 4685 1548 4755 longam
1584 4684 1646 4737 F
1776 4689 1847 4737 24
1882 4682 2020 4737 item
2057 4681 2157 4748 Lf
2183 4683 2334 4737 idem
2372 4683 2496 4737 FP
2612 4687 2681 4736 26
2719 4681 2806 4735 est
2839 4696 2940 4735 om.
2978 4679 3053 4747 F,
3088 4682 3219 4736 add.

612 4763 782 4822 sLP
920 4771 988 4819 27
1028 4766 1313 4821 scanditur
1348 4782 1447 4821 om.
1486 4765 1561 4831 F,
1598 4764 1726 4819 add.
1764 4764 1799 4830 f
1960 4762 2316 4844 29-seruauit
2350 4762 2600 4832 regulam
2639 4760 2786 4830 agis,
2821 4761 2917 4814 sed
2950 4765 3223 4842 expuncto

609 4852 863 4922 regulam
900 4853 957 4906 P
1101 4860 1170 4910 30
1207 4856 1271 4910 ut
1306 4854 1637 4909 inmunistet
1673 4851 1734 4906 F
1891 4858 1959 4905 33
1996 4849 2250 4921 'ptposuit
2284 4851 2341 4904 P
2511 4856 2580 4904 35
2616 4848 2817 4904 titulus
2852 4863 2993 4904 corr.
3029 4847 3127 4904 —lis
3164 4849 3227 4902 F
