3613 5528
1506 421 1897 479 EXOERPTA
2751 463 2760 472 ·
2876 422 3004 488 327

391 537 435 574 p.
468 526 491 565 ⁷
520 525 579 567 Η.

394 609 701 689 Siquidem
756 628 788 670 a
844 608 1018 671 nobis
1082 618 1328 690 propter
1372 627 1585 689 graeca
1646 612 1884 671 nomina
1925 603 1935 688 Ι
1976 609 2320 689 adsumptae
2369 619 2536 691 sunt,
2597 617 2665 672 ut
2729 620 2872 690 puta
2939 619 3007 672 ut

392 716 648 797 hymnus
692 727 753 779 et
798 716 1090 798 zephyrus
1138 763 1152 777 .
1201 735 1352 797 quae
1400 718 1452 777 si
1498 717 1845 796 adsumptae
1892 735 2012 777 non
2059 725 2286 798 essent,
2347 716 2587 779 himnus
2647 725 2710 779 et
2762 718 3007 779 diefirus

392 822 729 885 diceremus
774 871 789 885 .
839 842 1089 904 quarum
1138 843 1172 903 y
1217 825 1376 884 inter
1422 823 1653 884 vocales
1699 823 2014 903 habemuS,
2059 842 2089 883 z
2136 842 2276 884 vero
2324 825 2481 885 inter
2527 833 2749 906 mutaS,
2807 833 2869 886 et
2914 833 3007 885 est

391 929 605 1011 duplex
655 978 667 990 .
717 930 848 1001 Quo
895 929 1071 990 modo
1130 926 1391 1009 duplex?
1465 931 1615 1002 Quia
1671 930 1802 991 loco
1860 931 2114 992 duarum
2160 935 2624 993 consonantium
2680 933 2836 1012 apud
2896 951 3006 993 nos

0 995 5 1082 μ
309 1050 337 1090 5
391 1037 658 1117 fungitur
699 1086 710 1098 .
750 1056 861 1099 nec
908 1038 1080 1098 aliter
1127 1045 1400 1104 constare
1449 1040 1625 1099 metri
1668 1040 1824 1100 ratio
1872 1047 2071 1119 potest
2108 1037 2207 1098 illo
2250 1057 2456 1120 versu,
2503 1038 2605 1100 ubi
2643 1048 2736 1100 est
2772 1039 3002 1101 Mezen-

389 1147 536 1227 tiuS,
592 1144 889 1224 siquidem
933 1162 1030 1205 me
1075 1143 1274 1204 brevis
1321 1143 1539 1224 syllaba
1586 1153 1704 1226 est,
1760 1162 1969 1206 verum
2016 1147 2310 1226 excipitur
2358 1164 2391 1206 a
2437 1145 2658 1226 duplici
2704 1147 2901 1208 littera
2947 1168 3005 1222 z,

390 1270 540 1330 quae
588 1252 641 1312 si
685 1251 999 1331 adsumpta
1045 1269 1163 1312 non
1213 1260 1398 1330 esset,
1444 1269 1553 1331 per
1600 1270 1629 1311 s
1677 1259 1738 1311 et
1783 1251 1820 1312 d
1866 1250 2235 1313 Mesdentius
2283 1251 2668 1314 scriberetur.

566 1358 726 1430 Quot
778 1359 994 1420 litteris
1049 1360 1456 1419 extremitates
1510 1358 1829 1419 latinorum
1887 1360 2196 1419 nominum
2252 1356 2585 1420 finiuntur?
2671 1360 3001 1442 Tredecim,
3048 1373 3189 1422 196‚1·-‘

390 1464 449 1524 id
497 1474 589 1526 est
634 1465 937 1526 vocalibus
974 1468 1271 1545 quinque,
1318 1463 1770 1526 semivocalibus
1817 1484 1948 1547 sex,
1994 1468 2173 1527 mutis
2220 1469 2459 1528 duabus
2507 1514 2520 1527 .
2579 1469 2785 1540 Quare
2828 1472 3000 1529 semi-

309 1585 362 1625 10
387 1573 696 1632 vocalibus
759 1590 898 1648 sex,
973 1589 1112 1632 cum
1175 1579 1408 1650 septem
1473 1567 1634 1632 sint?
1725 1571 1875 1643 Quia
1939 1573 2166 1635 nullum
2241 1592 2458 1635 nomen
2530 1573 2780 1636 latinum
2854 1577 2914 1636 in
2981 1575 3009 1634 s

0 1657 1 1666 ἵ
386 1678 641 1739 litteram
707 1680 845 1740 exit.
947 1678 1110 1749 Quae
1177 1696 1319 1758 ergo
1386 1675 1568 1740 sunt?
1660 1679 1707 1739 Α
1755 1698 1787 1740 e
1835 1682 1857 1740 i
1902 1700 1937 1740 o
1985 1700 2025 1742 u
2071 1680 2090 1740 l
2137 1700 2196 1741 m
2245 1700 2283 1742 n
2329 1700 2361 1742 r
2408 1700 2436 1743 s
2485 1701 2520 1742 x
2568 1701 2602 1743 c
2649 1690 2688 1744 t.
2788 1682 3001 1744 harum

386 1784 678 1866 exempla,
752 1783 951 1846 tabula
1022 1784 1241 1846 monile
1316 1785 1474 1865 frugi
1537 1788 1688 1847 ratio
1754 1805 1913 1866 genu
1981 1787 2097 1848 mel
2165 1806 2472 1850 scamnum
2536 1789 2757 1850 flumen
2823 1789 3001 1851 arbor

385 1891 499 1953 flos
542 1911 662 1953 nox
707 1891 853 1953 allec
900 1902 1095 1972 caput.

1394 2118 1512 2185 DE
1562 2119 1986 2187 SYLLABIS

310 2281 359 2320 1⁵
521 2260 753 2346 Syllaba
811 2267 951 2348 quid
1008 2263 1143 2329 est?
1224 2265 1446 2327 Littera
1503 2268 1721 2329 vocalis
1776 2268 1869 2328 vel
1924 2268 2258 2330 litterarum
2315 2271 2507 2330 coitus
2573 2289 2680 2349 per
2735 2271 2988 2351 aliquam
3037 2285 3181 2335 1⁹6,¹9

386 2374 645 2436 vocalem
695 2374 1180 2455 comprehensus.
1256 2372 1485 2452 Syllaba
1545 2374 1700 2436 unde
1758 2371 1959 2436 dicta?
2025 2365 2181 2437 Ἀπὸ
2241 2373 2359 2456 τῆς
2405 2370 2798 2458 συλλήψεως
2844 2426 2856 2438 .
2905 2389 2998 2441 est

386 2482 544 2541 enim
604 2481 821 2562 syllaba
878 2474 1208 2561 σύλληψις
1272 2481 1558 2561 quaedam
1618 2481 1980 2563 litterarum,
2045 2483 2102 2545 id
2174 2493 2266 2545 est
2329 2486 2639 2564 conceptio
2705 2493 2766 2546 et
2830 2488 2997 2565 quasi

385 2586 719 2668 adsumptio
766 2633 780 2648 .
829 2587 1093 2659 Qualitas
1140 2585 1493 2667 syllabarum
1542 2590 1604 2648 in
1651 2595 1798 2667 quot
1844 2590 2076 2667 species
2123 2586 2451 2651 dividitur?
2522 2590 2590 2651 ln
2637 2592 2786 2652 duas
2832 2613 2848 2652 ε
2896 2601 2998 2652 aut

385 2695 543 2755 enim
589 2694 801 2755 breves
847 2702 989 2757 sunt
1034 2703 1136 2756 aut
1180 2693 1388 2775 longae
1436 2741 1449 2754 .
1497 2693 1719 2755 Breves
1766 2713 1917 2775 quae
1965 2713 2064 2756 res
2121 2693 2347 2758 efficit?
2420 2696 2707 2779 Correpta
2765 2699 2996 2760 vocaliS.

304 2815 359 2855 2⁰
386 2801 538 2875 Quid
596 2800 844 2883 longas?
934 2802 1230 2865 Producta
1293 2803 1526 2864 vocalis,
1619 2802 1685 2863 In
1751 2802 1916 2864 brevi
1983 2802 2202 2883 syllaba
2269 2813 2555 2884 tempora·
2604 2815 2751 2885 quot
2815 2803 2997 2867 sunt?

384 2908 574 2972 Vnum
649 2957 662 2972 .
737 2910 892 2982 Quot
968 2912 1028 2971 in
1101 2907 1317 2990 longa?
1417 2909 1545 2971 Duo
1619 2956 1632 2969 .
1707 2907 1942 2989 Longae
2018 2910 2271 2990 syllabae
2346 2920 2492 2991 quot
2566 2913 2754 2973 modis
2838 2933 2995 2975 com-

385 3014 880 3095 prehenduntur?
958 3016 1202 3079 Duobus
1259 3064 1273 3078 .
1330 3012 1605 3088 Quibus?
1685 3014 1910 3077 Natura
1985 3025 2089 3079 aut
2156 3019 2469 3097 positione.
2561 3017 2784 3080 Natura
2850 3029 2997 3099 quot

526 3300 555 3350 1
596 3295 875 3365 siquidem
913 3295 1074 3352 nobis
1116 3297 1189 3350 M
1328 3294 1627 3366 adsumpta.
1672 3296 1804 3350 sunt
1847 3295 1914 3348 ut
1956 3297 2098 3364 puta
2133 3298 2198 3351 ut
2241 3314 2444 3366 ymnus
2481 3300 2542 3352 et
2577 3298 2849 3368 zephyrus
2886 3301 2992 3354 Int.

383 3391 529 3444 quae
567 3375 618 3431 si
653 3393 763 3431 non
800 3375 1098 3447 adsumpta
1148 3374 1358 3431 fuerint
1402 3393 1603 3445 ymnus
1649 3376 1708 3430 et
1755 3373 2013 3429 diefirum
2060 3375 2372 3434 diceremus
2412 3380 2488 3433 M
2519 3378 2822 3448 adsumpta
2866 3381 2995 3433 sunt

382 3456 521 3523 puta
564 3457 631 3509 ut
674 3455 916 3525 hymnus
966 3457 1032 3510 ut
1080 3456 1371 3525 zephyrus.
1435 3456 1542 3510 Int.
1608 3470 1751 3525 quae
1801 3455 1852 3508 si
1897 3454 2194 3525 adsumpta
2239 3475 2353 3514 non
2403 3461 2552 3514 esset
2588 3460 2748 3529 (corr.
2788 3459 2993 3527 essent)

384 3534 623 3604 hymnus
660 3542 719 3591 et
755 3536 845 3591 die
874 3579 890 3592 .
918 3536 1128 3605 phyrus
1166 3533 1475 3590 diceremus
1501 3535 1557 3588 Β
1589 3575 1601 3588 .
1633 3534 1943 3604 ᾱίορὶιίτιιε,
1977 3552 2087 3604 pro
2123 3554 2229 3606 quo
2266 3538 2572 3609 sdepherus
2609 3540 2876 3608 seriptum
2911 3546 2989 3595 est

382 3617 537 3683 apud
594 3615 963 3683 Victorinum,
1018 3616 1367 3671 tribuendum
1392 3617 1629 3671 -videtur
1680 3616 2062 3685 yrammatico,
2116 3619 2215 3686 qui
2264 3618 2324 3673 di
2380 3621 2578 3674 litteris
2618 3636 2724 3688 per
2768 3621 2994 3675 sibilum

374 3695 617 3764 prolatis
659 3711 853 3750 sonum
888 3713 918 3748 z
954 3696 1164 3751 litterae
1208 3696 1446 3764 exprimi
1487 3696 1687 3761 voluit,
1740 3713 2072 3765 quamquam
2114 3703 2305 3765 postea
2349 3699 2414 3753 in
2457 3716 2508 3755 v.
2546 3698 2884 3767 Mezentius,
2931 3705 2996 3755 nt

382 3779 648 3830 naturam
683 3776 925 3845 duplicis
961 3775 1171 3829 litterae
1207 3776 1526 3842 ostenderet,
1571 3776 1715 3830 idem
1762 3776 1982 3830 duabus
2027 3780 2456 3834 consonantibus
2493 3780 2557 3834 sd
2595 3797 2729 3835 usus
2765 3787 2855 3836 est.
2922 3783 2991 3849 ef.

382 3860 736 3910 commentum
770 3855 1124 3911 Einsidlense
1158 3856 1224 3911 in
1257 3856 1393 3911 Don
1421 3900 1431 3912 .
1471 3857 1658 3911 anecd.
1696 3855 1905 3910 Helvet.
1944 3857 2025 3911 ed.
2063 3856 2265 3926 Haqen
2307 3876 2370 3927 p.
2408 3864 2530 3915 225
2566 3878 2595 3913 z
2632 3878 2736 3930 pro
2774 3860 2992 3916 duobus

382 3952 409 3987 s
445 3935 540 3989 vel
574 3953 676 4006 pro
714 3935 778 3990 sd
813 3935 1069 4006 ponitur,
1112 3953 1254 4005 quae
1291 3938 1424 3991 ante
1463 3935 1581 3991 eius
1619 3935 2061 4005 assumptionem
2106 3934 2190 3991 ita.
2234 3937 2649 4005 scribebantur,
2696 3942 2761 3995 ut
2808 3957 2995 3994 massa.

381 4013 647 4071 dicebant
689 4033 791 4085 pro
828 4032 988 4070 maza.
1032 4018 1091 4070 et
1125 4016 1460 4071 Messentius
1508 4015 1599 4070 vel
1634 4015 1952 4072 Medentius
2001 4016 2057 4083 (1.
2095 4016 2460 4087 Mesdentius)
2508 4021 2608 4073 aut
2652 4019 2992 4075 Medientius

380 4112 483 4164 pro
520 4093 843 4150 Mezentius.
988 4102 1021 4150 8
1058 4096 1121 4168 y]
1158 4096 1179 4150 i
1219 4096 1295 4150 M
1435 4097 1494 4150 et
1527 4096 1638 4168 est]
1678 4099 1743 4152 ut
1780 4099 1867 4152 est
1900 4096 2045 4149 ΒΜ
2185 4103 2220 4150 4
2254 4097 2388 4164 quia
2424 4097 2551 4152 loca.
2585 4097 2641 4151 Β
2679 4115 2824 4168 quse
2862 4099 2990 4155 loco

383 4175 459 4229 M
599 4171 1026 4230 consonantium
1062 4191 1165 4233 om.
1201 4176 1368 4245 ΒΜ,
1419 4177 1546 4232 add.
1597 4177 1649 4231 V
1787 4182 1819 4231 5
1859 4174 2025 4231 metri
2070 4175 2252 4231 oratio
2297 4178 2486 4246 potest
2528 4176 2630 4232 illo
2677 4195 2841 4233 uersu
2893 4179 2992 4233 ubi

354 4256 470 4336 ,est
517 4256 821 4309 mezentius
866 4253 923 4307 Β
969 4256 1151 4309 metra
1203 4255 1347 4310 ratio
1402 4258 1590 4325 potest
1633 4258 1736 4312 illo
1781 4273 1943 4312 uerso
1990 4255 2086 4312 ubi
2132 4255 2473 4311 mezzentius
2521 4257 2596 4310 M
2628 4279 2646 4310 .·
2683 4260 2753 4325 cf.
2834 4259 2991 4329 Verq.

380 4335 520 4390 Aen.
562 4334 667 4387 XI
704 4339 739 4388 '7
775 4333 1017 4389 Mezenti
1053 4335 1210 4390 ducis
1248 4333 1475 4391 exuvias
1598 4343 1629 4392 6
1669 4353 1705 4391 a.
1740 4336 1954 4407 duplici
1989 4336 2184 4392 littera
2221 4353 2367 4405 quae
2393 4336 2450 4390 Β
2479 4351 2515 4389 a
2549 4336 2763 4408 duplici
2799 4340 2992 4394 littera.

381 4429 495 4484 qua.
531 4414 607 4468 M
732 4422 760 4470 7
799 4432 900 4486 per
936 4433 963 4468 s
999 4418 1058 4470 et
1094 4414 1130 4469 d
1150 4415 1540 4471 ·mesdentium
1574 4417 1631 4471 Β
1667 4433 1769 4488 per
1804 4418 1844 4472 d
1879 4421 1938 4473 et
1973 4437 2001 4474 s
2036 4416 2390 4474 mesdendius
2430 4416 2504 4469 Μ
2645 4426 2677 4473 8
2715 4420 2986 4475 tredecim

382 4493 670 4549 uocalibus
707 4494 955 4564 quinque
991 4496 1420 4551 semiuocalibus
1449 4513 1545 4551 sex
1573 4515 1703 4552 cum
1731 4500 1948 4567 septem
1976 4496 2092 4553 sint
2115 4498 2171 4552 Β
2199 4498 2468 4553 tredecim
2499 4497 2558 4552 id
2587 4500 2676 4552 est
2699 4498 2989 4554 uocalibus

380 4591 479 4629 sex
513 4591 640 4629 cum
678 4576 892 4644 septem
928 4574 1042 4629 sint
1069 4575 1155 4630 M.
1183 4577 1558 4646 supplementa
1583 4579 1848 4647 praebuit
1896 4577 1948 4632 V
2090 4585 2153 4633 11
2191 4578 2241 4648 t]
2281 4578 2320 4632 d
2349 4578 2425 4631 M
2569 4584 2632 4632 12
2671 4579 2988 4648 exemplum

380 4654 524 4709 ΒΜ
665 4653 878 4709 munile
917 4654 995 4707 M
1136 4662 1206 4711 16
1242 4672 1353 4725 apo
1390 4655 1515 4712 sille
1552 4675 1677 4713 reos
1715 4659 1803 4714 est
1838 4657 1988 4714 enim
2025 4659 2245 4728 syllaba.
2281 4658 2579 4728 sillempsis
2617 4659 2897 4727 quaedam
2931 4660 2988 4713 B

382 4738 555 4805 apoto
603 4734 793 4790 sillum
838 4749 963 4789 seos
1008 4738 1096 4790 est
1141 4737 1291 4791 enim
1343 4737 1549 4792 sillaba
1591 4737 1831 4792 sillensis
1877 4737 2120 4807 quedam
2160 4738 2235 4791 M
2375 4745 2441 4793 21
2483 4737 2642 4804 Quod
2687 4738 2748 4792 in
2790 4738 2985 4811 longa]

383 4815 522 4885 quid
556 4815 615 4871 in
648 4816 822 4885 longa
854 4814 910 4867 Β
1053 4821 1121 4869 22
1161 4815 1653 4885 deprehenduntur
1702 4817 1755 4871 V
1891 4822 2095 4873 natura.
2131 4821 2230 4873 aut
2262 4818 2544 4889 positione
2583 4819 2659 4873 M
2692 4822 2897 4875 natura.
2933 4822 2992 4875 et

382 4896 660 4967 positione
696 4895 752 4948 Β
