3613 5528
1491 391 1881 449 EXCERPTA
2862 393 2998 457 215

375 508 421 546 p.
450 497 529 537 529
557 493 611 537 G.
2636 506 2679 544 p.
2709 495 2927 535 assi-ss
2953 495 3002 533 P.

379 581 481 643 liat
527 579 742 642 clarior
788 578 1110 660 dupliciter
1156 577 1522 660 explanatus.
1598 578 1862 641 Donatus
1909 581 2093 660 igitur
2130 581 2192 640 in
2232 579 2492 641 secunda
2539 588 2713 660 parte
2758 582 2838 639 ita
2886 577 3001 639 dis-

381 694 578 769 ceptat
623 683 724 765 [de
772 705 917 749 voce
964 686 1304 768 articulata,
1349 686 1423 748 de
1470 686 1694 763 littera,
1741 687 1816 748 de
1864 686 2108 769 syllaba,
2166 686 2239 748 de
2286 686 2567 767 pedibus,
2623 687 2696 747 de
2744 688 2999 747 accenti-

379 795 519 876 bus,
564 794 636 855 de
682 796 971 875 posituris
1013 812 1120 855 seu
1168 793 1676 876 distinctionibuS,
1723 802 1783 854 et
1830 796 2050 854 iterum
2097 793 2170 854 de
2214 793 2485 874 partibus
2523 794 2808 853 orationis
2845 791 2993 871 vm,

378 902 450 962 (16
497 900 917 982 schematibus»,
951 897 974 982 ΙΙ
1007 900 1081 961 (16
1129 900 1563 984 etoemologiis,
1610 900 1684 961 de
1723 899 2189 981 orthographia}
2263 919 2375 962 vox
2414 900 2722 962 articulata
2760 908 2853 961 est
2895 916 2996 958 aer

326 1026 352 1066 s
379 1025 701 1088 percussus
747 1007 1046 1069 sensibilis
1090 1007 1334 1089 auditu,
1376 1014 1664 1087 quantum
1709 1009 1771 1068 in
1819 1010 1949 1088 ipso
1996 1016 2104 1069 est.
2179 1007 2377 1069 littera
2424 1017 2516 1069 est
2570 1025 2710 1088 pars
2757 1007 2997 1067 minima

378 1117 536 1176 vocis
592 1115 955 1177 articulatae.
1039 1114 1256 1195 syllaba
1314 1123 1406 1176 est
1466 1113 1919 1195 comprehensio
1982 1113 2322 1175 litterarum
2382 1113 2473 1175 vel
2546 1116 2725 1175 unius
2780 1112 2999 1173 vocalis

378 1224 703 1283 enuntiatio
741 1230 1081 1302 temporum
1122 1241 1319 1304 capax.
1385 1241 1493 1302 pes
1530 1229 1622 1284 e'st
1659 1220 2014 1302 syllabarum
2053 1229 2115 1281 et
2154 1229 2489 1301 temporum
2528 1228 2691 1282 certa
2728 1221 2995 1281 dinume-

377 1330 541 1389 ra'tio.
635 1336 919 1390 accentus
984 1337 1078 1391 est
1143 1332 1282 1391 vitio
1347 1347 1557 1390 carens
1621 1328 1938 1389 artificiosa
2015 1329 2438 1408 pronuntiatio.
2538 1328 2805 1406 positura
2871 1329 2995 1388 sive

378 1434 676 1497 distinctio
725 1443 819 1497 est
865 1437 1203 1498 moderatae
1249 1438 1749 1517 pronuntiationis
1788 1444 1922 1515 apta
1959 1437 2312 1514 repausatio.
2388 1440 2588 1513 partes
2627 1443 2822 1496 autem
2862 1452 2990 1494 ora-

307 1559 354 1597 ιυ
381 1543 555 1603 tionis
593 1550 734 1603 sunt
771 1551 934 1625 octo,
979 1562 1224 1624 nomen,
1269 1561 1627 1625 pronomen,
1671 1541 1951 1623 verbum,
1988 1540 2359 1622 adverbium,
2406 1544 2814 1624 participium,
2858 1561 2997 1603 con-

379 1650 628 1731 iunctio,
672 1652 1066 1732 praepositio,
1112 1653 1473 1712 interiectio.
1534 1667 1752 1711 nomeu
1790 1658 1884 1709 est
1920 1666 2060 1728 pars
2096 1650 2382 1709 orationis
2421 1666 2558 1709 cum
2598 1667 2741 1711 casu
2781 1667 2999 1729 corpus

380 1764 479 1817 aut
514 1774 642 1818 rem
680 1760 924 1837 proprie
963 1760 1431 1821 communiterve
1471 1757 1840 1837 significans,
1885 1757 2156 1836 proprie,
2202 1764 2270 1815 ut
2307 1754 2491 1816 Roma
2529 1754 2792 1837 Tiberis,
2839 1774 2996 1817 com-

380 1866 664 1944 muniter,
722 1872 790 1925 ut
843 1863 988 1925 urbs
1046 1864 1284 1927 flumen.
1359 1883 1688 1945 pronomen
1736 1871 1830 1924 est
1877 1880 2016 1943 pars
2063 1864 2349 1923 orationis
2396 1880 2546 1941 quae
2599 1881 2708 1942 pro
2757 1865 2997 1924 nomine

378 1971 565 2048 posita
613 1970 968 2032 tantundum
1021 1990 1208 2052 paene
1258 1973 1549 2051 significat
1611 1987 2046 2051 personamque
2093 1969 2395 2030 interdum
2442 1970 2671 2048 recipit.
2746 1968 2994 2030 verbum

309 2087 357 2127 1⁵
384 2084 472 2137 est
516 2094 655 2156 pars
702 2079 988 2138 orationis
1034 2096 1172 2139 cum
1219 2086 1487 2158 tempore
1535 2085 1595 2138 et
1639 2094 1895 2157 persona
1933 2077 2061 2136 sine
2099 2093 2258 2135 casu.
2333 2074 2678 2136 adverbium
2717 2086 2810 2137 est
2857 2095 2994 2157 pars

381 2183 661 2243 orationis
709 2202 860 2262 quae
906 2183 1133 2246 adiecta
1183 2184 1364 2246 verbo
1413 2184 1904 2264 significationem
1943 2185 2073 2244 eius
2111 2182 2384 2262 explanat
2429 2191 2608 2262 atque
2655 2183 2878 2266 implet,
2924 2194 2992 2246 ut

383 2282 519 2348 ‘iam
567 2285 797 2350 faciam'
844 2289 933 2350 vel
981 2285 1124 2351 ‘non
1170 2286 1421 2352 faciam'.
1495 2292 1875 2371 participium
1922 2297 2014 2349 est
2068 2307 2206 2368 pars
2253 2291 2537 2349 orationis
2597 2289 2779 2372 dicta,
2835 2292 2994 2370 quod

378 2403 604 2473 partem
660 2398 851 2476 capiat
906 2399 1188 2480 nominis,
1243 2405 1472 2477 partem
1527 2395 1724 2457 verbi:
1796 2397 2011 2475 recipit
2065 2397 2223 2456 enim
2277 2414 2310 2456 a
2365 2397 2601 2456 nomine
2657 2415 2876 2475 genera
2935 2406 2995 2459 et

378 2519 577 2582 casus,
622 2520 657 2562 a
700 2500 881 2563 verbo
930 2511 1196 2582 tempora
1242 2512 1303 2565 et
1348 2504 1835 2584 significationeS‚
1890 2501 1963 2563 ab
2010 2511 2265 2581 utroque
2314 2520 2596 2564 numeros
2644 2511 2704 2564 et
2753 2504 2986 2583 figuras.

306 2618 354 2659 ²⁰
380 2610 718 2669 coniunctio
756 2617 848 2670 est
886 2628 1025 2688 pars
1061 2612 1345 2672 orationis
1383 2608 1705 2671 adnectens
1743 2609 2145 2688 ordinansque
2184 2611 2556 2670 sententiam.
2628 2613 2989 2690 praepositio

379 2724 469 2777 est
519 2734 660 2796 pars
719 2717 1002 2778 orationis
1058 2734 1207 2796 quae
1267 2719 1601 2798 praeposita
1660 2714 1790 2778 aliis
1844 2715 2113 2797 partibus
2160 2717 2444 2777 orationis
2500 2718 2991 2797 significationem

380 2841 583 2884 earum
639 2834 742 2885 aut
796 2821 1042 2905 mutatu
1077 2833 1179 2886 aut
1225 2824 1480 2904 complet
1526 2832 1629 2884 aut
1685 2825 1917 2884 minuit.
1990 2824 2326 2884 interiectio
2374 2831 2466 2884 est
2521 2841 2659 2902 pars
2706 2827 2989 2887 orationis

379 2930 714 3009 significans
761 2931 978 2991 mentis
1025 2931 1299 2992 affectum
1345 2949 1487 2992 voce
1533 2929 1851 2990 incondita.
1925 2928 2223 2989 schemata
2261 2937 2403 2990 sunt
2440 2931 2990 2993 transformationes

379 3053 720 3097 sermonum
781 3037 871 3098 vel
933 3038 1363 3098 sententiarum
1423 3045 1668 3097 ornatus
1729 3054 1905 3097 causa
1965 3037 2189 3116 posita,
2249 3053 2398 3114 quae
2446 3054 2478 3095 a
2535 3036 2789 3115 quodam
2849 3040 2988 3099 arti·

167 3108 192 3169 ⁸·
309 3151 355 3191 2⁵
381 3140 602 3222 grapho
641 3143 879 3203 nomine
919 3142 1236 3204 Sacerdote
1276 3141 1518 3204 collecta
1558 3142 1707 3203 flunt
1744 3158 1994 3203 numero
2032 3144 2348 3221 nonaginta
2386 3151 2447 3203 et
2483 3152 2635 3224 octo,
2671 3146 2752 3204 ita
2792 3152 2988 3205 tamen

379 3254 446 3307 ut
488 3265 640 3326 quae
689 3265 722 3307 a
760 3246 987 3309 Donato
1035 3250 1193 3309 inter
1237 3250 1377 3309 vitia
1423 3250 1613 3328 posita
1660 3255 1801 3309 sunt
1847 3250 1908 3308 in
1952 3251 2083 3328 ipso
2130 3267 2379 3309 numero
2422 3248 2667 3310 collecta
2714 3249 2986 3311 claudan-

380 3360 500 3429 tur,
565 3352 724 3432 quod
784 3361 847 3414 et
903 3354 1046 3415 mihi
1110 3373 1348 3434 quoque
1405 3355 1622 3416 durum
1680 3354 1941 3437 videtur,
2011 3356 2149 3415 vitia
2212 3353 2411 3416 dicere
2468 3374 2618 3435 quae
2675 3366 2987 3418 auctorum

379 3461 663 3541 exemplis
710 3470 772 3522 et
816 3463 1067 3522 maxime
1114 3460 1261 3542 legis
1307 3461 1534 3523 divinae
1582 3464 1935 3523 auctoritate
1991 3463 2319 3523 firmantur.
2393 3461 2542 3524 haec
2587 3465 2987 3542 grammaticis

379 3565 831 3646 oratoribusque
879 3570 1214 3629 communia
1270 3577 1435 3650 sunt,
1492 3587 1641 3649 quae
1698 3578 1899 3630 tamen
1951 3571 2014 3629 in
2071 3577 2322 3650 utraque
2389 3578 2555 3650 parte
2601 3569 2989 3650 probabiliter

305 3682 354 3721 ³⁰
380 3672 763 3752 reperiuntur
800 3681 1010 3754 aptata.
1055 3673 1411 3735 ‚addendum
1451 3682 1543 3735 est
1580 3677 1757 3736 etiam
1804 3674 1877 3736 (16
1926 3676 2275 3756 etymologia
2321 3685 2382 3737 et
2428 3676 2865 3760 orthographia,
2912 3677 2985 3739 de

377 3778 591 3856 quibus
621 3778 765 3841 alios
794 3783 1105 3861 scripsisse
1135 3782 1535 3842 certissimum
1568 3789 1675 3842 est.
1723 3781 2077 3861 etymologia
2102 3790 2195 3843 est
2234 3791 2337 3844 aut
2365 3802 2501 3844 vera
2532 3793 2634 3845 aut
2660 3788 2787 3846 veri
2825 3788 2982 3847 simi·

376 3883 447 3945 lis
491 3884 918 3947 demonstratio
966 3887 1299 3963 declarans,
1346 3906 1417 3948 ex
1466 3904 1581 3966 qua
1617 3889 1849 3967 origine
1887 3887 2066 3949 verba
2111 3889 2491 3952 descendant.
2564 3891 2983 3972 orthographia

377 3999 465 4052 est
494 3991 790 4053 rectitudo
820 3992 1120 4056 scribendi
1147 3993 1309 4056 nullo
1340 4012 1546 4054 errore
1576 3995 1800 4075 vitiata,
1830 4013 1980 4074 quae
2011 4013 2250 4058 manum
2279 4000 2580 4077 componit
2609 4005 2669 4059 et
2704 3998 2981 4078 linguam.

755 4099 796 4106 q

518 4144 545 4191 1
578 4137 926 4207 explanatus.
967 4137 1064 4194 sed
1094 4139 1152 4193 61
1172 4139 1423 4193 sanctum
1444 4139 1822 4209 Augustinum
1848 4143 2078 4210 propter
2095 4141 2517 4211 simplicitatem
2536 4143 2774 4198 fratrum
2799 4142 2982 4198 breui-

378 4221 459 4272 ter
485 4216 865 4273 instruendam
892 4219 1085 4290 aliqua
1115 4219 1186 4275 de
1214 4221 1410 4276 eodem
1435 4218 1604 4274 titulo
1633 4219 1919 4289 scripsisse
1946 4220 2277 4291 reperimus,
2316 4239 2461 4291 quae
2487 4222 2647 4279 vobis
2675 4222 2984 4279 lectitanda

377 4297 723 4368 reliquimus,
760 4298 968 4367 nequid
996 4299 1228 4355 rudibus
1254 4300 1445 4356 deesse
1474 4300 1755 4368 videatur,
1795 4300 1895 4369 qui
1922 4300 1996 4355 ad
2029 4302 2224 4357 tantae
2253 4300 2519 4357 scientiae
2548 4300 2794 4356 culmina
2820 4317 2980 4371 prae·

378 4378 656 4444 parantur.
709 4375 960 4431 Donatus
995 4376 1172 4449 igitur
1204 4380 1261 4433 Β
1298 4386 1348 4435 ct
1379 4380 1653 4436 Gai-etius.
1709 4380 1892 4436 eadem
1928 4379 2184 4448 leqtmtur
2218 4380 2283 4434 ὑπ
2318 4381 2497 4435 codice
2528 4378 2793 4435 Parisino
2829 4385 2980 4438 8679

497 4462 528 4510 2
576 4456 646 4511 (16
699 4471 834 4512 voce
881 4487 947 4497 —
995 4462 1030 4511 4
1076 4459 1504 4530 orthographia,
1559 4476 1697 4530 quae
1740 4459 1840 4513 hoc
1884 4459 1998 4513 loco
2042 4458 2107 4512 in
2147 4458 2303 4517 BSs'
2346 4459 2670 4529 interposita
2714 4463 2869 4526 swnt,
2916 4461 2981 4516 in

379 4536 552 4591 media
587 4540 753 4605 parte
793 4538 1038 4606 paqinae
1072 4540 1282 4610 scripta
1316 4546 1366 4596 et
1399 4542 1585 4609 figura
1621 4539 1849 4608 adpicta
1882 4539 2045 4607 quasi
2089 4538 2242 4593 tituli
2276 4544 2471 4594 notata
2504 4544 2635 4593 stunt
2680 4539 2745 4593 in
2780 4540 2836 4594 A

383 4619 443 4669 18
476 4616 697 4685 partem
733 4615 894 4671 uerbi
928 4616 1106 4672 ΔΒΕ
1138 4623 1470 4690 partemque
1508 4619 1665 4675 uerbi
1701 4619 1780 4674 ab
1889 4623 1958 4672 22
1996 4632 2187 4673 earum
2217 4617 2302 4673 Sb
2339 4617 2459 4673 eius
2495 4619 2616 4673 ΑΒ
2724 4625 2794 4673 24
2829 4619 2978 4689 posi-

378 4696 467 4749 tae
503 4694 763 4751 Garetius
896 4713 933 4751 a
968 4697 1234 4772 quodam]
1274 4699 1347 4756 ab
1381 4700 1437 4754 Β
1558 4704 1627 4754 26
1666 4699 1907 4754 collecta
1943 4702 2072 4753 suut
2107 4712 2142 4756 ς
2262 4703 2331 4753 29
2369 4697 2815 4771 oratoribusque]
2855 4716 2979 4755 ora·

379 4774 584 4829 toribus
621 4775 667 4830 S
770 4776 830 4831 in
866 4794 967 4833 om.
996 4778 1041 4833 S
1147 4784 1216 4834 30
1252 4780 1321 4835 (16
1350 4779 1695 4851 etymologia
1721 4779 1777 4834 A
1815 4779 1886 4835 de
1923 4777 2310 4848 etoemologiis
2336 4778 2391 4833 Β
2429 4778 2500 4834 (16
2527 4779 2906 4851 6111111101031111
2935 4781 2981 4837 S

446 4858 511 4907 31
549 4853 715 4928 alios]
752 4856 1048 4913 nonnullos
1082 4858 1138 4913 Β
1271 4860 1646 4930 etoemologia
1681 4876 1814 4916 uero
1853 4862 1940 4916 est
1974 4862 2074 4916 aut
2106 4876 2245 4916 uera
2279 4861 2334 4915 Β
