3613 5528
572 407 661 471 54
1647 404 1851 462 vum
1886 405 2117 462 LoNGI

572 517 615 554 p.
644 508 749 547 2219
778 508 829 546 P.

754 590 1114 670 Ingredienti
1161 589 1308 651 mihi
1353 592 1643 651 rationem
1691 590 1992 652 scribendi
2037 592 2302 652 occurrit
2348 592 2546 651 statim
2593 592 2671 652 ita
2719 591 3006 671 quosdam
3045 610 3180 652 cen·

575 701 766 760 suisse
814 717 945 759 esse
993 697 1404 781 scribendum,
1450 705 1517 758 ut
1563 697 1863 777 loquimur
1909 705 1971 758 et
2015 696 2305 758 audimus,
2397 716 2533 758 nam
2579 700 2659 759 ita
2706 716 2847 759 sane
2895 716 2960 758 se
3006 696 3184 759 habet

578 824 697 866 nou
738 823 1059 885 numquam
1108 805 1295 866 forma
1344 804 1708 885 enuntiandi,
1754 812 1825 865 ut
1870 805 2100 866 litterae
2147 807 2209 864 in
2254 806 2382 884 ipsa
2429 807 2752 885 scriptione
2797 807 3024 886 positae
3061 822 3184 866 non

576 910 891 973 audiantur
938 914 1294 973 enuntiatae.
1370 914 1455 972 sic
1503 914 1659 972 enim
1708 930 1845 972 cum
1893 911 2130 993 dicitur,
2176 906 2366 973 ‘illum
2412 907 2545 990 ego'
2594 920 2653 973 et
2696 907 2982 974 ‘omnium
3030 915 3182 993 opti-

573 1012 779 1100 mum',
824 1018 990 1079 illum
1039 1026 1098 1080 et
1143 1020 1408 1080 omnium
1456 1036 1642 1097 aeque
1691 1036 1748 1089 m
1797 1020 2077 1079 terminat
2122 1035 2232 1078 nec
2282 1025 2478 1079 tamen
2525 1022 2587 1079 in
2634 1021 3040 1080 enuntiatione
3083 1038 3179 1098 ap·
3210 1034 3238 1074 5

572 1133 758 1206 paret.
842 1132 907 1185 at
951 1143 1090 1186 cum
1135 1123 1387 1185 dicimus
1434 1117 1563 1185 ‘hic
1608 1133 1699 1186 est
1741 1120 1896 1206 ille',
1942 1143 2126 1186 unum
2176 1142 2208 1185 c
2255 1123 2573 1187 scribimus
2619 1133 2679 1187 et
2724 1124 2843 1186 duo
2891 1124 3183 1206 audimuS,

573 1233 731 1313 quod
779 1240 1023 1314 apparet
1068 1234 1130 1293 in
1176 1240 1386 1294 metro.
1480 1251 1614 1293 nam

893 1357 1025 1457 hoc
1073 1365 1229 1419 erat
1275 1357 1454 1418 alma
1502 1374 1789 1438 parenS,
1837 1354 2174 1435 quod—me
2219 1375 2343 1436 per
2391 1357 2564 1439 tela,
2611 1376 2737 1436 per
2783 1359 2988 1437 ignes

897 1467 1154 1547 eripiS,

581 1594 634 1653 si
680 1609 867 1653 unum
913 1609 946 1651 c
991 1589 1142 1650 hanc
1190 1589 1468 1670 syllabam
1517 1592 1844 1669 exciperet,
1900 1588 2216 1668 acephalus
2267 1570 2432 1650 esset
2489 1608 2697 1651 versus
2744 1608 2855 1650 nec
2904 1599 3106 1669 posset
3152 1608 3182 1651 a
3216 1606 3267 1644 ιο

577 1699 748 1779 longa
785 1697 1001 1778 syllaba
1038 1698 1321 1779 incipere,
1369 1714 1519 1777 quae
1558 1703 1650 1757 est
1685 1695 1928 1758 heroico
1966 1704 2157 1756 metro
2197 1699 2547 1757 necessaria.
2616 1714 2757 1776 ergo
2805 1696 3186 1758 scribendum

579 1824 690 1886 per
735 1804 851 1866 duo
892 1822 924 1865 c
972 1799 1152 1865 ‘boec
1200 1813 1327 1865 erat
1375 1804 1524 1866 alma
1568 1798 1820 1884 parens'
1868 1810 1969 1863 aut
2016 1801 2418 1864 confitendum
2458 1801 2743 1881 quaedam
2780 1801 2952 1863 aliter
2987 1802 3187 1884 scribi,

580 1911 751 1973 aliter
788 1912 1101 1971 enuntiari.
1168 1929 1302 1971 nam
1342 1910 1694 1991 quibusdam
1732 1910 1947 1971 litteris
1984 1907 2311 1990 deficimus,
2358 1927 2505 1988 quas
2543 1917 2739 1969 tamen
2779 1926 2961 1969 sonus
3001 1927 3185 1970 enun-

577 2019 837 2078 tiationis
893 2019 1168 2099 arcessit,
1223 2026 1290 2080 ut
1336 2035 1474 2079 cum
1529 2017 1783 2079 dicimus
1831 2011 2174 2084 ‘virtutem'
2223 2025 2282 2076 et
2329 2012 2553 2077 ‘virum
2612 2016 2827 2077 sortem
2880 2016 3184 2078 consulem

578 2118 949 2205 Scipionem'
1002 2123 1172 2202 [isse]
1188 2174 1206 2205 ‚
1263 2127 1606 2205 pervenisse
1655 2125 1780 2185 fere
1828 2124 1900 2185 ad
1946 2142 2122 2184 aures
2177 2127 2551 2203 peregrinam
2600 2122 2858 2184 litteram
2902 2125 3185 2184 invenies,
3217 2138 3267 2178 1⁵

578 2239 637 2292 et
682 2233 742 2291 in
781 2230 1082 2311 plerisque
1122 2231 1331 2292 Cicero
1376 2232 1611 2293 videtur
1657 2230 1862 2293 auditu
1912 2249 2189 2292 emensus
2237 2233 2640 2310 scriptionem,
2689 2232 2791 2309 qui
2831 2238 2890 2290 et
2926 2230 3188 2291 Aiiacem

577 2347 637 2399 et
682 2337 912 2398 Maiiam
970 2356 1080 2417 per
1135 2338 1252 2399 duo
1298 2338 1320 2398 i
1376 2337 1689 2400 scribenda
1754 2339 2140 2399 existimavit:
2204 2336 2442 2417 quidam
2499 2354 2685 2397 unum
2743 2354 2873 2397 esse
2930 2335 3186 2396 animad-

580 2450 837 2518 vertunt,
885 2443 1177 2523 siquidem
1222 2452 1422 2526 potest
1466 2453 1527 2505 et
1572 2463 1681 2524 per
1719 2462 1905 2505 unum
1952 2445 1972 2502 i
2020 2445 2338 2524 enuntiari,
2384 2450 2453 2503 ut
2500 2445 2789 2523 scriptum
2836 2452 2943 2503 est.
3027 2441 3185 2504 unde

577 2549 723 2611 illud
780 2553 944 2625 quod
996 2553 1265 2631 pressius
1311 2559 1369 2612 et
1415 2551 1648 2630 plenius
1696 2558 1868 2611 sonet
1913 2568 2021 2630 per
2069 2548 2254 2611 duo·i
2301 2550 2483 2611 scribi
2539 2559 2817 2629 oportere
2874 2551 3186 2631 existimat,

583 2660 669 2718 sic
718 2665 779 2718 et
823 2656 1101 2738 Troiiam,
1148 2666 1208 2718 et
1254 2660 1420 2738 siqua
1468 2657 1604 2718 talia
1651 2665 1808 2718 sunt.
1891 2655 2028 2717 inde
2078 2658 2295 2718 crescit
2331 2659 2443 2717 ista
2490 2658 2826 2738 geminatio,
2872 2664 2935 2717 et
2978 2658 3187 2736 incipit
3215 2673 3269 2711 20

580 2784 689 2845 per
747 2767 860 2825 tria
908 2767 925 2824 i
973 2763 1153 2825 scribi
1213 2767 1458 2848 coiiicit,
1515 2774 1583 2827 ut
1634 2766 1824 2845 prima
1881 2763 2097 2843 syllaba
2155 2766 2231 2825 sit
2286 2767 2406 2848 coi,
2462 2772 2781 2844 sequentes
2839 2762 2989 2825 duae
3044 2766 3185 2825 iicit.

760 3008 942 3064 Codex
980 3008 1281 3063 Parrhasii
1365 3014 1397 3062 2
1438 3024 1572 3063 sane
1608 3024 1668 3062 re
1704 3006 1919 3061 habent
2097 3011 2130 3060 3
2166 3006 2383 3076 positae
2421 3006 2721 3063 audiantur
2757 3007 3046 3061 enuntiare

580 3096 611 3144 5
652 3106 852 3163 equom
887 3088 1155 3144 terminat
1183 3090 1250 3145 G:
1291 3106 1345 3142 m
1375 3089 1649 3157 expunxit
1685 3105 1714 3142 c
1855 3103 1958 3142 nec
1986 3088 2178 3142 tamen
2207 3087 2591 3143 enuntiatione
2621 3089 2860 3158 apparet
2887 3104 3013 3142 cum
3051 3086 3188 3141 dici·

580 3206 704 3242 mus
833 3193 900 3242 10
928 3186 1110 3256 possit
1238 3193 1299 3241 13
1331 3185 1638 3241 defficimus
1767 3190 1834 3239 15
1865 3183 2183 3255 Scipionem
2210 3174 2325 3240 'isse
2351 3184 2556 3255 perisse
2585 3184 2698 3239 fere
2816 3191 2881 3240 16
2910 3183 3187 3254 Aiiacem]

584 3269 762 3325 aiiace
910 3272 974 3321 17
1013 3283 1113 3336 per
1141 3266 1253 3322 duo
1280 3266 1324 3320 ii
1468 3264 1722 3336 quidam]
1763 3265 2029 3334 quoniam
2172 3282 2342 3318 unum
2372 3280 2492 3319 esse
2523 3264 2571 3320 G'
2602 3281 2737 3319 corr.
2769 3281 2884 3319 una
2910 3279 3028 3319 esse
3056 3280 3086 3318 c

586 3354 650 3404 18
688 3351 755 3402 ut
791 3347 1064 3415 scriptum
1100 3344 1176 3400 sit
1212 3345 1358 3399 unde
1394 3344 1537 3398 illud
1573 3343 1817 3413 pressius
1961 3349 2030 3398 20
2067 3343 2295 3414 Trojam
2439 3350 2504 3399 21
2547 3344 2766 3414 syllaba
2801 3345 2876 3400 sit
2911 3342 3193 3430 communi

580 3433 668 3501 c—oi
703 3445 1001 3513 sequentes
1039 3441 1149 3496 duo
1187 3440 1310 3496 iicit
1337 3441 1407 3496 C:
1447 3440 1727 3496 communi
1754 3443 2029 3509 expunxit
2056 3459 2085 3498 c

765 3683 790 3729 1
842 3672 1138 3743 quosdam]
1197 3672 1392 3727 Scaur.
1423 3689 1484 3740 p.
1522 3678 1620 3737 25,
1657 3677 1722 3725 11
1764 3687 1896 3741 ergo
1933 3688 2043 3726 vox
2088 3670 2379 3727 scribenda
2424 3690 2535 3741 quo
2572 3672 2740 3729 modo
2786 3677 2845 3729 et
2889 3676 3051 3730 sonat

586 3764 617 3813 3
657 3755 876 3826 positae
905 3751 1205 3806 audiantur
1232 3751 1553 3807 enuntiatas
1581 3751 1653 3806 R.
1701 3769 1812 3807 non
1841 3752 2062 3807 addidit
2090 3751 2391 3806 Santenius
2417 3753 2482 3806 in
2513 3752 2726 3809 Terent.
2759 3754 2957 3809 Maur.
2976 3770 3038 3822 p.
3060 3757 3194 3809 253.

577 3838 811 3903 sonasse
844 3831 1061 3903 positae
1097 3847 1210 3885 non
1245 3831 1542 3886 audiantur
1575 3833 1634 3887 in
1673 3830 2068 3888 enuntiatione·
2198 3836 2230 3884 5
2270 3848 2446 3901 aeque
2483 3833 2812 3888 terminant:
2864 3849 2967 3887 nec
3002 3834 3192 3887 tamen

580 3933 648 3970 ex
684 3910 1069 3969 enuntiatione
1107 3914 1343 3980 apparet
1377 3911 1457 3980 R,
1494 3913 1592 3967 ubi
1628 3929 1806 3983 aeque
1851 3910 2121 3967 terminat
2156 3929 2212 3965 m
2266 3913 2494 3967 coniecit
2530 3913 2831 3968 Samenius
3009 3916 3042 3965 8
3089 3912 3196 3967 hoc

581 3994 725 4064 erat]
768 3991 922 4062 Very.
954 3991 1091 4045 Aen.
1132 3989 1216 4044 II
1251 3995 1379 4067 604·
1507 3999 1580 4060 11,
1611 4009 1755 4061 quae
1793 3993 1879 4046 est
1914 3989 1974 4044 in
2008 3990 2233 4047 heroico
2271 3993 2451 4047 metro
2488 3992 2544 4046 R
2593 3990 2603 4002 ’
2692 3999 2758 4047 14
2796 4009 2921 4046 cum
2959 3989 3197 4045 dicimus

579 4072 872 4143 virtutem]
901 4088 963 4140 p.
1005 4075 1094 4136 75,
1123 4074 1193 4125 15
1316 4075 1381 4125 15
1421 4070 1737 4142 Scipionem
1775 4089 1896 4128 esse
1933 4072 2164 4143 periisse
2201 4072 2315 4126 fere
2353 4069 2433 4139 R,
2473 4070 2791 4142 Scipionem
2829 4089 2947 4127 esse
2981 4071 3194 4142 perisse

579 4156 695 4211 fere
743 4154 908 4208 codex
956 4150 1149 4212 Vrsini
1326 4151 1643 4220 pervenisse
1686 4152 1804 4206 fere
1848 4152 2254 4206 Brambachius
2300 4152 2534 4220 orthoqr.
2590 4153 2683 4206 lat.
2723 4169 2786 4220 p.
2825 4156 2955 4208 125.
3008 4153 3197 4207 malim

581 4250 877 4306 personare
904 4231 1021 4286 fere
1051 4230 1152 4298 (vel
1179 4230 1467 4300 obrepere)
1495 4232 1568 4286 ad
1597 4248 1758 4286 aures
1784 4229 2135 4300 peregrinam
2164 4230 2413 4286 litteram
2440 4249 2479 4301 y
2506 4229 2756 4287 invenies
2882 4238 2947 4287 16
2978 4232 3195 4305 Cicero]

584 4316 815 4387 Quintil.
856 4314 899 4366 I
930 4316 983 4377 4,
1020 4315 1086 4366 11
1126 4311 1270 4366 sciat
1309 4312 1479 4366 etiam
1518 4311 1771 4367 Ciceroni
1818 4310 2095 4380 placuisse
2148 4312 2258 4368 aiio
2295 4312 2636 4381 Maiiamque
2681 4310 2970 4382 geminata
3005 4314 3025 4367 i
3063 4314 3195 4370 scri-

584 4396 717 4450 bere
866 4400 930 4449 17
970 4409 1071 4463 per
1108 4393 1218 4448 duo
1255 4393 1277 4447 i
1314 4392 1629 4463 scribenda]
1661 4410 1723 4461 p.
1746 4395 1944 4456 66,18.
1976 4395 2128 4457 72‚2
2274 4392 2542 4461 quoniam
2579 4410 2752 4447 unum
2790 4408 2908 4447 esse
2946 4391 3195 4448 animad-

581 4477 822 4532 vertunt.
877 4472 925 4529 si
963 4472 1191 4542 quidem
1227 4476 1414 4545 potest
1450 4475 1509 4528 et
1543 4489 1645 4542 per
1680 4487 1856 4525 unum
1895 4470 1916 4523 i
1953 4471 2258 4542 enuntiari,
2304 4473 2369 4526 ut
2405 4472 2675 4543 seriptum
2712 4472 2802 4527 sit.
2858 4471 3005 4527 unde
3052 4465 3197 4528 illud

580 4556 824 4627 pressius
851 4554 932 4623 R,
970 4556 1119 4624 quod
1156 4559 1348 4611 tamen
1388 4572 1560 4609 unum
1597 4569 1719 4608 esse
1756 4550 2235 4608 animadvertunt:
2275 4551 2554 4621 siquidem
2590 4569 2755 4623 posse
2793 4554 2853 4607 et
2887 4570 2988 4622 per
3022 4571 3197 4608 unum

581 4635 604 4688 i
650 4634 952 4703 enuntiari,
1008 4639 1074 4691 ut
1119 4636 1388 4705 scriptum
1437 4634 1527 4689 sit.
1602 4632 1748 4687 unde
1795 4631 1945 4700 quod
1994 4630 2139 4687 illud
2185 4632 2430 4702 pressius
2479 4634 2708 4688 coniecit
2754 4632 2823 4687 G.
2870 4632 3197 4688 Schmitzius
3249 4640 3258 4646 “

580 4720 783 4784 quaest.
821 4716 1054 4784 orthoep.
1093 4721 1143 4770 et
1179 4716 1414 4784 orthoyr.
1453 4713 1815 4782 (Marcodtmss
1851 4729 1903 4765 a.
1941 4716 2116 4779 1860)
2143 4729 2204 4782 p.
2246 4717 2283 4766 6
2428 4719 2495 4768 20
2533 4712 2613 4768 sic
2651 4715 2712 4767 et
2744 4712 2972 4768 Troiam
3008 4713 3059 4767 R

590 4802 654 4848 21
695 4793 943 4850 coniiicit
968 4797 1034 4848 ut
1068 4793 1251 4862 prima
1287 4793 1506 4863 syllaba
1533 4792 1609 4847 sit
1644 4790 1978 4858 communis,
2017 4794 2314 4861 sequentes
2343 4793 2453 4848 duo
2481 4791 2629 4847 iicitz
2667 4808 2796 4845 nam
2826 4790 2875 4846 si
2902 4792 2987 4846 est
3023 4791 3196 4861 aliud,

583 4873 745 4942 iacit,
782 4889 883 4943 pro
924 4891 958 4928 a
994 4873 1015 4928 i
1056 4873 1431 4943 substituitur,
1467 4873 1534 4927 ut
1568 4872 1778 4927 vocalis
1816 4869 2071 4927 obtineat
2105 4870 2162 4924 R
