3613 5528
584 401 719 466 466
1569 401 1920 456 ARVSIANI
1957 401 2199 457 MESSII

579 513 627 552 p.
657 503 740 542 224
768 502 820 541 L.

585 586 749 648 dedi
795 588 1195 670 patiamini,
1241 587 1396 648 idem
1434 606 1545 668 pro
1583 586 1856 649 Cluentio
1896 588 2182 665 (642181)
2231 586 2350 649 sed
2390 586 2597 668 plane
2636 587 2717 649 ad
2755 589 3187 669 supplicium

584 693 856 756 dedidit
908 741 921 754 .

613 761 660 816 ⁸
760 800 870 861 Dat
915 799 1025 882 illi,
1071 800 1242 880 Verg.
1288 800 1431 862 Aen.
1471 799 1625 862 VIIII
1664 802 1802 876 (83)
1852 800 1931 862 da
1981 808 2140 863 nate
2186 803 2470 881 petenti
2509 849 2521 860 .
2561 800 2660 862 dat
2705 803 2764 862 in
2813 801 2985 882 illud,
3031 802 3186 863 idem

581 908 723 969 Aen.
771 906 927 968 VIIII
974 908 1153 982 (815)
1202 907 1391 969 saltu
1446 926 1604 969 sese
1661 908 1993 970 omnibus
2049 910 2267 970 armis
2320 909 2392 967 in
2438 907 2738 970 fluvium
2785 908 2982 970 dedit
3029 957 3041 970 .
3088 909 3188 970 dat

582 1015 654 1076 ad
699 1014 892 1100 illum,
939 1015 1072 1077 Ter.
1119 1016 1296 1077 Phor.
1345 1015 1474 1089 (IV
1512 1015 1689 1090 3,48)
3242 1031 3270 1071 ⁵

1059 1126 1133 1185 in
1181 1126 1611 1186 servitutem
1657 1141 2044 1204 pauperem
2092 1121 2172 1184 ad
2219 1123 2437 1184 ditem
2485 1122 2638 1183 dari
2686 1171 2699 1183 .
3268 1153 3281 1166 ·

759 1230 1045 1311 Deposuit
1099 1232 1220 1306 his,
1287 1230 1456 1311 Verg.
1515 1250 1675 1311 geor.
1731 1230 1783 1291 II
1840 1231 1983 1306 (24)
2040 1231 2381 1311 deposuit
2444 1229 2670 1292 sulcis
2728 1278 2739 1291 .
2796 1230 3070 1311 deposuit
3124 1232 3186 1291 in

578 1338 700 1420 his,
756 1338 875 1399 Cic.
931 1336 1141 1420 Philip.
1199 1337 1334 1398 XIII
1391 1339 1631 1416 (11,24)
1696 1357 1850 1400 cum
1925 1341 1993 1399 in
2068 1339 2363 1418 gremiis
2436 1340 2806 1399 mimarum
2878 1345 3185 1400 mentum

578 1454 1026 1526 mentemque
1074 1447 1474 1526 deponeret
1523 1494 1535 1508 .

761 1553 1017 1614 Detraho
1065 1553 1200 1634 tibi,
1261 1553 1378 1616 Cic.
1424 1573 1534 1634 pro
1582 1553 1755 1616 Corn.
1803 1552 1828 1613 1
1876 1553 2060 1614 nihil
2117 1554 2404 1614 senatui
2459 1552 2865 1615 detraxisse
2922 1552 3183 1614 Corne·
3213 1570 3267 1610 ιο

581 1661 751 1723 lium
784 1709 798 1723 .
828 1660 1073 1722 detraho
1114 1660 1188 1722 de
1225 1669 1312 1743 te,
1358 1661 1476 1723 Cic.
1505 1680 1614 1742 pro
1646 1662 1870 1723 Scauro
1910 1661 2056 1734 (36)
2096 1659 2276 1721 nihil
2324 1659 2587 1721 Sardos
2633 1660 2857 1741 Appio
2904 1661 3185 1740 gratius

580 1787 738 1830 esse
787 1770 1138 1843 facturos,
1187 1787 1391 1848 quam
1437 1770 1496 1828 si
1544 1767 1624 1829 de
1675 1767 1931 1829 Scauri
1972 1768 2150 1828 sama
2188 1767 2919 1830 detraxerint.volunt
2946 1767 3185 1848 quidam

581 1876 922 1939 distantiam
968 1895 1127 1957 esse,
1177 1885 1241 1938 ut
1288 1871 1572 1936 ‘lacerare
1620 1870 1854 1936 famam'
1903 1874 1976 1935 de
2023 1873 2122 1934 illo
2169 1857 2483 1935 detrahere
2529 1877 2632 1957 sit,
2679 1875 2782 1937 sed
2821 1874 2967 1935 salso
2996 1922 3010 1935 .
3048 1893 3183 1936 nam

580 1983 699 2046 Cic.
737 1983 812 2044 de
850 1982 1040 2063 suppl.
1080 1986 1172 2056 (in
1225 1984 1395 2044 Verr.
1448 1983 1500 2041 V
1529 1982 1745 2056 2258)
1785 2000 1963 2062 quae
2012 1990 2083 2042 tu
2132 1981 2217 2043 de
2264 2000 2406 2062 rep.
2451 1980 2703 2043 bostra
2749 1981 3184 2063 detraxeriS,

578 2091 637 2151 id
685 2099 776 2152 est
822 2091 1193 2152 imminueris
1240 2099 1301 2151 et
1357 2089 1700 2171 abstuleriS,
1755 2090 1911 2150 idem
1968 2092 2028 2150 in
2079 2088 2243 2151 Catil.
2291 2088 2343 2149 II
2391 2089 2587 2165 (8,18)
2634 2097 2703 2150 et
2758 2087 3046 2150 dubitas
3101 2090 3182 2152 de
3214 2107 3264 2148 ιε»

575 2200 1047 2304 possessione
1095 2196 1482 2259 detrahere
1530 2245 1544 2257 .

752 2304 963 2366 Deficit
1008 2304 1165 2365 illam
1204 2323 1358 2385 rem,
1404 2303 1575 2383 Verg.
1614 2321 1814 2384 georg.
1853 2303 1877 2364 I
1917 2304 2107 2379 (290)
2155 2313 2406 2366 noctes
2452 2305 2694 2365 lentus
2742 2322 2876 2366 non
2924 2306 3184 2369 deficit

577 2410 826 2472 humor
874 2459 886 2472 .
935 2411 1135 2472 deficit
1180 2410 1252 2471 ab
1299 2410 1394 2471 illa
1442 2429 1535 2491 re,
1582 2410 1700 2471 Cic.
1749 2410 1822 2472 de
1868 2420 2147 2492 praetura
2197 2411 2419 2472 urbana
2468 2415 2561 2484 (in
2616 2413 2783 2473 Verr.
2824 2421 2940 2474 act.
2979 2432 3097 2475 sec.
3149 2415 3189 2474 I

574 2518 796 2594 31,79)
842 2517 1315 2599 Lampsacena
1375 2520 1634 2578 civitas
1689 2518 2011 2579 deficere
2068 2516 2150 2579 ab
2206 2521 2508 2599 imperio
2566 2537 2642 2579 ac
2700 2521 2982 2581 nomine
3038 2539 3180 2581 non

576 2622 858 2684 valebat
905 2672 918 2685 .
966 2625 1166 2686 deficit
1210 2625 1281 2686 ad
1329 2623 1520 2706 illum,
1580 2625 1693 2686 Sal.
1742 2623 1863 2705 Iug.
1912 2626 2111 2700 (61,1)
2175 2628 2245 2687 in
2311 2625 2422 2686 his
2486 2624 2791 2687 urbibus
2855 2645 3033 2707 quae
3100 2626 3179 2687 ad
3210 2643 3263 2683 so

574 2749 647 2793 se
695 2731 1111 2795 defecerant
1150 2780 1161 2792 .
1201 2731 1400 2794 deficit
1445 2733 1792 2814 simpliciter
1839 2751 1948 2813 pro
1995 2732 2190 2815 deest,
2236 2731 2406 2813 Verg.
2438 2732 2580 2795 Aen.
2610 2731 2684 2793 vl
2723 2733 2906 2808 (143)
2951 2735 3180 2815 primo

574 2839 825 2901 avulso
874 2859 1010 2901 non
1059 2839 1318 2902 deficit
1363 2840 1565 2901 alter.

751 2947 984 3009 Decedo
1048 2951 1194 3010 huic
1257 2948 1330 3009 de
1396 2948 1506 3010 hac
1569 2967 1664 3029 re,
1727 2947 1846 3011 Cic.
1906 2947 1978 3009 de
2034 2967 2158 3029 rep.
2209 2950 2250 3009 I
2298 2949 2557 3023 (43267)
2614 2956 2691 3009 ut
2753 2948 2865 3009 his
2929 2948 3010 3010 de
3076 2952 3181 3011 via

573 3053 1061 3116 decedendum
1111 3057 1205 3117 sit
1252 3104 1265 3117 .
1312 3055 1536 3117 decedo
1575 3056 1712 3117 huic
1752 3055 2129 3138 simpliciter,
2174 3054 2345 3135 Verg.
2384 3055 2516 3117 huc.
2557 3056 2756 3132 (8,88)
2805 3074 2932 3117 nec
2979 3075 3180 3118 serae

572 3164 898 3222 meminit
944 3161 1299 3223 decedere
1347 3165 1542 3224 nocti
1591 3210 1639 3242 ,Α
3208 3181 3261 3220 25

751 3269 1017 3331 Delectat
1074 3288 1166 3330 me
1222 3270 1368 3332 haec
1425 3289 1549 3352 reS,
1616 3269 1737 3331 Cic.
1784 3269 1858 3330 de
1906 3288 2029 3350 rep.
2076 3269 2103 3331 1
2149 3271 2387 3347 (13,19)
2453 3273 2607 3350 ipsa
2671 3272 2990 3350 cognitio
3055 3289 3182 3332 nos

752 3530 936 3587 codex
993 3532 1292 3587 Parrhasii
1399 3540 1431 3586 3
1468 3530 1649 3602 vnn]
1687 3531 1796 3586 1111
1835 3533 2023 3601 priore
2058 3532 2172 3587 1000
2354 3538 2383 3587 -ι
2429 3532 2505 3602 11]
2553 3532 2633 3587 111
2811 3540 2845 3589 s
2882 3519 3183 3589 mimirum

570 3614 929 3682 mentemque
1087 3619 1152 3668 10
1189 3612 1563 3682 detrhaxisse,
1598 3613 1692 3667 aed
1728 3612 1902 3667 deleta
1936 3612 1976 3665 h
2013 3612 2196 3667 littera
2356 3611 2499 3666 nihil
2535 3612 2700 3669 ardos
2737 3614 2951 3684 Appios
3115 3621 3182 3669 14

571 3692 640 3747 de
676 3699 803 3762 rep!
833 3710 932 3748 nos
968 3694 1204 3749 traxeris
1349 3699 1416 3749 18
1455 3710 1615 3749 amor
1642 3708 1779 3747 corr.
1812 3690 2011 3745 humor
2153 3697 2222 3745 20
2250 3692 2324 3747 ad
2352 3709 2410 3748 se
2446 3692 2768 3749 defecerunt
2910 3695 3047 3749 Aen.
3076 3693 3180 3766 VI]

569 3771 647 3825 VI
684 3775 821 3828 Aen.
966 3780 1033 3829 23
1073 3774 1205 3830 hnic
1231 3775 1423 3844 priore
1461 3774 1575 3828 loco
1611 3789 1710 3828 om.
1859 3771 1883 3823 I
1920 3789 2020 3827 om.

748 4011 780 4060 2
819 4005 1061 4078 dedidit]
1100 4006 1258 4062 dedit
1292 4008 1497 4062 codices
1536 4004 1812 4062 Gicerom'a
1981 4009 2014 4058 8
2052 4022 2178 4060 oum
2224 4005 2284 4061 in
2330 4007 2559 4078 gremiis
2595 4007 2894 4062 mimarum
2930 4010 3182 4063 mentum

572 4089 926 4157 mentemque
956 4089 1262 4158 deponeret
1282 4089 1370 4155 M,
1397 4105 1524 4142 cum
1551 4086 1612 4142 in
1639 4085 1866 4159 gremiis
1893 4085 2186 4141 mimarum
2216 4088 2462 4142 mentem
2487 4093 2849 4157 mentumque
2878 4087 3180 4158 deponeres

571 4168 778 4223 codices
816 4168 1117 4235 Ciceronis,
1164 4169 1262 4224 ubi
1297 4170 1544 4223 mentum
1584 4170 1939 4235 mentemque
1977 4182 2044 4222 ex
2079 4168 2196 4221 suis
2232 4167 2391 4222 libris
2426 4168 2598 4223 edidit
2634 4167 2941 4223 Ferrarius
3112 4176 3175 4224 11

573 4246 718 4301 nihil
747 4248 949 4304 Sardos
978 4249 1162 4320 Appio
1192 4247 1407 4321 gratius
1436 4249 1533 4316 M,
1570 4264 1898 4317 persuasum
1935 4247 2023 4303 est
2049 4246 2240 4302 Sardis
2278 4263 2336 4302 se
2372 4247 2517 4301 nihil
2544 4246 2726 4317 Appio
2755 4250 2970 4319 gratius
2993 4248 3180 4305 Cicero

681 4336 749 4385 14
786 4347 929 4399 quae
965 4333 1031 4385 tu
1076 4331 1147 4385 de
1193 4348 1252 4386 re
1299 4328 1528 4401 publica.
1572 4329 1762 4384 nostra
1804 4327 2113 4382 detraxeris
2168 4328 2374 4382 codices
2421 4327 2696 4382 Ciceronis
2747 4331 3061 4399 deterior-‘5⁸3
3117 4331 3181 4385 in

569 4411 884 4467 melioribus
920 4411 1077 4466 libris
1111 4412 1368 4466 omissum
1404 4416 1480 4465 est
1516 4411 1585 4465 de
1760 4414 1827 4463 15
1864 4408 1924 4462 et
1958 4407 2179 4462 dubites
2219 4406 2430 4475 Cicero,
2476 4409 2576 4463 ubi
2611 4412 2670 4465 et
2706 4409 2932 4465 dubitas
2969 4412 3032 4464 in
3065 4426 3180 4464 non

570 4492 742 4546 nullis
778 4492 1055 4547 codicibus
1092 4496 1168 4545 est
1350 4497 1414 4545 19
1451 4489 1735 4545 bellumne
1785 4487 1997 4559 populo
2032 4486 2284 4544 Romano
2321 4489 2708 4560 Lampsacena
2757 4490 2955 4546 civitas
2993 4488 3175 4546 facere

572 4572 914 4628 conabatur?
972 4571 1207 4626 deficere
1254 4572 1324 4627 ab
1370 4570 1604 4641 imperio
1642 4585 1708 4624 ac
1744 4568 1969 4623 nomine
2005 4568 2196 4624 nostro
2233 4569 2494 4625 volebat?
2545 4571 2733 4626 Cicero
2904 4576 2974 4625 20
3010 4569 3084 4625 ad
3119 4587 3178 4626 se

525 4648 528 4651 ’
571 4652 891 4707 defecerant
919 4651 1219 4707 Sallustius
1246 4658 1295 4706 et
1322 4652 1645 4706 Arusianus
1662 4668 1723 4720 p.
1754 4654 1964 4719 485,23
2106 4655 2175 4704 23
2196 4648 2404 4704 decedo
2432 4649 2564 4704 huie
2583 4649 2652 4705 de
2672 4650 2778 4705 hae
2797 4667 2859 4705 re
2878 4650 3180 4706 Houuenus

563 4748 624 4800 p.
661 4735 735 4784 44
896 4731 1005 4802 his]
1042 4730 1137 4787 hic
1178 4730 1256 4797 G,
1291 4731 1341 4786 is
1378 4732 1543 4787 codex
1581 4731 1860 4786 Ciceronis
2020 4736 2088 4786 26
2126 4746 2192 4786 ac
2229 4746 2318 4784 me
2355 4729 2607 4799 quidem,
2644 4732 2708 4785 ut
2745 4730 2969 4786 hercule
3006 4730 3177 4785 etism

572 4813 628 4866 te
665 4809 876 4880 ipsum,
912 4811 1093 4881 Laeli,
1132 4812 1423 4882 omnisque
1461 4811 1656 4867 avidos
1694 4810 2001 4881 sapientiae
2039 4809 2286 4880 cognitio
2322 4809 2447 4879 ipsa.
2482 4827 2665 4865 rerum
2695 4810 3176 4881 consideratioque

576 4890 820 4946 delectat
859 4890 1043 4947 Cicero
