3613 5528
597 391 683 454 22
1585 389 1936 444 TERENTII
1974 387 2235 444 SCAVRI

598 502 640 538 p.
671 490 788 529 2257.
817 489 870 530 58
898 491 946 529 Ρ.

601 594 857 654 sequens
922 577 1203 655 incipere.
1296 574 1400 634 sed
1448 574 1591 636 illud
1640 577 1832 635 secuti
1877 572 2178 655 videntur,
2236 575 2391 653 quod
2444 576 2667 635 cavissa
2712 574 2868 635 dicta
2915 578 2994 636 sit
3037 594 3070 634 a
3116 591 3209 634 ca-

602 681 1029 742 villationibus‘
1053 682 1139 742 vel
1186 700 1219 742 a
1267 681 1554 762 cavendo,
1608 680 1822 742 deinde
1880 699 1990 761 per
2045 675 2387 762 συγκοπήυ
2444 700 2666 742 caussa.
2757 684 2836 741 ita
2884 690 2945 742 et
2988 685 3050 742 in
3097 682 3211 742 hoc

602 797 849 868 propter
896 780 1241 868 συγκοπήν
1270 785 1705 867 'geminandum
1754 808 1782 849 s
1830 795 2207 869 putaverunt,
2254 798 2322 849 ut
2367 791 2679 869 originatio
2727 797 3054 869 appareret.

783 939 1005 1000 Deinde
1053 959 1160 1020 per
1207 942 1636 1002 detractionem
1683 942 1795 1000 hoc
1845 942 2017 1001 modo
2067 939 2365 1000 scribendi
2415 942 2563 1000 ratio
2608 949 2887 1020 corrupta
2928 948 3035 1022 est,
3082 943 3209 1019 qui-

606 1046 853 1107 busdam
905 1065 1023 1106 uno
1069 1050 1089 1107 i
1136 1046 1537 1108 scribentibus
1593 1050 1928 1127 genetivum
1989 1065 2195 1108 eorum
2253 1049 2558 1107 nominum
2612 1066 2762 1126 quae
2809 1050 2902 1107 ius
2951 1050 3209 1137 nomina·
3241 1062 3266 1099 5

601 1157 721 1214 tivo
769 1152 1053 1232 singulari
1102 1154 1419 1234 liniuntur,
1467 1161 1534 1214 ut
1578 1155 1869 1214 Antonius
1919 1153 2159 1226 Antoni,
2219 1153 2552 1214 Tremelius
2599 1154 2882 1235 Tremeli,
2940 1156 3210 1232 exigente

602 1259 804 1338 regula
844 1268 911 1320 ut
950 1262 1008 1320 in
1052 1258 1264 1319 horum
1303 1261 1591 1336 genetivis
1629 1262 1649 1318 i
1688 1258 1883 1319 littera
1930 1261 2283 1340 geminetur,
2332 1262 2607 1339 quoniam
2655 1262 2965 1337 genetivus
3014 1262 3211 1338 singu-

602 1366 743 1426 laris
789 1384 908 1426 non
956 1365 1134 1426 debet
1180 1368 1467 1425 minorem
1518 1383 1832 1426 numerum
1891 1365 2108 1426 habere
2167 1366 2520 1445 syllabarum
2580 1385 2754 1445 quam
2803 1368 3214 1446 nominativuS,

606 1475 749 1553 quin
806 1474 985 1532 immo
1044 1473 1345 1533 interdum
1402 1474 1578 1533 etiam
1638 1474 1824 1532 maior
1872 1473 1953 1532 lit.
2044 1481 2290 1552 propter
2346 1491 2521 1551 quam
2579 1491 2814 1533 causam
2872 1491 2979 1552 ego
3037 1475 3212 1533 etiam

606 1582 903 1641 vocativos
951 1579 1163 1640 horum
1210 1597 1319 1659 per
1365 1578 1482 1639 duo
1531 1581 1578 1660 i,
1623 1597 1761 1661 non,
1810 1588 1877 1640 ut
1922 1579 2290 1639 consuetudo
2337 1583 2672 1662 usurpavit,
2717 1598 2826 1661 per
2874 1598 3057 1642 unum
3103 1600 3209 1660 pu·
3244 1592 3293 1630 1⁰

608 1695 727 1747 tem
778 1703 909 1745 esse
957 1685 1331 1765 scribendoS,
1380 1688 1515 1765 quia
1564 1703 1682 1745 non
1721 1685 1932 1746 debeat
1978 1704 2166 1765 aeque
2213 1689 2513 1746 vocativus
2562 1688 2851 1748 minorem
2899 1702 3213 1748 numerum

608 1792 962 1873 syllabarum
1009 1791 1228 1853 habere
1267 1810 1443 1871 quam
1490 1794 1902 1866 nominativus,
1978 1794 2057 1852 ita
2105 1811 2139 1850 o
2181 1794 2415 1852 Antonii
2456 1802 2514 1853 et
2554 1813 2588 1852 o
2627 1793 2856 1854 Aemilii
2903 1796 2963 1852 in
3012 1796 3213 1872 singu-

609 1901 716 1962 lari
774 1902 1036 1961 vocativo
1084 1908 1144 1960 et
1190 1900 1507 1960 dicendum
1558 1900 1568 1976 Ι
1620 1906 1680 1959 et
1736 1898 2118 1960 scribendum
2176 1917 2306 1960 esse
2363 1902 2789 1961 contenderim.
2881 1902 3020 1961 item
3080 1918 3215 1959 cum

609 2008 745 2068 exul
792 2017 851 2069 et
898 2015 1243 2086 expectatus
1300 2010 1428 2068 sine
1478 2026 1506 2067 s
1553 2006 1750 2067 littera
1808 2006 2182 2088 scribuntur,
2247 2025 2382 2068 cum
2440 2007 2657 2086 alioqui
2713 2008 2936 2069 adiecta
2994 2027 3062 2068 ea
3117 2007 3214 2067 ‹le-

608 2114 786 2176 beant
833 2113 1031 2197 scribi,
1080 2115 1357 2193 quoniam
1397 2114 1671 2175 similiter
1709 2114 1900 2175 solum
1950 2121 2368 2193 spectatusque
2419 2115 2649 2176 dicatur
2688 2122 2748 2175 et
2785 2115 3010 2176 adiecta
3049 2134 3213 2194 prae·
3247 2125 3298 2164 1⁵

614 2223 910 2302 positione
958 2221 1183 2282 salvum
1231 2240 1361 2282 esse
1409 2220 1526 2282 illis
1573 2208 1808 2281 initium
1857 2219 2083 2281 debeat.

833 2328 1176 2390 Detrahitur
1230 2347 1261 2388 a
1321 2327 1673 2409 quibusdam
1729 2329 1817 2387 eis
1871 2327 2211 2387 nominibus
2268 2347 2417 2407 quae
2476 2326 2549 2387 ab
2596 2349 2631 2408 y
2678 2327 2872 2389 littera
2927 2330 3222 2406 incipiunt

610 2439 649 2498 h
716 2434 1213 2497 contendentibus
1287 2453 1481 2514 neque
1555 2434 1810 2495 litteram
1878 2452 2004 2493 eam
2070 2453 2200 2494 esse
2267 2443 2325 2495 et
2397 2454 2572 2515 posse
2647 2433 2738 2519 vel
2812 2453 2930 2494 non
2995 2435 3222 2494 adiecta

611 2544 708 2606 illa
767 2543 1185 2621 aspirationem
1240 2544 1298 2601 in
1358 2562 1393 2622 y
1453 2540 1645 2601 littera
1713 2540 2042 2601 secundum
2094 2540 2239 2601 baec
2294 2546 2530 2603 nomina
2590 2540 2878 2623 intellegi,
2944 2542 3221 2619 quoniam

793 2722 859 2770 14
897 2712 1029 2768 exul
1054 2730 1116 2783 p.
1155 2718 1254 2781 28,
1291 2719 1363 2770 15

795 2884 821 2931 1
861 2875 1003 2929 illud
1042 2889 1141 2929 om.
1178 2874 1261 2940 Β,
1300 2876 1427 2931 add.
1466 2875 1571 2929 Pto
1767 2873 1919 2941 quod
1958 2890 2128 2927 causa
2165 2874 2317 2929 dicta
2353 2875 2427 2930 sit
2463 2877 2572 2931 Βω
2612 2880 2762 2947 quod
2800 2894 2969 2933 causa
3004 2874 3226 2929 adiecta

614 2961 688 3015 sit
726 2958 782 3012 P
957 2961 988 3008 2
1027 2971 1128 3023 per
1166 2955 1540 3009 (ΥΝΚΟΠΗΝ
1579 2953 1634 3007 Β
1816 2969 1985 3007 causa
2018 2953 2196 3008 ΒΡω
2376 2957 2459 3010 ita
2496 2960 2554 3011 et,
2587 2957 2808 3012 initiam
2846 2957 3222 3011 (ΥΝΚΟΠΗΝ

614 3037 1011 3110 geminandum
1047 3034 1390 3104 putauerunt
1425 3033 1481 3085 Β
1517 3032 1601 3086 ita
1637 3033 1694 3087 et
1730 3032 1893 3086 initia
1930 3032 2257 3088 (ΥΝΚΠΗΝ
2297 3035 2694 3104 geminandum
2731 3054 2757 3091 s
2793 3037 3135 3104 putauerunt
3175 3034 3230 3086 P

615 3120 696 3173 ita
732 3121 790 3172 et
824 3115 988 3171 initia
1024 3109 1311 3181 συνκοπὴν
1348 3112 1747 3181 geminandum
1785 3132 1840 3168 ss
1877 3117 2214 3183 putauerunt
2267 3134 2337 3181 ω,
2384 3114 2467 3169 ita
2504 3117 2562 3168 et
2597 3114 2655 3169 in
2690 3114 2751 3168 id
2786 3107 2900 3169 iam
2938 3109 3226 3182 συγκοπὴν
3311 3137 3320 3145 ·

621 3196 1017 3269 geminandam
1063 3196 1406 3264 putauerunt
1454 3192 1776 3260 Pac-schim,
1823 3194 1906 3247 ita
1953 3194 2097 3248 enim
2144 3199 2376 3264 propter
2421 3192 2709 3264 συγκοπὴν
2756 3193 3152 3263 geminandam
3201 3212 3226 3246 s

616 3279 957 3347 putaverunt
993 3275 1353 3329 Schneiderus
1387 3288 1613 3340 yramm.
1654 3274 1747 3329 lat.
1786 3289 1835 3328 v.
1876 3274 1919 3326 I
1945 3291 2003 3341 p.
2043 3279 2155 3329 432
2338 3281 2371 3328 4
2406 3277 2638 3343 sortasse
2675 3291 2710 3329 a
2747 3272 3084 3343 quibusdam

619 3364 651 3412 5
687 3357 774 3411 ius
811 3353 1159 3410 nominatiuo
1200 3353 1255 3405 P
1288 3351 1374 3405 ius
1411 3351 1761 3406 naminatiuo
1797 3353 1854 3405 Β
1890 3352 1978 3407 ius
2019 3354 2270 3424 genitiuo
2309 3376 2351 3408 ω
2533 3362 2565 3409 6
2605 3353 2837 3426 Antoni]
2878 3354 3026 3407 Anto
3063 3353 3118 3405 Β

621 3497 649 3545 7
689 3488 990 3560 genetivis]
1030 3484 1314 3557 genitiuus
1350 3484 1405 3538 Β
1552 3491 1585 3539 8
1622 3444 1790 3541 debet.
1825 3486 1881 3539 B
1920 3489 1976 3554 (a
2011 3503 2278 3556 superscr.
2319 3489 2399 3557 b),
2437 3487 2640 3543 debeat
2680 3489 2790 3541 Ρω
2935 3504 3226 3542 numerum

1150 3576 1318 3615 habere

616 3633 825 3688 habere
873 3629 1199 3684 sillabarum
1245 3643 1413 3695 quam
1458 3625 1515 3680 Β
1570 3628 1798 3698 (habere
1843 3645 2110 3698 superscr.
2159 3629 2239 3698 b),
2288 3646 2577 3684 numerum
2631 3630 2975 3700 syllabarum
3023 3630 3230 3684 habere

1239 3720 1271 3748 n

626 3780 795 3834 quam
837 3763 944 3816 Ρω
1091 3768 1122 3814 9
1162 3762 1260 3829 qui
1293 3761 1467 3816 immo
1503 3761 1559 3814 Β
1597 3761 1869 3832 quiniimo
1911 3760 1967 3812 P
2087 3761 2268 3815 maior
2300 3762 2365 3815 fit
2404 3762 2700 3816 Putschius
2735 3768 2786 3816 et
2820 3767 2882 3815 ut
2917 3763 3140 3822 videtur,
3158 3763 3232 3830 Β,

622 3844 801 3899 maior
839 3842 915 3895 sit
955 3841 1062 3895 Pm
1272 3849 1339 3896 10
1377 3859 1477 3910 per
1513 3842 1623 3897 duo
1659 3840 1703 3895 ii
1737 3841 1916 3895 ΒΡω
2115 3844 2309 3911 pubem
2346 3859 2463 3896 esse
2501 3843 2855 3897 scribendum
2892 3862 2935 3894 ω
2972 3844 3232 3911 putemus

624 3941 743 3979 esse
782 3922 1077 3978 scribendo
1119 3921 1175 3974 P
1207 3923 1466 3991 putemus
1503 3939 1622 3977 esse
1661 3922 2017 3977 scribendum
2051 3922 2125 3976 Β.
2172 3924 2394 3977 eandem
2422 3923 2730 3978 doctrinam
2759 3922 3002 3978 Varroni
3037 3924 3233 3978 tribuit

624 4004 910 4059 Charisius
944 4018 1006 4069 p.
1045 4005 1137 4064 78,
1173 4005 1207 4054 4
1253 4003 1319 4056 de
1361 4005 1603 4072 ymetivo
1648 4004 1863 4072 duplici
1907 4003 1932 4055 i
1974 4002 2133 4068 finito
2174 4003 2548 4071 praecipiens,
2583 4002 2754 4071 idque
2793 4003 2970 4057 Varro
3005 4003 3234 4057 tradens

623 4082 800 4138 adicit
834 4080 1155 4142 vocativum
1194 4099 1414 4151 quoque
1448 4082 1788 4154 singularem
1825 4082 2026 4138 talium
2053 4081 2341 4137 nominum
2379 4099 2479 4151 per
2507 4082 2716 4152 duplex
2751 4082 2773 4136 i
2809 4082 2977 4137 scribi
3015 4082 3232 4149 debere,

624 4163 725 4219 sed
761 4162 993 4231 propter
1030 4160 1403 4217 differentiam
1441 4181 1669 4219 casuum
1707 4161 1990 4231 corrumpi
2155 4169 2220 4216 12
2260 4162 2465 4216 habere
2504 4178 2603 4216 om.
2641 4161 2715 4228 Β,
2754 4178 3020 4232 superser.
3060 4162 3091 4216 b

626 4246 684 4298 et
720 4260 753 4297 o
791 4240 935 4294 milii
970 4240 1025 4294 B
1063 4244 1122 4295 et
1159 4257 1191 4295 o
1227 4242 1455 4298 Aemilii
1496 4242 1602 4296 Pm
1642 4259 1674 4297 o
1711 4241 1939 4296 Aemilii
1980 4241 2290 4297 Putschius.
2342 4260 2418 4297 an
2464 4244 2523 4297 et
2564 4259 2596 4298 ο
2636 4241 2936 4297 Tremelii?
3011 4241 3236 4295 Aemilii

622 4338 844 4388 nomen,
881 4336 985 4390 quo
1022 4336 1156 4374 usus
1191 4328 1267 4376 est
1301 4322 1461 4378 Beda
1497 4326 1562 4379 de
1597 4330 1746 4381 metr.
1770 4339 1828 4392 p.
1857 4326 2028 4386 2373,
2067 4324 2220 4390 apud
2260 4321 2572 4377 Olim-isium
2611 4324 2645 4379 l.
2684 4340 2728 4378 e.
2767 4323 3003 4376 restituit
3041 4321 3236 4375 Dousa

770 4462 836 4510 13
876 4455 935 4510 et
970 4428 1344 4526 scribendum]
1384 4463 1414 4511 ὂ
1453 4455 1805 4511 scribendum
1842 4455 1898 4508 Β
2046 4460 2111 4507 14
2150 4453 2268 4509 sine
2310 4404 2366 4510 ἐς.
2405 4456 2599 4511 littera
2629 4457 2684 4509 B
2830 4456 3145 4510 scribantur
3185 4454 3241 4506 P

769 4541 835 4590 15
875 4535 1273 4606 spectatusque
1313 4536 1425 4588 Ρω
1465 4538 1898 4605 spectamusque
1934 4534 1989 4588 Β
2218 4540 2280 4589 17
2320 4552 2355 4589 a
2392 4535 2751 4607 quibusdam]
2793 4553 2827 4589 a
2864 4534 3117 4603 quisdam
3158 4534 3236 4588 P:

627 4617 695 4684 cf.
737 4617 960 4672 Cernat.
1003 4613 1244 4670 Cassiod.
1278 4631 1336 4683 p.
1364 4621 1526 4671 2286
1573 4615 1683 4670 Vel.
1722 4614 1895 4684 Lony.
1927 4632 1988 4684 p.
2023 4620 2200 4672 2238.
2243 4616 2281 4668 h
2320 4616 2555 4670 litteram
2590 4633 2698 4670 esse
2733 4619 3020 4685 neyaverat
3061 4613 3239 4667 Varro

628 4703 753 4752 teste
791 4697 1088 4752 Prisciano
1124 4697 1159 4753 l.
1199 4698 1243 4750 Ι
1269 4714 1326 4766 p.
1366 4701 1452 4764 13,
1493 4702 1530 4751 8
1567 4701 1615 4751 et
1651 4696 1870 4765 explan.
1909 4696 1973 4750 in
2009 4695 2155 4750 Don.
2184 4711 2248 4764 p.
2288 4699 2420 4761 520,
2457 4700 2530 4749 18
2565 4711 2674 4764 sqq.
2893 4693 2972 4748 eis
3014 4692 3069 4746 P
3103 4692 3238 4760 eius,

628 4779 720 4832 secl
756 4777 929 4831 deleta
964 4795 999 4830 u
1039 4779 1223 4832 litte-ra
1258 4776 1332 4843 Β,
1369 4793 1467 4830 om.
1509 4795 1552 4828 ω
1696 4773 1757 4845 y]
1798 4775 1818 4829 i
1860 4775 1916 4828 P
2058 4783 2123 4830 19
2162 4774 2502 4844 aspiratione
2528 4773 2722 4828 ΒΡω.
2758 4776 2992 4842 sortasse
3028 4774 3238 4843 aspira-

627 4856 839 4912 tionem
873 4875 912 4926 y
949 4857 1171 4912 litterae
