3613 5528
572 1347 836 1413 Dosithei
875 1361 1063 1414 artem
1101 1354 1540 1433 grammaticam
1579 1372 1715 1416 cum
1761 1354 1836 1414 iis
1874 1372 2022 1433 quae
2059 1361 2197 1435 post
2233 1371 2360 1415 eam
2399 1353 2474 1416 de
2511 1355 2688 1414 variis
2723 1351 2994 1435 partibus

394 1459 540 1518 artis
585 1462 997 1537 grammaticae
1043 1462 1263 1540 scripta
1310 1469 1450 1521 sunt
1495 1460 1633 1521 olim
1694 1479 1765 1522 ex
1824 1461 2025 1523 codice
2074 1460 2531 1542 Sangallensi
2584 1459 2715 1523 902
2762 1461 2993 1522 decimo

395 1564 629 1626 saeculo
674 1567 947 1649 ineunte,
1005 1578 1070 1629 ut
1124 1568 1268 1629 mihi
1322 1570 1513 1629 visum
1570 1575 1686 1650 est,
1742 1571 1965 1650 scripto
2022 1569 2179 1631 edidi
2223 1568 2386 1630 Halis
2433 1589 2481 1630 a.
2534 1567 2702 1631 1871
2752 1616 2765 1630 .
2813 1571 2874 1630 in
2922 1587 2991 1629 eo

394 1671 595 1733 codice
661 1681 858 1735 autem
926 1673 1188 1736 Dositbei
1252 1694 1349 1736 ars
1414 1677 1634 1756 scripta
1698 1683 1791 1737 est
1855 1676 1894 1737 f.
1966 1671 2181 1737 1-15
2244 1676 2358 1738 hoc
2423 1675 2625 1759 modo,
2690 1677 2730 1737 f.
2800 1674 2832 1737 1
2899 1673 2990 1761 τῷ

393 1775 751 1865 είσαγγέλῳ
803 1773 1197 1868 θεοδηγήτςο
1250 1774 1721 1868 θεοσκεπάστῳ
1777 1777 1910 1867 νέῳ
1975 1772 2350 1865 ὁμολογητῇ
2395 1780 2517 1845 τοῦ
2559 1781 2801 1863 κυρίου
2846 1777 2940 1866 (X
2944 1785 3001 1844 Y

394 1879 549 1970 cod.)
576 1880 687 1948 καὶ
715 1885 1132 1974 πνευματικῷ
1172 1908 1304 1970 μου
1351 1881 1637 1971 δεσπότῃ
1678 1881 1978 1973 Λάζαρος
2025 1886 2269 1964 δοῦλος
2305 1881 2577 1966 ἀνάξιος
2612 1897 2754 1964 τοῖς
2788 1883 2990 1953 ποσὶν

392 1994 865 2076 προσκείμενος
910 1992 1031 2058 τοῦ
1080 1987 1409 2058 δεσπότου
1444 2015 1576 2077 μου
1613 1987 1775 2076 μετὰ
1810 1989 2025 2078 πάσης
2061 1987 2421 2080 ὁμολογίας
2456 1992 2567 2059 καὶ
2601 1989 2989 2078 ταπεινότη-

391 2120 502 2175 τος
534 2087 645 2164 {cal
681 2099 960 2176 πίστεως
996 2121 1142 2184 sqq„
1187 2103 1608 2184 septemdecim
1648 2122 1854 2165 versus
1891 2107 1951 2165 in
1990 2106 2197 2185 pagina
2237 2104 2507 2167 bifariam
2543 2105 2727 2167 divisa
2765 2107 2990 2187 scripti,

393 2208 607 2289 quibus
653 2217 934 2290 patrono,
988 2220 1055 2272 ut
1101 2209 1360 2292 videtur,
1414 2210 1849 2272 observantiam
1895 2219 2147 2273 testatur
2203 2215 2460 2294 scriptor
2506 2234 2522 2275 z
2568 2213 2795 2292 reliqua
2850 2230 2990 2292 pars

392 2318 633 2397 paginae
704 2334 884 2378 vacua
948 2315 1154 2377 relicta
1210 2325 1303 2378 est
1347 2336 1362 2377 ε
1410 2317 1448 2376 l'.
1501 2314 1587 2378 1*
1650 2320 1868 2395 incipit
1918 2324 2328 2395 qrammatica
2385 2322 2661 2382 Dosithei
2710 2323 2994 2396 maqistri

394 2425 511 2485 Ars
554 2419 751 2506 τέχνη
793 2426 1203 2501 qrammalica
1248 2417 1662 2505 γραμματική
1729 2433 1820 2486 ese
1881 2419 2062 2488 ἐστιν
2114 2429 2371 2489 scientia
2434 2424 2683 2508 γνῶσις
2737 2457 2822 2469 —-
2885 2420 2989 2507 (de

391 2523 836 2615 interiectione)
883 2533 1227 2593 inconditas
1265 2535 1597 2594 invenimus
1625 2580 1639 2593 .
1670 2535 1924 2611 explicit
1950 2580 1963 2594 .
1994 2542 2329 2613 sequuntur
2366 2553 2485 2595 non
2522 2533 2730 2594 relicto
2768 2535 2988 2594 maiore

391 2641 578 2719 spatio
625 2639 662 2700 f.
706 2636 963 2701 15—19
1012 2657 1078 2699 ea
1125 2656 1275 2718 quae
1322 2636 1534 2699 deinde
1582 2638 1765 2721 edidi,
1811 2638 2088 2700 idiomata
2133 2639 2450 2701 verborum
2497 2648 2557 2702 et
2603 2640 2988 2722 elocutiones»,

391 2746 463 2810 de
509 2746 830 2827 generibus
875 2754 1241 2828 poematum,
1285 2744 1359 2808 de
1405 2745 1815 2831 distinctione,
1860 2747 2037 2809 verba
2085 2748 2263 2810 latina
2311 2767 2448 2810 cum
2494 2750 2986 2829 interpretatione

390 2873 623 2934 graeca,
660 2859 831 2917 uenit
865 2858 1014 2917 mihi
1048 2857 1112 2916 in
1148 2862 1400 2915 mentem
1430 2887 1512 2896 ——
1545 2858 1761 2918 dedico
1798 2847 2063 2936 ἆφοσιῶ
2092 2902 2106 2917 .
2137 2858 2393 2936 spatium
2431 2855 2655 2936 aliquot
2689 2875 2988 2938 versuum,

392 2963 546 3042 quod
593 2964 655 3024 in
686 2964 900 3043 priore
948 2971 1116 3043 parte
1162 2963 1406 3042 paginae
1453 2961 1721 3024 bifariam
1769 2961 1988 3025 divisae
2027 2972 2365 3046 supererat,
2411 2982 2660 3025 vacuum
2713 2964 2987 3025 relictum

390 3079 483 3131 est
526 3117 540 3131 .
588 3068 723 3131 inde
770 3068 842 3130 ab
888 3068 1070 3131 altera
1118 3067 1385 3129 eiusdem
1431 3071 1674 3149 paginae
1731 3080 1900 3151 parte
1958 3071 1994 3132 f.
2048 3069 2304 3133 19—23
2360 3080 2695 3150 sequuntur
2758 3070 2986 3149 glossae

388 3195 631 3256 graecae
679 3184 740 3237 et
785 3176 995 3238 latinae
1042 3177 1224 3236 certis
1268 3175 1586 3255 generibus
1641 3178 1704 3238 in
1760 3179 1949 3257 capita
2006 3179 2245 3257 triginta
2291 3186 2572 3257 quattuor
2617 3176 2988 3257 distributae,

389 3286 466 3346 de
509 3283 756 3361 officiis,
803 3287 880 3346 de
925 3286 1136 3346 diebus
1174 3282 1376 3360 festis,
1424 3287 1501 3345 de
1544 3289 1910 3361 spectaculis
1947 3294 2077 3366 etc,
2122 3277 2535 3366 μοσχοτόμος
2579 3289 2986 3360 victimarius,

389 3382 620 3470 μάντις
665 3393 910 3453 diuinus
957 3423 1039 3434 -—-
1085 3382 1264 3473 (περὶ
1313 3385 1598 3475 ζῳδίων)
1654 3381 1987 3473 ὑδρηχόος
2041 3396 2364 3468 aquarius,
2420 3383 2654 3472 ἰχθύες
2709 3385 2988 3476 (αχθυες

389 3490 548 3581 cod.)
587 3501 790 3575 pisces
834 3546 848 3560 .
898 3500 1176 3559 continua
1233 3501 1528 3579 scriptura
1584 3497 1885 3559 subiectae
1942 3507 2082 3560 sunt
2136 3499 2172 3560 f.
2221 3496 2480 3560 23—27
2541 3500 2869 3560 sententiae
2927 3508 2987 3561 et

389 3605 671 3685 epistulae
718 3604 998 3666 Hadriani
1044 3623 1179 3666 cum
1226 3613 1393 3685 parte
1442 3605 1671 3667 fabulae
1718 3605 2031 3685 Aesopiae‚
2086 3598 2484 3687 θαυμαστόν
2531 3601 2713 3668 ἐστιν
2756 3611 2982 3669 miran-

274 3792 279 3797 .
390 3715 529 3774 dum
565 3720 655 3775 est
692 3746 771 3756 —
814 3710 907 3786 είς
942 3703 1156 3774 πολὺν
1200 3701 1365 3792 ἀέρα
1412 3716 1475 3772 in
1520 3715 1703 3773 mullo
1748 3717 1913 3787 aere,
1951 3711 2172 3773 Dosith.
2211 3714 2519 3793 Interpret.
2558 3711 2647 3775 ed.
2685 3712 2986 3794 Boecking

388 3841 443 3901 p.
486 3817 714 3883 1—25.
806 3838 922 3880 una
966 3822 1177 3900 pagina
1225 3820 1260 3880 s.
1300 3816 1436 3880 27*
1474 3837 1655 3880 vacua
1701 3819 1908 3880 relicta
1953 3827 2046 3881 est
2082 3866 2095 3881 .
2135 3820 2171 3880 l'.
2210 3816 2522 3881 28-31*
2561 3819 2985 3882 declinationes

390 3930 690 3990 nominum
737 3929 1152 4008 pronominum
1207 3926 1525 3988 verborum
1587 3945 1937 4007 graecorum
1996 3935 2055 3987 et
2099 3926 2414 3988 latinorum
2463 3946 2600 3989 cum
2643 3928 2838 3989 indice
2885 3929 2981 3989 ad-

389 4035 752 4118 verbiorum,
788 4036 1299 4116 coniunctionum,
1335 4036 1868 4116 praepositionum,
1896 4037 2400 4117 interiectionum,
2424 4039 2629 4113 prima
2658 4038 2983 4097 declinatio

386 4147 715 4207 secundum
757 4160 977 4219 qrecos
1022 4132 1254 4224 κύριος
1300 4144 1575 4203 dominus
1618 4139 1861 4222 κυρίου
1907 4145 2135 4204 domini
2175 4173 2247 4183 —
2294 4132 2373 4221 ὀή
2419 4144 2553 4203 heu.
2645 4142 2707 4201 in
2755 4141 2982 4223 reliqua

388 4260 552 4333 parte
600 4250 851 4332 codiciS,
899 4268 1048 4329 quae
1095 4250 1429 4310 accuratius
1475 4247 1770 4329 descripta
1810 4256 1902 4309 est
1937 4251 1998 4309 in
2037 4247 2298 4328 catalogo
2338 4247 2607 4309 codicum
2647 4246 2981 4327 Sangallen-

389 4361 542 4419 sium
589 4353 1028 4440 (Verzeichniss
1074 4356 1182 4417 der
1225 4354 1685 4417 Handscbril'ten
1746 4357 1854 4416 der
1901 4353 2398 4416 Stil'tsbibliothek
2453 4372 2568 4415 von
2616 4352 2700 4414 St.
2747 4347 2980 4437 Gallen)

388 4484 442 4545 p.
490 4461 647 4545 317,
711 4465 918 4545 scripti
973 4470 1113 4525 sunt
1158 4463 1319 4523 Arati
1376 4464 1479 4542 qui
1527 4462 1743 4523 dicitur
1788 4461 1940 4523 liber
1985 4461 2058 4522 de
2106 4461 2445 4540 astrologia,
2511 4459 2767 4521 lirabani
2831 4459 2981 4521 liber

389 4572 461 4633 de
508 4577 811 4651 computo,
857 4578 1170 4651 computus
1218 4570 1487 4650 Gregorii
1534 4617 1547 4630 .
1594 4570 1696 4631 sed
1746 4588 1815 4629 ea
1861 4587 1998 4649 pars
2043 4588 2237 4649 neque
2287 4568 2490 4630 eadem
2539 4586 2714 4629 manu
2761 4570 2981 4649 scripta

390 4688 499 4760 est,
543 4696 656 4759 qua
695 4678 995 4757 superior,
1040 4686 1102 4739 et
1136 4677 1275 4738 olim
1322 4677 1394 4739 ab
1441 4696 1508 4738 ea
1546 4675 1764 4739 dicitur
1801 4686 2068 4757 separata
2106 4678 2288 4738 fuisse
2327 4725 2340 4738 .
2378 4685 2644 4738 ceterum
2680 4677 2740 4736 in
2780 4677 2979 4755 priore
3089 4696 3100 4709 ·

391 4794 557 4865 parte
620 4783 841 4846 codicis
907 4787 1201 4865 scriptura
1265 4792 1357 4845 est
1418 4792 1689 4845 accurata
1755 4786 1985 4863 paginis
2059 4785 2281 4845 formae
2355 4786 2638 4844 maximae
2711 4782 2978 4845 bifariam

391 4890 594 4952 divisis
639 4899 701 4952 et
744 4890 1012 4952 versibus
1058 4892 1302 4954 tricenis
1358 4897 1418 4952 et
1472 4892 1670 4971 quinis
1724 4893 1784 4951 in
1842 4892 2090 4970 singulis
2149 4893 2493 4973 paginarum
2559 4890 2824 4971 partibus
2889 4891 2977 4952 vel
