3613 5528
1528 427 1915 484 EXCERPTA
2887 421 3020 488 345

417 540 461 578 p.
489 528 553 569 25.
582 530 634 570 aa
662 529 721 569 11.

591 612 838 674 Formae
885 630 1036 691 quae
1080 609 1267 674 sunt‘?
1337 611 1636 695 Perfecta,
1691 621 1760 674 ut
1805 612 1963 692 lego,
2024 609 2389 691 meditativa,
2443 617 2512 670 ut
2561 609 2845 688 lecturio,
2902 607 3018 667 fre·

416 720 778 800 quentativa‚
824 728 891 780 ut
934 718 1172 800 lectito,
1215 718 1570 801 inchoativa,
1618 729 1684 782 ut
1731 721 1999 780 fervesco
2046 718 2291 779 calesco.
2365 695 2638 778 Perlecta
2685 716 2872 776 forma
2911 732 3020 775 cur

416 822 681 887 dicitur?
763 826 912 898 Quia
967 826 1180 907 plenus
1235 834 1327 888 est
1382 829 1441 887 in
1499 846 1566 888 ea
1631 825 1947 888 indicantis
2014 844 2253 908 sensuS,
2317 832 2386 886 ut
2448 823 2595 903 lego.
2687 823 3020 885 Meditativa

416 933 602 993 forma
642 951 751 994 cur
789 929 1051 995 dicitur?
1126 933 1214 994 Eo
1261 934 1418 1013 quod
1467 953 1703 1016 semper
1749 932 2096 1014 meditatur,
2143 940 2211 994 ut
2255 931 2535 1013 lecturio,
2581 931 2639 993 id
2688 939 2780 992 est
2823 929 3020 1010 legere

334 1052 362 1093 5
416 1039 716 1118 desidero,
763 1042 989 1122 esurio,
1041 1039 1099 1101 id
1148 1049 1242 1102 est
1287 1040 1464 1101 edere
1512 1041 1813 1118 desidero,
1867 1041 2163 1121 parturio,
2217 1038 2276 1100 id
2334 1047 2427 1100 est
2471 1057 2684 1119 parere
2729 1037 3021 1099 desidero.

416 1146 749 1210 Inchoativa
805 1148 992 1208 forma
1050 1166 1158 1208 cur
1213 1144 1477 1209 dicitur?
1559 1148 1709 1219 Quia
1776 1146 1974 1209 subito
2041 1152 2203 1206 motu
2271 1148 2561 1228 nascitur,
2625 1153 2694 1206 ut
2755 1145 3020 1205 fervesco

418 1254 646 1316 calesco
712 1301 726 1317 .
795 1257 1181 1335 praeteritum
1248 1264 1482 1336 tempus
1546 1274 1665 1316 non
1730 1254 1934 1316 habet:
2008 1272 2126 1315 non
2201 1256 2359 1315 enim
2430 1271 2748 1334 possumus
2822 1251 3022 1313 dicere

418 1363 712 1424 fervescui
776 1361 1032 1423 calescui
1097 1410 1111 1422 .
1176 1380 1327 1441 quae
1394 1364 1551 1423 enim
1615 1362 2002 1443 inchoantur,
2072 1362 2336 1442 perfecta
2409 1360 2601 1422 adbuc
2674 1378 2794 1421 non
2866 1364 3022 1420 sunt.

416 1468 869 1550 Frequentativa
928 1470 1115 1530 forma
1175 1487 1284 1529 cur
1341 1465 1603 1530 dicitur?
1687 1468 1857 1540 Quod
1922 1487 2031 1549 per
2096 1487 2223 1529 eam
2280 1467 2498 1548 aliquid
2556 1468 3024 1548 frequentamuS,

340 1590 392 1630 10
418 1584 485 1636 ut
530 1574 733 1638 lectito
780 1575 1033 1637 clamito.
2939 1633 2956 1650 ,

594 1682 1053 1763 Coniugationes
1121 1681 1437 1743 verborum
1503 1689 1652 1762 quot
1716 1678 1899 1744 sunt?
1990 1682 2167 1764 Tres,
2237 1684 2429 1763 prima
2494 1701 2642 1762 quae
2707 1680 3023 1744 indicativo

418 1790 592 1853 modo
650 1798 918 1870 tempore
973 1791 1278 1870 praesenti
1329 1806 1585 1869 persona
1642 1790 1905 1851 secunda
1961 1809 1993 1850 a
2051 1799 2112 1852 et
2168 1810 2197 1851 s
2250 1789 2469 1852 litteris
2524 1791 2904 1869 terminatur,
2957 1795 3025 1849 ut

3067 1705 3210 1757 1ss,2·1

418 1916 547 1958 amo
594 1916 779 1980 amas,
834 1898 1095 1959 secunda
1141 1915 1289 1977 quae
1338 1916 1371 1957 e
1419 1905 1480 1957 et
1525 1915 1554 1957 s
1599 1896 1818 1958 litteris
1876 1898 2108 1979 finitur,
2163 1906 2233 1959 ut
2285 1915 2497 1958 moneo
2554 1915 2789 1978 mones,
2849 1897 3023 1957 tertia
3107 1973 3114 1978 ,

419 2024 568 2085 quae
605 2007 627 2065 i
663 2013 724 2066 et
769 2023 825 2086 a,
870 2013 939 2066 ut
974 2005 1106 2084 lego
1143 2004 1317 2085 legiS‚
1365 2004 1514 2064 facio
1554 2004 1699 2065 facis
1728 2052 1741 2064 .
1774 2006 2112 2083 coniugatio
2150 2006 2332 2084 igitur
2369 2013 2460 2066 est
2495 2003 2684 2066 forma
2720 2002 3025 2084 quaedam,

339 2126 392 2166 1⁵
421 2130 491 2173 ex
550 2131 664 2192 qua
724 2110 1120 2192 intellegitur,
1181 2113 1570 2191 promissivus
1633 2110 1847 2173 modus
1913 2110 1999 2190 [id
2068 2119 2161 2172 est
2222 2109 2600 2189 indicativus]
2668 2130 2786 2192 quo
2851 2110 3024 2172 modo

421 2219 621 2280 eflerri
680 2217 891 2279 debeat
938 2264 951 2278 .
998 2219 1059 2278 in
1116 2216 1313 2278 verbis
1373 2237 1514 2297 ergo
1572 2220 1776 2279 activis
1834 2227 1895 2280 et
1946 2219 2316 2282 neutralibus
2362 2238 2397 2279 o
2442 2218 2641 2280 littera
2695 2217 3026 2278 terminatis

421 2328 890 2405 coniugationem
930 2327 1271 2404 quaerimus
1299 2326 1474 2386 modo
1512 2325 1829 2386 indicativo
1860 2334 2127 2406 tempore
2157 2329 2456 2407 praesenti
2483 2341 2740 2405 persona
2768 2322 3025 2385 secunda

419 2441 555 2493 ante
601 2433 979 2493 novissimam
1026 2430 1312 2513 litteram3
1359 2434 1420 2493 in
1467 2434 1714 2512 passivis
1760 2440 1960 2494 autem
2008 2441 2069 2494 et
2114 2432 2530 2495 communibus
2576 2440 2635 2492 et
2681 2431 3025 2512 deponenti-

417 2537 558 2620 bus,
613 2557 763 2619 quae
818 2557 850 2599 r
903 2537 1101 2600 littera
1165 2537 1671 2620 terminabuntur,
1731 2538 1941 2600 eodem
2001 2540 2175 2601 modo
2243 2539 2569 2619 eodemque
2634 2548 2901 2618 tempore
2968 2544 3028 2597 et

339 2663 393 2703 so
418 2663 673 2727 persona
719 2654 855 2707 ante
904 2647 1280 2716 novissimam
1329 2644 1605 2725 syllabam
1653 2692 1666 2705 .
1713 2648 1904 2725 prima
1951 2653 2014 2706 et
2057 2646 2317 2707 secunda
2365 2649 2702 2726 coniugatio
2759 2646 3028 2707 futurum

426 2761 691 2835 tempus,
737 2752 797 2813 id
844 2761 938 2814 est
973 2754 1392 2834 promissivum
1431 2751 1699 2834 modum,
1745 2753 1805 2813 in
1845 2750 1922 2813 bo
1962 2751 2241 2833 syllabam
2277 2755 2550 2836 mittunt,
2595 2760 2664 2815 ut
2700 2770 2831 2813 amo
2869 2769 3028 2815 amas

422 2861 656 2944 amabo,
701 2879 915 2922 moneo
963 2879 1168 2922 mones
1210 2859 1484 2946 monebo.
1561 2859 1715 2931 Quid
1764 2862 1817 2921 si
1864 2861 2188 2922 earundem
2236 2863 2718 2942 coniugationum
2772 2858 2952 2920 verba
2995 2876 3027 2919 r

421 2968 615 3030 littera
663 2969 825 3030 finita
874 2965 1140 3030 fuerint?
1212 2967 1505 3030 Futurum
1555 2975 1789 3047 tempus
1835 2969 1898 3027 iu
1945 2966 2056 3027 bor
2102 2966 2381 3047 syllabam
2427 2970 2698 3049 mittunt,
2753 2975 2820 3039 ut
2864 2984 3028 3027 amor

421 3078 635 3137 amaris
664 3075 965 3157 -amabor,
1039 3093 1285 3136 moneor
1360 3075 1622 3134 moneris
1689 3072 1992 3135 monebor.
2092 3073 2247 3145 Quid
2320 3078 2372 3136 si
2444 3077 2618 3137 tertia
2692 3074 3028 3153 coniugatio

340 3201 394 3240 25
422 3192 756 3263 correptam
807 3179 817 3262 Ι
865 3185 885 3243 i
943 3182 1197 3244 litteram
1252 3177 1572 3242 habuerit?
1660 3180 2090 3242 Promissivum
2156 3182 2399 3244 modum
2460 3184 2524 3243 in
2589 3200 2683 3243 am
2750 3178 3027 3260 syllabam

422 3291 629 3371 mittit,
676 3299 742 3350 ut
786 3289 918 3368 lego
964 3288 1111 3368 legis
1156 3289 1372 3370 legam,
1420 3286 1617 3349 scribo
1663 3287 1880 3349 scribis
1927 3288 2198 3351 scribam.
2275 3288 2429 3360 Quid
2477 3290 2529 3348 si
2574 3287 2842 3349 eiusdem
2889 3304 3027 3347 con-

423 3398 737 3475 iugationis
785 3395 1031 3457 verbum
1078 3415 1148 3457 or
1194 3394 1409 3477 syllaba
1469 3395 1650 3456 fuerit
1704 3393 2134 3457 terminatum?
2206 3395 2500 3457 Futurum
2556 3403 2793 3474 tempus
2847 3396 2909 3455 in
2964 3412 3030 3454 ar

424 3503 699 3584 syllabam
746 3505 952 3585 mittit,
1005 3512 1073 3565 ut
1118 3503 1281 3583 legor
1326 3502 1542 3582 legeris
1588 3502 1775 3584 legar,
1833 3502 2063 3564 scribor
2120 3503 2401 3565 scriberis
2448 3502 2690 3564 scribat.
2766 3500 2919 3572 Quid
2979 3502 3030 3560 si

431 3610 695 3672 eiusdem
734 3614 1181 3686 coniuqationis
1218 3610 1464 3671 verbum
1510 3610 1797 3691 producta
1844 3613 1865 3671 i
1911 3619 2045 3673 ante
2094 3630 2123 3672 s
2168 3612 2400 3673 finitum
2441 3606 2665 3672 fuerit?
2736 3608 3030 3670 Futurum

342 3725 667 3797 sotempus
712 3720 773 3778 in
821 3736 914 3779 am
962 3716 1239 3797 syllabam
1289 3727 1350 3780 et
1395 3720 1456 3778 in
1501 3716 1579 3777 bo
1618 3720 1827 3799 mittit,
1874 3724 1942 3779 ut
1988 3721 2171 3779 sciam
2220 3718 2401 3779 scibo.
2477 3715 2630 3789 Quid
2679 3718 2730 3778 si
2767 3735 2799 3776 r
2834 3715 3028 3778 littera

423 3827 801 3886 terminatum
832 3820 1053 3886 fuerit?
1089 3824 1514 3886 promissivum
1543 3823 1782 3886 modum
1812 3826 1872 3885 in
1903 3842 1969 3886 ar
1998 3833 2059 3886 et
2086 3828 2148 3886 in
2176 3825 2288 3887 bor
2316 3827 2517 3905 eiciet,
2555 3832 2622 3884 ut
2648 3825 2807 3884 scior
2837 3824 3031 3904 sciris,

423 3933 579 3993 sciar
641 3941 702 3993 et
764 3931 977 3993 scibor.
1061 3931 1169 3992 Vbi
1230 3950 1372 4011 ergo
1437 3933 1882 4012 cognoscimuS,
1944 3932 2178 4011 quando
2242 3935 2305 3993 in
2370 3931 2631 3993 secunda
2696 3949 2953 4011 persona
3010 3926 3057 3989 i·

606 4191 633 4239 1
672 4185 909 4241 Formae
947 4215 1012 4225 -
1050 4190 1084 4238 2
1125 4185 1345 4239 calesco
1382 4198 1484 4238 om.
1517 4182 1606 4249 M,
1643 4184 1771 4238 add.
1808 4182 1866 4237 Β
2008 4190 2041 4239 3
2079 4186 2143 4238 ut
2177 4185 2317 4253 puta
2353 4182 2480 4252 lego
2518 4182 2793 4238 metatiua
2830 4198 2930 4237 cur
2964 4199 3031 4238 eo

426 4266 578 4337 quod
615 4282 832 4336 semper
870 4266 946 4319 M
1084 4269 1119 4318 4
1154 4263 1458 4318 meditetur
1491 4262 1634 4316 ΒΜ
1770 4269 1802 4317 6
1840 4262 2165 4320 inchoatiua
2208 4279 2306 4318 cur
2352 4263 2487 4332 quia
2534 4262 2722 4319 subita
2768 4264 2921 4317 metu
2962 4262 3039 4315 M

496 4348 680 4402 motus
717 4345 773 4400 Β
918 4351 948 4400 7
987 4345 1205 4401 calesco
1243 4360 1343 4398 om.
1386 4343 1474 4409 M,
1511 4344 1640 4399 add.
1675 4343 1732 4396 Β
1878 4341 2090 4398 habent
2132 4343 2277 4398 ΒΜ
2416 4349 2447 4398 9
2484 4342 2927 4413 Frequentativa
2964 4373 3030 4381 —

426 4433 619 4496 346,Ιὸ
638 4443 832 4482 nascor
850 4443 951 4482 om.
975 4425 1059 4494 M,
1089 4423 1292 4480 add.B
1440 4428 1505 4476 12
1544 4422 1917 4478 terminantur
1951 4422 2006 4476 B
2153 4428 2219 4477 15
2257 4440 2323 4477 ex
2360 4423 2494 4494 qua]
2537 4426 2594 4479 et
2630 4440 2743 4494 qua
2778 4423 2834 4476 Β
2975 4422 3033 4476 id

426 4511 513 4564 est
556 4507 744 4562 indica
786 4504 1125 4561 indicatiuus
1159 4506 1233 4573 B,
1271 4520 1372 4558 om.
1422 4502 1476 4557 V
1632 4509 1697 4558 16
1749 4502 1938 4560 offerri
1989 4503 2045 4556 Β
2208 4503 2557 4559 neutralibus
2614 4502 3034 4573 coniugationes

426 4589 746 4660 quaerimus
782 4605 816 4643 o
852 4587 1043 4641 littera
1095 4583 1412 4641 terminatis
1468 4585 1635 4639 modo
1679 4582 1989 4638 indicatiuo
2024 4583 2083 4637 Β
2245 4590 2312 4638 22
2351 4583 2799 4654 coniugationem
2836 4582 2891 4636 Β

425 4675 495 4724 23
542 4669 703 4724 finita
746 4666 916 4723 fuerit
961 4665 1015 4719 Β
1158 4668 1222 4721 nt
1267 4682 1424 4720 amor
1470 4663 1705 4735 amaris]
1743 4664 1811 4718 ut
1846 4661 2049 4718 amoris
2085 4680 2222 4718 corr.
2262 4666 2327 4719 ut
2362 4663 2567 4718 amaris
2602 4662 2658 4717 Β
2801 4668 2872 4716 24
2908 4676 3034 4715 con-

425 4748 643 4820 iugatio
698 4746 1033 4819 promissiuo
1088 4745 1256 4800 modo
1302 4748 1560 4816 correpta
1602 4745 1797 4800 littera
1843 4741 2105 4799 habuerit
2139 4743 2190 4797 R.
2227 4744 2290 4797 In
2326 4760 2418 4798 am
2454 4743 2732 4814 syllabam
2767 4742 2822 4796 Β
2965 4746 3033 4795 29

428 4829 675 4885 eiusdem
714 4829 945 4883 uerbum
983 4826 1243 4896 producti
1278 4830 1410 4882 ante
1448 4844 1481 4882 o
1518 4825 1737 4880 finitum
1773 4823 1830 4876 Β
1984 4826 2049 4875 31
2091 4820 2280 4893 eiciet]
2320 4826 2378 4879 et
2413 4823 2487 4878 ici
2525 4826 2585 4878 et
2617 4823 2674 4876 Β
2834 4828 2901 4877 32
2940 4820 3037 4875 ubi

428 4925 561 4979 ergo
597 4909 800 4964 scimus
833 4909 890 4962 Β
926 4908 1025 4963 ubi
1058 4924 1159 4962 nos
1196 4908 1399 4962 scimus
1436 4908 1603 4963 codex
1648 4905 1922 4960 Victorini

536 5018 847 5051 aunam-101
873 5017 1048 5049 namt
1088 5017 1178 5047 vu.
2543 4998 2611 5047 23
