3613 5528
1081 433 1178 488 DE
1216 433 1413 490 ARTE
1451 434 1668 493 METR.
1709 432 1806 488 ΕΤ
1850 434 1945 489 DE
1987 430 2355 488 ORTHOGR.
2504 477 2505 480 η
2888 428 3020 493 225

409 623 717 700 quisquam
773 622 937 681 novit
994 619 1083 680 vel
1137 620 1425 703 prodidit3
1479 621 1654 702 adeo,
1698 628 1769 682 ut
1824 618 2251 680 celeberrimus
2297 617 2447 679 Cave
2503 617 2646 679 illud
2704 618 2862 676 inter
2919 614 3018 675 de-

407 727 637 807 perdita
689 745 1006 788 recensere
1064 745 1182 788 nou
1240 726 1614 789 dubitaverit.
1695 726 1846 807 Nos,
1902 745 2039 788 cum
2085 728 2552 788 vetustissimum
2599 723 2864 784 codicem
2912 740 3020 782 ωε.

409 833 794 895 bibliothecae
855 833 1250 896 illustrissimi
1295 832 1732 915 Metropolitani
1779 832 2035 912 Capituli
2082 831 2580 912 SalisburgensiS,
2638 847 2885 891 numero
2936 826 3016 890 71

401 940 816 1023 subnotatum,
862 949 924 1003 et
969 942 1127 1002 circa
1174 942 1410 1002 initium
1457 958 1575 1001 sec.
1621 937 1717 999 IX.
1765 946 2070 1000 exaratum
2117 939 2454 1001 evolventes
2512 937 2913 998 incideremus
2960 936 3020 995 in

409 1048 758 1128 opusculum
805 1045 1358 1127 orthographicum,
1414 1048 1573 1107 inter
1617 1048 1908 1126 genuinas
1954 1045 2234 1127 epistolas
2280 1044 2511 1106 Alcuini
2564 1043 2645 1105 ibi
2693 1044 3022 1122 descriptas

409 1155 921 1237 comprehensum,
958 1155 1188 1234 opinari
1226 1156 1512 1236 cepimuS,
1549 1153 1609 1215 id
1647 1156 1844 1234 ipsum
1881 1171 2013 1214 esse
2052 1152 2407 1234 opusculum
2435 1152 2499 1214 B.
2529 1151 2762 1213 Alcuini
2799 1150 3017 1211 hucus-

408 1280 521 1340 que
578 1261 995 1322 desideratum.
1068 1259 1192 1320 Nec
1245 1262 1603 1342 opinio,-ut
1657 1259 2037 1341 confidimuS,
2093 1278 2203 1320 nos
2260 1259 2491 1341 fefellit3
2546 1260 2704 1320 idem
2766 1274 3020 1336 namque

407 1366 758 1447 opusculum
813 1385 1001 1446 aeque
1058 1374 1288 1427 vetusta
1346 1383 1522 1427 manu
1580 1368 1870 1446 scriptum
1927 1365 2038 1427 sub
2096 1368 2333 1428 nomine
2386 1365 2580 1427 Albini
2626 1365 2892 1444 Magistri
2948 1363 3021 1423 ab

407 1475 612 1534 amicis
650 1492 718 1535 ac
755 1472 1057 1535 sodalibus
1095 1474 1314 1534 nostris
1345 1472 1831 1534 San-Maurianis
1859 1481 2164 1553 repertum
2204 1473 2317 1534 suit
2353 1475 2413 1532 in
2453 1471 2811 1533 bibliotheca
2839 1471 3020 1550 Regia

404 1577 753 1656 Parisiensi,
816 1583 877 1641 in
935 1578 1063 1640 cod.
1121 1597 1371 1640 numero
1413 1575 1598 1641 ·4841
1662 1586 1893 1659 notate,
1961 1581 2057 1640 cui
2114 1597 2222 1639 cur
2278 1577 2423 1639 fides
2480 1596 2598 1638 non
2654 1576 3023 1657 adhibeatur,
3134 1577 3140 1584 ’

408 1686 564 1748 nulla
610 1687 783 1768 plane
823 1705 1000 1749 causa
1036 1695 1140 1748 aut
1175 1688 1325 1747 ratio
1365 1680 1716 1749 succurrit'.
1791 1687 1853 1746 in
1891 1684 2161 1746 Parisino
2199 1685 2431 1767 codice,
2465 1680 2651 1746 ⁴cuius
2688 1682 3022 1744 Frobenius

408 1795 768 1855 mentionem
832 1795 999 1874 fecit,
1062 1801 1301 1874 praeter
1375 1794 1769 1872 fragmentum
1825 1791 2019 1853 Bedae
2086 1810 2265 1872 supra
2331 1799 2857 1854 commemoratum
2911 1765 3021 1850 ‘hic

408 1899 555 1960 liber
601 1899 819 1981 legitur
864 1903 972 1974 ita,
1019 1902 1234 1976 incipit
1277 1902 1682 1976 ortem-aphia
1719 1901 1916 1960 albini
1948 1902 2235 1975 magistri
2270 1900 2374 1960 Me
2408 1903 2575 1976 ἱεραί
2611 1901 2898 1973 antiquas
2934 1930 3022 1940 —-

407 2008 618 2068 hirrus
665 2011 988 2085 proprium
1040 2025 1100 2085 p.
1145 2002 1340 2067 2344.
1415 2005 1622 2067 eadem
1676 2001 1988 2086 inscriptio
2035 2014 2128 2067 est
2182 2008 2359 2066 etiam
2414 2008 2476 2066 in
2533 2004 2739 2066 codice
2785 2003 3019 2065 Laudu-

367 2115 372 2118 '
410 2114 578 2173 nensi
621 2110 753 2175 448
802 2132 953 2193 saec.
1001 2111 1111 2195 IX,
1165 2114 1225 2172 in
1273 2131 1392 2192 quo
1447 2120 1585 2194 post
1629 2112 1864 2174 Alcuini
1917 2112 2136 2175 librum
2192 2113 2265 2173 de
2313 2121 2456 2203 arte⁸
2499 2113 2877 2192 grammatica
2923 2110 3019 2171 hic

409 2217 558 2279 liber
603 2221 862 2299 scriptus
907 2227 1026 2301 est,
1072 2221 1286 2295 incipit
1331 2221 1773 2297 orthographia
1821 2221 2017 2281 albini
2058 2223 2343 2295 maqistri
2386 2220 2490 2280 Me
2534 2223 2699 2294 ἱεραί
2743 2235 2898 2297 sqq.:
2945 2217 3019 2278 cl'.

411 2324 709 2405 catalogue
754 2326 995 2407 general
1039 2326 1146 2388 des
1191 2329 1547 2388 manuscrits
1593 2327 1699 2388 des
1746 2326 2186 2407 bibliotheques
2231 2326 2548 2407 publiques
2592 2326 2699 2388 des
2745 2326 3018 2406 departe-

409 2439 603 2493 ments
647 2452 699 2493 v.
745 2433 769 2493 1
814 2454 871 2514 p.
920 2431 1068 2496 237.
1115 2436 1178 2495 in
1225 2434 1471 2514 reliquis
1518 2433 1825 2495 codicibus
1873 2411 2024 2513 q'uos
2070 2432 2187 2494 vidi
2236 2451 2451 2494 nomen
2499 2434 2812 2514 scriptoris
2858 2432 3018 2493 addi·

411 2549 535 2599 tum
589 2557 710 2599 non
767 2549 874 2602 est.
951 2548 1093 2603 sunt
1137 2538 1345 2603 autem'
1392 2540 1480 2623 hi,
1534 2521 2089 2621 Mutepessulanus
2138 2536 2268 2602 306
2315 2547 2376 2600 et
2423 2538 2823 2619 sangallensis
2870 2535 3020 2619 249,

408 2662 557 2722 quos
603 2645 779 2706 modo
827 2648 888 2707 in
935 2645 1354 2727 orthographia
1400 2646 1594 2708 Bedae
1642 2649 2125 2729 commemoravi,
2180 2644 2515 2707 Beruenses
2562 2655 2685 2707 tres
2695 2694 2713 2727 ,
2768 2642 2901 2707 330
2947 2644 3019 2706 ab

407 2749 674 2815 Usenero
729 2773 879 2816 mus,
925 2754 1114 2818 Rhen.
1161 2774 1213 2814 v.
1261 2753 1421 2816 xxn
1470 2747 1551 2838 (a.
1606 2749 1819 2836 1867),
1856 2775 1912 2835 p.
1961 2750 2092 2816 416
2140 2754 2503 2847 descriptuS,
2564 2750 2721 2834 338,
2782 2772 2854 2814 ex
2901 2771 3019 2832 quo

409 2858 756 2943 PutschiuS,
810 2872 880 2924 ut
934 2863 1082 2944 dixi,
1138 2859 1357 2923 librum
1405 2861 1618 2943 edidit,
1674 2859 1834 2943 243,
1887 2860 2143 2922 Parisini
2192 2856 2357 2922 7521
2411 2868 2472 2921 et
2521 2856 2721 2940 7553,
2768 2857 3018 2937 Sanger-

411 2969 707 3029 manensis
768 2964 956 3028 1447.
1038 2978 1216 3048 atque
1271 2987 1343 3029 ex
1399 2968 1493 3029 his
1549 2986 1787 3048 quoque
1846 2967 2372 3047 Sangermanensis
2429 2966 2738 3027 confirmat
2802 2982 3018 3025 nomen

411 3071 601 3133 Albini
647 3076 1035 3155 praescriptis
1074 3075 1347 3137 versibus
1384 3076 1618 3137 duobus
1656 3085 1717 3137 et
1753 3077 1960 3155 viginti
1997 3074 2069 3136 ad
2106 3073 2388 3135 Karolum
2425 3092 2657 3154 regem,
2699 3075 3018 3149 splendida

412 3180 550 3239 dum
586 3183 805 3242 rutilat
837 3184 1031 3243 roseis
1065 3184 1317 3244 Aurora
1361 3186 1684 3258 quadriqis
1720 3200 1877 3261 sqq.:
1922 3182 1996 3242 cs.
2034 3180 2109 3240 de
2152 3179 2397 3259 gramm.
2435 3179 2735 3260 quibusd.'
2757 3180 2861 3239 inf.
2907 3188 3018 3240 aet.

410 3303 466 3363 p.
512 3283 571 3368 8,
617 3286 850 3347 Alcuini
896 3306 990 3367 op.
1037 3307 1087 3348 v,
1135 3287 1188 3348 11
1233 3307 1289 3367 p.
1338 3285 1468 3350 238
1515 3289 1606 3350 ed.
1656 3287 1829 3349 Frob.
1888 3292 1905 3309 ‘

584 3391 673 3453 Ex
728 3392 822 3453 his
873 3411 1027 3472 quae
1084 3393 1205 3455 dixi
1261 3399 1403 3457 satis
1461 3404 1706 3477 apparet
1750 3393 1945 3455 Bedae
2004 3412 2251 3474 nomen,
2307 3393 2464 3473 quod
2511 3392 2832 3454 Putschius
2877 3392 3017 3452 huic

412 3497 560 3559 libro
589 3502 1033 3591 praescripsit,
1092 3519 1124 3561 a
1183 3500 1356 3563 libris
1412 3520 1588 3563 manu
1650 3503 1890 3580 scriptis
1951 3500 2171 3562 nullam
2227 3502 2640 3561 auctoritatem
2697 3494 3019 3583 habere*),

413 3604 512 3665 sed
575 3608 852 3685 quoniam
913 3607 1094 3669 multa
1154 3626 1304 3688 quae
1365 3610 1427 3670 in
1486 3608 1647 3670 illius
1702 3607 1855 3669 libro
1917 3607 2197 3687 leguntur
2244 3609 2507 3687 *repetita
2565 3615 2705 3669 sunt
2764 3609 2823 3667 in
2886 3607 3018 3688 hoc,
3076 3608 3082 3615 '

411 3710 728 3773 Putschius
765 3711 925 3774 hune
962 3713 1295 3775 breviorem
1333 3717 1551 3797 potiuS,
1588 3732 1764 3795 quem
1803 3716 1931 3791 sine
1970 3716 2207 3776 nomine
2245 3716 2506 3775 auctoris
2552 3716 2613 3775 in
2653 3733 2772 3775 uno
2811 3713 3017 3775 codice

355 3840 366 3851 ·
415 3819 697 3897 scriptum
745 3821 1077 3900 invenerat,
1123 3839 1302 3901 quam
1347 3822 1511 3883 illum
1559 3820 1933 3904 ampliorem,
1979 3823 2152 3883 cuius
2189 3820 2455 3882 codicem
2501 3840 2676 3883 manu
2726 3824 3016 3901 scriptum

415 3941 530 3983 non
566 3922 846 4006 habebat,
891 3925 1083 3988 Bedae
1124 3927 1506 3990 tribuendum
1544 3947 1676 3989 esse
1714 3930 1957 4008 putavit.
2031 3935 2270 4008 praeter
2307 3927 2786 4008 orthographiam
2824 3926 3032 3988 Bedae*

415 4037 609 4091 autem
660 4030 906 4093 Albinus
963 4035 1260 4113 excerptis
1307 4032 1664 4094 Cassiodorii
1720 4051 1868 4093 usus
1923 4041 2031 4094 est.
2106 4031 2178 4093 ab
2234 4032 2328 4094 his
2383 4033 2617 4096 duobus
2674 4033 3019 4095 auctoribus

415 4138 571 4197 enim
624 4136 797 4217 longe
844 4140 1095 4200 maxima
1148 4138 1328 4200 huius
1384 4137 1520 4199 libri
1574 4156 1714 4219 pars
1761 4139 2014 4219 repetita
2061 4146 2180 4219 est3
2234 4154 2421 4218 pauca
2477 4159 2626 4221 quae
2674 4140 2827 4222 apud
2887 4138 3017 4200 illos

418 4260 530 4303 non
587 4245 1000 4327 inveniuntur,
1054 4247 1116 4306 in
1172 4246 1379 4325 primis
1433 4248 1494 4306 in
1551 4244 1666 4305 fine
1715 4246 1895 4306 unius
1942 4245 2233 4324 cuiusque
2279 4244 2542 4330 litterae,
2598 4248 2725 4326 ipse
2773 4245 3018 4307 Albinus

416 4348 650 4412 addidit.
698 4352 759 4412 in
798 4351 1016 4431 quibus
1043 4352 1411 4413 Priscianum
1447 4353 1770 4414 nominavit
1804 4371 1861 4431 p.
1893 4348 2084 4413 2347.
2142 4351 2214 4413 ab
2244 4351 2453 4413 eodem
2491 4352 2526 4414 l.
2556 4352 2717 4413 xlm
2755 4373 2811 4433 p.
2841 4349 2947 4433 49,
2976 4348 3019 4412 5

417 4465 688 4537 excerpta
735 4456 809 4517 de
854 4458 1392 4538 praepositionibus
1430 4477 1549 4536 pro
1587 4465 1648 4518 et
1678 4476 1838 4534 prae
1883 4478 1939 4539 p.
1974 4455 2150 4519 2342
2196 4462 2420 4538 petivit.
2486 4478 2558 4520 ex
2596 4459 2770 4540 Capri
2817 4458 3013 4520 ortho-

417 4562 655 4643 graphia
699 4583 757 4643 p.
800 4559 945 4643 100,
987 4559 1030 4624 5
1076 4563 1514 4626 adnotationem
1562 4564 1633 4624 de
1672 4562 1967 4624 adverbiis
2008 4572 2302 4640 protenus
2349 4573 2410 4625 et
2447 4567 2730 4641 protinus
2776 4566 3021 4644 recepit.

591 4735 644 4803 *)
681 4734 746 4787 In
783 4748 895 4788 uno
932 4733 1124 4789 codiee
1160 4734 1462 4805 Reginensi
1503 4739 1637 4791 1587
1688 4734 1906 4789 decimo
1943 4733 2165 4789 saeculo
2202 4734 2434 4804 scripto,
2469 4732 2580 4803 'qui
2624 4735 2761 4789 olim
2800 4735 3021 4791 Nicolai

417 4812 631 4869 Heinaii
665 4814 801 4881 fuit,
840 4811 1116 4882 excerptis
1151 4813 1370 4884 Albini,
1407 4816 1473 4870 ut
1509 4815 1755 4885 videtur,
1792 4814 1980 4871 Bedae
2009 4833 2212 4872 nomen
2249 4814 2657 4886 praescriptum
2695 4818 2806 4886 eet,
2842 4816 3023 4870 ortho-

415 4894 654 4962 graphia
687 4893 875 4949 Bedae
908 4901 1047 4949 recte
1081 4896 1355 4950 scribendi
1393 4897 1468 4950 M
1466 4913 1493 4950 e
1528 4897 1672 4965 legat
1707 4897 1971 4965 antiquae
2005 4915 2126 4967 sqq,

524 5001 834 5032 ‹suanm-rtet
859 5002 1032 5033 murm
1073 5002 1161 5032 vn.
2530 4990 2595 5039 15
