3613 5528
573 396 697 461 130
1645 394 2102 452 CASSIODORII

563 582 880 662 archetypo
935 583 1147 643 ductos
1202 601 1334 643 esse
1391 590 1697 663 appareat,
1761 582 2052 642 diversam
2110 582 2181 641 ab
2243 582 2356 643 illis
2411 586 2767 664 scripturam
2824 586 3164 664 saepissime

560 689 862 768 praebent.
935 693 1133 770 itaque
1181 708 1316 750 cum
1363 690 1481 750 duo
1529 692 1648 750 sint
1702 708 1918 768 genera
1967 689 2267 771 codicum,
2323 708 2577 768 quorum
2626 690 2875 750 alterum
2932 689 3165 750 duobus

559 795 960 858 Bernensibus
999 805 1058 856 et
1094 797 1389 879 Parisino,
1427 796 1678 857 alterum
1718 796 2089 857 Bruxelleusi
2127 805 2187 857 et
2225 795 2563 857 Coloniensi
2601 799 2961 878 continetur,
2997 798 3164 876 prius

557 901 699 961 illud
746 922 934 982 genus
985 922 1100 964 uuo
1148 903 1436 964 Bernensi
1485 900 1616 964 330
1663 906 1741 964 ita
1790 911 2301 985 repraesentatur,
2358 911 2426 964 ut
2473 902 2616 963 nihil
2664 903 2821 982 quod
2878 905 3164 982 gravioris

556 1011 840 1070 momenti
895 1012 973 1070 sit
1027 1029 1097 1070 ex
1157 1011 1401 1089 reliquis
1458 1009 1689 1071 duobus
1747 1009 2013 1070 eiusdem
2063 1012 2264 1090 stirpis
2320 1008 2486 1069 libris
2534 1010 2804 1091 accedat,
2860 1012 2918 1069 in
2978 1009 3162 1070 altero

553 1134 772 1193 genere
831 1135 1025 1196 neque
1081 1115 1483 1177 Bruxeliensis
1541 1134 1733 1194 neque
1795 1115 2165 1177 Coloniensis
2223 1134 2328 1195 per
2384 1133 2447 1175 se
2506 1119 2648 1177 satis
2707 1126 2929 1177 certam
2986 1116 3162 1177 fidem

553 1220 746 1284 habet.
820 1241 1002 1302 quare
1060 1231 1183 1282 tres
1240 1222 1422 1282 libros
1470 1242 1619 1301 quos
1666 1222 1840 1282 modo
1889 1222 2010 1282 dixi
2065 1222 2135 1282 ad
2194 1239 2401 1282 novam
2449 1222 2768 1283 editionem
2816 1222 3083 1304 adhibui,
3130 1243 3162 1282 e

553 1327 770 1407 quibus
807 1330 1095 1391 Bernensi
1133 1322 1246 1411 (B)
1286 1336 1345 1388 et
1391 1338 1634 1417 propter
1683 1328 2003 1389 honitatem
2044 1331 2372 1409 scripturae
2412 1336 2472 1388 et
2518 1338 2762 1409 propter
2802 1330 3160 1409 diligentiam

553 1436 804 1518 librarii,
851 1439 954 1516 qui
993 1454 1128 1497 eum
1168 1438 1434 1517 scripsit,-
1473 1437 1848 1514 praecipuam
1888 1437 2298 1495 auctoritatem
2338 1435 2408 1494 ad
2450 1436 2921 1497 constituendam
2960 1436 3161 1496 lectio-

554 1562 687 1604 nem
738 1542 934 1604 tribni.
1010 1552 1069 1604 et
1123 1545 1259 1622 quia
1307 1545 1367 1603 in
1415 1562 1486 1602 eo
1542 1544 1728 1620 prima
1777 1543 2072 1620 scriptura
2123 1541 2424 1602 interdum
2471 1559 2502 1600 a
2549 1552 2890 1603 correctore
2937 1552 3159 1605 mutata

553 1658 644 1710 est
691 1669 884 1730 neque
932 1658 1097 1711 certo
1145 1668 1382 1730 semper
1427 1651 1704 1727 cognosci
1751 1655 2012 1729 poterat,
2057 1647 2198 1726 quid
2254 1656 2423 1709 antea
2471 1650 2758 1727 scriptum
2808 1651 3043 1730 fuisset,
3098 1652 3157 1710 in

552 1754 643 1815 his
700 1755 845 1817 locis
905 1757 1156 1818 alterum
1202 1757 1564 1817 Bernensem
1622 1772 1757 1815 cum
1814 1756 2003 1847 prima
2061 1756 2354 1834 scriptura
2410 1755 2566 1816 illius
2612 1755 2964 1835 plerumque
3021 1775 3157 1817 con-

557 1864 911 1924 sentientem
967 1866 1196 1944 inspexi
1257 1871 1317 1923 ct
1371 1865 1500 1924 eius
1558 1863 1900 1942 lectionem,
1958 1860 2057 1922 ubi
2115 1858 2266 1941 opus
2312 1880 2443 1921 esse
2492 1860 2826 1944 videbatur,
2872 1862 3157 1923 adnotavi.

551 1988 618 2029 ea
665 1989 814 2050 quae
862 1970 1054 2032 deleta
1110 1973 1309 2050 priore
1357 1971 1651 2048 scriptura
1697 1972 1758 2029 in
1819 1987 2022 2029 rasura
2077 1971 2268 2048 posita
2328 1977 2469 2029 sunt
2524 1968 2720 2029 addito
2768 1989 2892 2030 ras.
2939 1970 3156 2049 signifi-

550 2078 696 2137 cavi.
770 2095 841 2138 ex
886 2077 1155 2138 Parisino
1203 2076 1435 2157 codice,
1490 2094 1666 2155 quem
1713 2074 1881 2156 olim,
1939 2092 2075 2135 cum
2123 2075 2399 2136 meliores
2445 2074 2628 2135 libros
2675 2076 2938 2136 nondum
2983 2075 3156 2137 hahe-

550 2182 712 2265 bam,
767 2184 1160 2265 contuleram,
1215 2200 1399 2262 pauca
1447 2182 1751 2261 adscripsi.
1836 2183 1894 2240 in
1943 2179 2311 2241 Bruxellensi
2360 2181 2562 2241 codice
2609 2175 2720 2263 (A)
2768 2193 2828 2244 et
2882 2185 2940 2243 in
2990 2183 3155 2243 Colo·

550 2291 741 2350 niensi
779 2281 894 2372 (C)
934 2308 1069 2350 cum
1117 2291 1412 2367 scriptura
1457 2290 1673 2349 veteris
1720 2287 1970 2369 codiciS,
2018 2308 2088 2348 ex
2136 2306 2253 2367 quo
2301 2288 2432 2349 illos
2479 2290 2811 2370 descriptos
2849 2309 2980 2352 esse
3018 2290 3156 2369 dixi,

551 2414 761 2476 parum
809 2405 1083 2457 accurate
1133 2415 1411 2475 expressa
1459 2398 1563 2475 sit,
1611 2404 1735 2455 tum
1784 2396 1824 2455 ii
1872 2394 2013 2476 loci,
2058 2397 2119 2456 in
2168 2394 2384 2474 quibus
2431 2394 2607 2455 verba
2655 2397 2868 2457 omissa
2917 2395 3007 2456 vel
3057 2396 3156 2456 ali-

549 2521 667 2583 quo
730 2502 905 2564 modo
960 2506 1216 2563 extincta
1279 2511 1447 2563 erant
1505 2505 1566 2562 in
1627 2501 1975 2585 archetypo,
2035 2501 2092 2561 id
2151 2502 2306 2580 quod
2366 2520 2541 2582 saepe
2602 2502 2923 2585 acciderat,
2983 2506 3159 2564 variis

549 2610 739 2670 modis
786 2629 818 2671 a
865 2609 1122 2671 librariis
1170 2611 1379 2670 mutati
1425 2617 1485 2668 et
1532 2607 2089 2688 interpolationibus
2136 2610 2403 2688 corrupti
2452 2616 2608 2669 sunt.
2682 2628 2864 2688 quare
2924 2612 2974 2671 si
3021 2629 3156 2671 cnm

548 2716 838 2779 Bernensi
885 2717 1171 2778 alteruter
1209 2734 1279 2776 ex
1327 2717 1400 2776 iis
1439 2717 1767 2795 consentit,
1813 2715 2170 2777 dissentiens
2210 2714 2453 2776 alterius
2491 2716 2786 2796 scriptura
2826 2716 2998 2778 fidem
3041 2736 3155 2778 uon

550 2823 754 2906 habet,
801 2825 904 2884 sed
953 2833 1055 2885 aut
1093 2827 1284 2884 errori
1332 2832 1432 2884 aut
1469 2825 1846 2883 coniecturae
1887 2822 2197 2884 tribuenda
2238 2833 2344 2885 est.
2419 2825 2468 2883 si
2509 2826 2820 2903 utriusque
2860 2843 3154 2885 consensu

547 2934 879 2994 communis
926 2931 1230 3011 archetypi
1291 2932 1585 3010 scriptura
1642 2919 1935 3012 refertur,
1992 2950 2345 3011 quamquam
2393 2949 2459 2990 ea
2519 2948 2756 3009 quoque
2804 2949 2980 3010 saepe
3027 2950 3154 2991 cor-

548 3046 719 3118 rupta
767 3048 886 3120 est,
933 3047 1129 3099 tamen
1176 3036 1330 3098 haud
1380 3055 1515 3097 raro
1562 3036 1804 3097 meliora
1864 3037 2110 3117 praebet
2169 3056 2342 3116 quam
2391 3035 2727 3098 BernensiS.
2804 3056 2936 3098 nam
2985 3057 3058 3098 ne
3104 3041 3156 3097 is

547 3146 785 3225 quidem
834 3146 905 3206 ab
961 3144 1441 3225 interpolatione,
1497 3162 1672 3223 quam
1720 3144 1894 3222 vulgo
1951 3146 2466 3223 grammaticorum
2525 3142 2658 3203 libri
2715 3146 2943 3223 experti
3000 3153 3155 3224 sunt,

544 3254 784 3313 omnino
824 3270 1042 3312 vacuus
1081 3259 1189 3311 est.
1263 3251 1716 3330 discrepantiam
1756 3250 1977 3311 codicis
2015 3249 2362 3334 BernensiS,
2410 3269 2585 3329 quem
2633 3261 2768 3330 post
2804 3269 2897 3311 me
2935 3253 3151 3311 iterum

545 3358 822 3437 llagenus
859 3357 1136 3438 contulit,
1182 3359 1323 3418 item
1363 3357 1584 3417 codicis
1622 3355 2051 3437 Bruxellensis,
2098 3359 2156 3417 in
2207 3376 2324 3436 quo
2363 3357 2557 3419 Haasii
2597 3377 2777 3437 opera
2823 3377 2966 3419 usus
3005 3377 3155 3437 sum,

544 3468 808 3545 exceptis
845 3463 1165 3526 levioribus
1205 3462 1556 3543 quibusdam
1596 3465 1929 3543 scripturiS,
1966 3481 2217 3542 quarum
2257 3463 2414 3524 nulla
2453 3464 2688 3550 utilitas
2709 3475 2820 3547 est,
2859 3467 3152 3543 integrum

545 3569 802 3633 exhibui.
875 3574 934 3631 in
977 3570 1312 3632 Coloniensi
1352 3568 1572 3649 codice,
1613 3570 1715 3647 qui
1754 3568 1917 3629 valde
1959 3569 2339 3648 neglegenter
2387 3574 2646 3650 scriptus
2694 3581 2802 3647 est,
2851 3570 3152 3650 complura

544 3695 692 3755 quae
741 3680 801 3738 in
849 3663 931 3737 eo*
967 3677 1278 3757 depravata
1326 3683 1496 3734 erant
1541 3676 1728 3734 omisi.
1805 3684 2110 3754 praeterea
2168 3679 2226 3736 in
2285 3681 2582 3757 excerptis
2629 3678 2956 3739 Adamantii
3004 3678 3151 3737 Mar-

547 3785 710 3864 tyrii,
759 3784 832 3844 de
881 3782 1099 3862 quibus
1146 3783 1298 3843 infra
1347 3782 1605 3863 dicetur,
1650 3781 2052 3843 Bruxeliensis
2091 3762 2150 3844 et
2188 3782 2555 3844 Coloniensis
2603 3784 2824 3845 codicis
2870 3784 3154 3845 lectiones

543 3892 741 3951 minus
788 3898 1059 3950 accurate
1108 3907 1285 3967 quam
1332 3890 1390 3948 in
1438 3887 1686 3967 reliquis
1734 3887 2021 3949 indicatae
2070 3899 2228 3948 sunt.

725 3994 884 4055 Duae
942 3995 1320 4056 recensiones
1379 4012 1553 4055 manu
1612 3995 1970 4073 scriptorum
2026 3994 2348 4077 librorum,
2399 3995 2470 4056 de
2519 3996 2736 4075 quibus
2782 3998 2929 4078 dixi,
2980 4000 3153 4058 etiam

552 4104 621 4164 ad
670 4103 817 4164 duas
864 4102 1183 4184 editiones,
1229 4103 1287 4160 iu
1336 4100 1554 4180 quibus
1600 4102 1858 4180 primum
1907 4100 2001 4160 hic
2047 4100 2198 4161 liber
2247 4103 2399 4181 typis
2445 4121 2765 4182 expressus
2813 4113 2929 4186 est,
2972 4106 3153 4184 perti-

549 4218 707 4270 nent.
793 4228 997 4270 earnm
1055 4208 1234 4269 altera
1293 4215 1385 4267 est
1438 4207 1767 4268 Parisiua
1825 4207 1976 4286 apud
2038 4206 2449 4268 Sebastianum
2497 4209 2805 4271 Nivellium
2863 4229 2911 4271 a.
2965 4207 3151 4271 1579.

548 4318 605 4375 in
652 4315 765 4376 fine
814 4314 1148 4394 subscripta
1198 4324 1336 4375 sunt
1382 4313 1554 4394 haec,
1612 4309 1910 4374 ‘Lutetiae
1957 4314 2318 4402 Parisiorum
2366 4335 2436 4375 ex
2484 4317 2865 4397 typographia
2912 4316 3153 4376 Henrici

545 4421 793 4501 'l'hierry
850 4440 1051 4482 mense
1112 4406 1421 4482 Decembri
1477 4416 1928 4480 MDLXXVlll'.
2017 4423 2074 4482 in
2135 4422 2242 4482 hac
2300 4441 2436 4482 cum
2492 4423 2738 4501 reliquis
2796 4423 3153 4485 Cassiodorii

542 4526 711 4588 libris
765 4528 903 4589 olim
962 4528 1162 4609 editis,
1217 4531 1276 4588 in
1336 4526 1552 4606 quibus
1609 4526 1773 4586 Petri
1829 4525 2057 4588 Pithoei
2114 4544 2294 4607 opera
2352 4546 2494 4589 usus
2552 4537 2679 4589 erat
2737 4528 3153 4609 typographus,

541 4634 638 4695 hic
684 4636 757 4697 de
805 4634 1223 4715 orthographia
1269 4634 1418 4696 liber
1464 4653 1534 4695 ex
1584 4632 1787 4693 codice
1836 4632 1996 4693 Petri
2048 4632 2300 4693 Danielis
2355 4636 2612 4714 primum
2662 4636 2857 4697 editus
2904 4644 3021 4715 est,
3078 4634 3151 4695 de

542 4759 660 4820 quo
723 4743 783 4802 in
841 4741 1092 4822 epistula
1153 4740 1498 4820 typographi
1547 4740 1615 4800 ad
1669 4739 1954 4800 lectorem
2001 4742 2220 4820 scripta
2269 4750 2408 4802 sunt
2468 4741 2640 4823 haec,
2696 4736 2860 4801 ‘Non
2928 4750 3151 4801 taceam

541 4846 602 4907 P.
644 4845 942 4907 Danielem
993 4850 1183 4908 virum
1233 4846 1471 4923 quidem
1515 4844 1982 4907 eruditissimum
2021 4864 2088 4906 ac
2137 4847 2501 4908 venerandae
2549 4849 2917 4927 antiquitatis
2964 4847 3149 4907 culto-
