3613 5528
485 487 488 492 Ι
1240 399 1591 458 EXEMPLA
1625 397 2159 458 ELOOVTIONVM
2867 397 2997 465 457

395 518 443 555 p.
471 504 564 545 216.
592 501 675 544 217
702 502 756 544 L.

577 588 864 650 Ausculto
911 587 1013 669 illi,
1060 587 1195 649 Ter.
1243 588 1403 650 Adel.
1452 590 1547 662 (V
1591 589 1719 663 7,8)
1770 589 1872 648 vis
1922 596 1992 648 tu
2039 587 2207 648 huic
2254 590 2409 649 seni
2456 587 2893 649 auscultare.

579 696 852 758 Abstinet
896 714 960 757 se
1006 695 1103 757 illa
1151 715 1245 777 re,
1291 695 1425 757 Ter.
1473 695 1648 775 Hecy.
1699 688 1769 777 (I
1809 695 1992 769 2‚64J

826 803 986 883 plus
1033 813 1245 883 potus
1291 821 1449 863 sese
1497 802 1620 863 illa
1668 801 2039 863 abstinere
2088 811 2163 863 ut
2208 805 2549 882 potuerit.

402 913 663 972 abstinet
708 915 812 973 illa
857 930 954 992 re,
1002 910 1120 971 Cic.
1170 909 1242 971 de
1291 929 1412 990 rep.
1462 908 1487 968 Ι
1533 910 1696 984 (3,6)
1747 928 1875 970 nec
1932 927 2098 969 vero
2156 911 2287 969 iam
2341 927 2491 970 meo
2546 911 2830 970 nomine
2887 907 3003 969 ab·

348 1037 374 1078 5
403 1020 641 1080 stinet.

581 1125 793 1187 Adulat
847 1124 1041 1207 illum,
1105 1126 1223 1186 Cic.
1270 1126 1331 1185 in
1378 1124 1495 1185 Pis.
1547 1125 1792 1199 (41‚99J
1842 1122 2257 1184 adulantem
2306 1141 2573 1204 omne8‚
2629 1121 2784 1183 idem
2831 1121 3005 1182 Tusc.

403 1231 457 1292 II
503 1233 754 1308 (1024)
801 1241 1125 1293 nostrum
1171 1230 1412 1293 adulat
1458 1234 1894 1311 sanguinem.

583 1340 788 1401 Affluit
833 1339 930 1401 illa
965 1360 1052 1416 re,
1091 1340 1208 1401 Cic.
1239 1358 1347 1418 pro
1388 1338 1662 1399 Cluentio
1701 1337 1993 1413 (603188)
2032 1337 2460 1418 domumque
2499 1337 2694 1397 illam
2731 1335 3008 1398 scelere

408 1450 591 1507 omni
640 1446 1079 1509 affluentem.

328 1574 381 1612 ιο
584 1556 887 1635 Aspernor
933 1555 1089 1616 illam
1136 1572 1265 1615 rem
1313 1572 1343 1614 a
1390 1572 1514 1635 me,
1559 1552 1716 1614 idem
1762 1571 1872 1632 pro
1920 1551 2192 1613 Cluentio
2240 1553 2533 1628 (68,194)
2581 1570 2612 1611 a
2661 1554 2812 1613 suis
2867 1553 3011 1612 aris

408 1671 619 1740 atque
668 1661 955 1741 templis
1011 1663 1324 1722 nefarias
1390 1679 1645 1741 preces
1710 1669 2138 1740 aspernatos
2202 1660 2372 1721 deos
2438 1678 2595 1720 esse
2654 1659 2946 1719 consido
2993 1706 3009 1720 .

408 1786 695 1848 aspernor
749 1767 940 1851 illum,
997 1768 1151 1829 idem
1207 1787 1316 1848 pro
1374 1768 1645 1829 Cluentio
1702 1767 1945 1842 (MAI)
2002 1784 2202 1826 nemo
2260 1765 2458 1828 illum
2522 1765 2747 1847 aditu,
2810 1783 3011 1826 nemo

410 1879 737 1938 convivio
784 1876 1073 1956 dignum
1120 1874 1512 1955 iudicabat,
1559 1893 1804 1935 omnes
1852 1872 2445 1953 aspernabantur.

588 1964 805 2045 Avocat
851 1983 923 2044 ab
970 1983 1064 2044 illa
1111 2001 1204 2064 re,
1252 1983 1370 2043 Cic.
1419 1983 1491 2043 de
1540 2001 1664 2062 rep.
1712 1981 1736 2041 l
1783 2000 1816 2041 a
1865 1999 1999 2060 qua
2044 1982 2172 2041 isti
2219 1980 2632 2041 avocabant.

333 2109 384 2149 ιε
585 2089 893 2151 Abalienas
965 2088 1123 2151 illam
1195 2107 1326 2152 rem
1397 2109 1428 2150 a
1504 2096 1591 2170 te,
1664 2088 1782 2149 Cic.
1847 2086 2141 2148 Siciliensi
2206 2089 2297 2160 (in
2377 2088 2546 2149 Verr.
2614 2088 2689 2147 II
2752 2086 2839 2146 64
2839 2087 3014 2162 ,1552

412 2199 782 2258 maximum
830 2215 1200 2258 numerum
1247 2196 1369 2257 abs
1416 2204 1481 2257 te
1529 2137 1987 2256 abalienasti.

586 2305 863 2384 Adrepsit
898 2308 986 2365 ad
1020 2307 1182 2366 illam
1222 2321 1366 2377 rem,
1405 2301 1524 2363 Cic.
1564 2303 1842 2363 frument.
1883 2304 1974 2375 (in
2027 2302 2197 2364 Verr.
2239 2304 2353 2363 IIJ
2386 2302 2642 2376 68‚158)
2680 2303 2761 2363 ad
2800 2305 3017 2364 istius

411 2413 805 2472 amicitiam
851 2411 1288 2492 adrepserat.
1332 2411 1341 2486 Ι
1400 2479 1404 2483 ,

587 2517 973 2580 Administrat
1027 2519 1416 2600 provinciam,
1471 2517 1590 2578 Cic.
1637 2516 1709 2579 de
1757 2518 1942 2597 signis
1991 2519 2079 2590 (in
2145 2516 2313 2578 Verr.
2364 2518 2464 2577 IV
2507 2516 2773 2592 64‚144)
2831 2516 3017 2596 quod

328 2624 802 2704 §invigilanter
847 2627 1293 2705 provinciam
1341 2623 1930 2685 administrasset
1976 2672 1990 2684 .

590 2731 865 2813 Adspirat
900 2730 1010 2812 illi,
1056 2731 1226 2812 Verg.
1265 2731 1406 2793 Aen.
1445 2731 1496 2792 Il
1541 2731 1726 2805 (385)
1766 2731 2091 2811 adspirat
2138 2734 2366 2812 primo
2404 2732 2697 2794 fortuna
2743 2729 3019 2793 labori.

414 2841 675 2922 adspirat
737 2840 807 2901 ad
873 2839 1044 2920 illud,
1108 2840 1227 2901 Cic.
1292 2842 1353 2899 in
1419 2838 1775 2900 divinatione
1844 2847 2049 2900 contra
2097 2838 2415 2900 Caecilium
2474 2841 2684 2915 (0320)
2751 2842 2872 2921 qui
2936 2839 3018 2900 ad

413 2947 714 3008 alienam
762 2964 1044 3007 causam
1089 2945 1443 3007 accedere
1490 2953 1610 3007 aut
1655 2946 2033 3025 adspirare
2083 2947 2338 3008 audeat
2383 2994 2397 3007 .

591 3052 800 3114 Adolet
861 3072 1019 3134 araS,
1083 3052 1253 3133 Verg.
1300 3052 1442 3114 Aen.
1491 3051 1592 3111 Vll
1653 3053 1795 3126 (71)
1863 3053 2106 3115 adolet
2170 3057 2335 3115 dum
2401 3059 2687 3116 altaria
2752 3058 3019 3130 taedis,

334 3178 386 3218 25
417 3163 571 3222 idem
617 3161 762 3221 Aen.
802 3162 842 3221 I
881 3160 1082 3239 (7051)
1123 3159 1448 3236 flammis
1495 3162 1809 3221 adolere
1851 3168 2154 3239 penates
2201 3207 2215 3220 .
2263 3160 2609 3223 adolescunt
2654 3181 2817 3244 arae,
2864 3161 3021 3229 idem

415 3285 574 3347 geor.
621 3266 726 3326 llll
773 3268 965 3341 (379)
1015 3266 1408 3328 Panchaeis
1454 3264 1887 3327 adolescunt
1935 3265 2223 3345 ignibus
2270 3285 2450 3327 arae.

593 3372 803 3452 Alligat
848 3374 918 3435 ad
967 3374 1105 3455 hoc,
1153 3372 1271 3434 Cio.
1319 3371 1391 3433 de
1440 3372 1745 3453 suppliciis
1792 3374 1885 3445 (in
1947 3373 2117 3434 Verr.
2177 3374 2229 3432 V
2269 3374 2446 3449 0310)
2504 3382 2575 3436 et
2636 3375 2723 3436 ad
2770 3375 3022 3456 palum

417 3481 922 3561 alligabantur.
1540 3472 1544 3477 ’

599 3725 778 3781 Cede-‘c
817 3724 1116 3780 Parrhasii
1188 3731 1216 3778 1
1255 3723 1524 3778 Absculto
1669 3722 1985 3777 abscultare
2140 3730 2171 3777 2
2212 3725 2321 3779 Ter
2348 3724 2464 3794 Ecy
2491 3726 2616 3795 plus
2644 3724 2894 3794 potuisse
2923 3724 3026 3779 illa.

490 3813 522 3860 3
560 3804 848 3875 potuerint
1007 3809 1042 3857 4
1078 3803 1322 3859 abstinet
1357 3802 1460 3857 illa
1497 3819 1555 3857 re
1593 3818 1693 3858 om.
1840 3809 1872 3857 6
1909 3803 2161 3858 Adulant
2195 3802 2359 3859 illum
2507 3806 2598 3861 ide
2754 3812 2785 3860 8
2822 3824 2884 3861 re
2920 3823 3020 3862 om.

494 3892 559 3940 10
593 3902 711 3940 rem
750 3902 851 3940 om.
1001 3890 1064 3937 12
1095 3890 1359 3954 aspernor
1391 3884 1579 3955 illum]
1618 3899 1854 3952 asperno
1890 3882 2052 3937 illum
2195 3885 2376 3957 aditu]
2408 3885 2531 3940 adit
2676 3891 2740 3940 13
2770 3901 3026 3955 asperne-

419 3965 586 4019 batur
750 3970 813 4019 15
853 3963 1140 4019 abalienat
1174 3964 1332 4018 illam
1363 3980 1405 4018 a.
1443 3965 1498 4018 te
1664 3970 1728 4019 17
1785 3964 1858 4018 ad
1908 3964 2067 4018 illam
2121 3981 2240 4019 rem
2294 3982 2394 4021 om.
2567 3972 2634 4020 22
2693 3964 3023 4036 Caecilium]

423 4044 671 4100 Caelium
847 4051 916 4099 24
970 4044 1178 4099 Adolet
1227 4061 1351 4099 aras
1401 4043 1555 4114 Virg.
1608 4045 1744 4098 Aen.
1799 4038 1853 4099 V
1898 4044 2089 4099 adolet,
2131 4046 2366 4115 penates
2526 4051 2594 4101 26
2644 4045 2918 4100 Pancheis

420 4134 486 4184 27
523 4127 738 4197 pallum
774 4143 911 4182 corr.
951 4125 1144 4196 palum

598 4330 630 4379 3
667 4324 794 4394 plus
831 4324 1024 4393 potus,
1063 4339 1183 4377 sese
1217 4322 1320 4377 illa
1356 4323 1637 4377 abstinere
1675 4325 1741 4375 ut
1774 4321 2024 4391 potuerit
2065 4321 2352 4377 Terentius
2512 4327 2547 4375 4
2585 4338 2689 4376 nec
2733 4337 2867 4376 vero
2913 4320 3028 4375 iam

421 4402 646 4459 nomine
701 4404 985 4459 abstinent
1031 4405 1199 4458 codex
1239 4401 1514 4457 Ciceronis
1671 4408 1735 4457 10
1783 4402 1920 4471 quin
1976 4402 2148 4457 etiam
2203 4405 2476 4457 nocturna
2530 4401 2826 4469 sacrificia,
2881 4417 3025 4469 quae

421 4486 583 4554 putet
618 4485 926 4540 occultiora
974 4500 1123 4551 esse,
1169 4484 1577 4552 sceleratasque
1625 4482 1742 4537 eius
1787 4498 1980 4551 preces
2029 4484 2087 4535 et
2130 4479 2347 4535 nefaria
2391 4482 2527 4536 vota
2563 4480 2923 4563 cognovimus
2960 4511 3028 4520 -

423 4563 578 4618 cuius
616 4581 723 4634 ego
758 4563 1004 4621 furorem
1041 4566 1211 4632 atque
1251 4561 1648 4618 crudelitatem
1686 4562 1819 4615 deos
1855 4561 2200 4616 immortales
2231 4577 2266 4615 a
2294 4561 2409 4615 suis
2444 4561 2557 4615 aris
2593 4550 2764 4630 atque
2799 4560 3029 4630 templis

424 4651 747 4715 aspernatos
784 4661 906 4700 esse
942 4644 1159 4700 confido
1198 4643 1383 4698 Cicero
1529 4649 1597 4697 14
1634 4641 1972 4713 avocabant]
2003 4645 2244 4697 avocant
2272 4642 2347 4696 M
2359 4641 2416 4695 Ρ
2554 4647 2623 4695 24
2659 4640 2868 4695 Adolet
2903 4657 3029 4695 aras

424 4723 578 4794 Virg.
615 4728 752 4780 Aen.
790 4726 816 4779 I
852 4725 1044 4780 adolet
1082 4723 1328 4793 (adolere
1370 4720 1505 4789 GP)
1551 4721 1791 4777 Penates
1831 4766 1843 4778 .
1886 4722 2227 4777 Adolescunt
2272 4738 2402 4777 arae
2441 4722 2517 4775 M
2529 4720 2651 4775 GP
2687 4761 2699 4774 .
2734 4721 2851 4776 tria
2898 4720 3029 4776 Ver-

421 4807 548 4875 yilii
584 4804 853 4876 eaeempla,
904 4823 1043 4875 quae
1087 4804 1330 4869 restitui,
1386 4808 1439 4857 et
1477 4809 1697 4873 praeter
1742 4805 1873 4858 haec
1908 4808 2166 4872 quartum
2211 4802 2384 4857 bucol.
2422 4807 2553 4869 &65
2581 4800 2773 4871 posuit
2808 4800 3034 4856 Nonius

420 4901 477 4954 p.
518 4891 591 4940 58
736 4891 804 4940 28
841 4886 1150 4958 alligantur
1189 4884 1376 4939 Cicero

531 4993 844 5025 eamn-1101
870 4994 1046 5025 mmm
1085 4992 1171 5025 vn.
2538 4978 2606 5025 30
