3613 5528
1248 451 1600 508 EXEMPLA
1634 450 2172 508 ELOCVTIONVM
2880 446 3010 511 487

403 568 449 607 p.
474 555 568 595 241.
595 555 675 595 242
702 554 754 596 L.

404 639 463 700 id
513 650 605 700 est
650 646 1012 720 opportune,
1059 637 1172 698 Sal.
1220 636 1426 699 histor.
1475 638 1499 698 Ι
1546 638 1707 717 quis
1754 635 1970 698 rebus
2018 635 2209 716 Sylla
2257 635 2625 714 suspectis
2683 634 3010 694 maxime-

405 765 537 826 que
585 745 856 805 ferocia
904 746 1098 825 regis
1144 744 1586 806 Mithridatis
1632 747 1700 805 in
1749 753 2072 823 tempore
2121 742 2472 804 bellaturi
2518 789 2530 802 .

583 853 648 914 In
714 854 1046 932 praesentia
1111 870 1220 932 pro
1285 852 1355 913 ad
1421 870 1732 932 praesenS,
1797 849 1915 911 Cic.
1977 849 2266 911 sicilicus,
2324 852 2415 922 (in
2488 849 2657 910 Verr.
2732 849 2783 908 V
2838 848 3014 923 7,17)

406 961 777 1041 pecuniam
844 958 982 1020 sibi
1049 976 1208 1019 esse
1274 959 1342 1019 in
1410 956 1853 1040 nominibuS,
1917 957 2353 1018 numeratam
2404 957 2413 1030 Ι
2464 959 2533 1018 in
2599 958 3016 1037 praesentia

353 1083 544 1128 anon
609 1066 873 1128 habere
939 1113 952 1126 .
1017 1067 1078 1128 in
1152 1084 1436 1146 praesens
1501 1084 1610 1146 pro
1675 1065 1746 1126 ad
1812 1083 2122 1145 praesenS,
2188 1064 2301 1125 Sal.
2350 1063 2485 1124 hist.
2538 1063 2642 1122 ΙΙΙΙ
2699 1063 2882 1143 quod
2945 1066 3014 1125 in

405 1192 755 1255 praesens
804 1172 1005 1235 modo
1062 1175 1241 1234 satis
1298 1182 1583 1234 cautum
1639 1173 1907 1253 fuerat,
1962 1172 2117 1233 idem
2164 1171 2297 1232 hist.
2346 1170 2454 1230 nn
2502 1170 2667 1251 quid
2728 1170 2809 1231 ab
2864 1171 3016 1232 illis

408 1284 552 1342 nisi
598 1281 833 1343 dolum
879 1284 951 1343 in
997 1299 1348 1361 praesens
1395 1289 1464 1342 et
1507 1290 1755 1361 postea
1803 1279 2071 1342 bellum
2117 1287 2549 1359 exspectans
2596 1327 2609 1340 .

585 1388 868 1450 idoneum
936 1388 1120 1468 factu,
1187 1386 1300 1448 Sal.
1366 1387 1500 1448 hist.
1568 1387 1646 1446 111
1713 1405 1961 1448 manus
2037 1387 2316 1448 ferreas
2390 1396 2460 1448 et
2531 1386 2666 1448 alia
2742 1387 3017 1450 adnexu

410 1495 667 1557 idonea
713 1496 1025 1557 iniicere
1074 1543 1088 1556 .

332 1620 385 1660 ιο
588 1601 812 1665 Insulto
869 1602 1023 1684 solo,
1077 1602 1246 1682 Verg.
1289 1620 1460 1678 θεον.
1508 1601 1587 1661 ΙΙΙ
1644 1602 1827 1676 (116)
1884 1604 2198 1682 equitem
2256 1602 2569 1663 docuere
2629 1601 2757 1662 sub
2805 1605 3019 1663 armis

411 1710 769 1772 insultare
817 1710 992 1771 solo,
1084 1710 1305 1772 insulto
1353 1708 1573 1791 solum,
1618 1710 1753 1771 Ter.
1800 1709 1952 1772 Eun.
2001 1712 2108 1784 (II
2146 1710 2320 1785 2,53)
2998 1687 3003 1692 .

1117 1877 1144 1908 ο
1615 1818 1814 1879 fores
1860 1819 2102 1898 aperis
2149 1819 2596 1898 fortunatus,

669 1945 751 1988 ne
800 1934 873 1988 tu
921 1927 1101 1987 istas
1149 1926 1308 1986 faxo
1357 1923 1679 1987 calcibus
1728 1944 1937 2006 saepe
1985 1924 2375 1986 insultabis
2425 1925 2698 1985 frustra
2747 1971 2760 1984 .

590 2033 776 2095 Incidi
822 2035 882 2093 in
932 2033 1086 2094 illam
1136 2051 1290 2114 rem,
1337 2032 1455 2093 Cic.
1494 2032 1703 2113 Philip.
1744 2033 1767 2092 Ι
1808 2032 2017 2108 (7,16)
2055 2050 2232 2112 quae
2281 2031 2405 2093 ille
2452 2032 2522 2092 in
2569 2049 2687 2091 aes
2734 2029 3022 2104 incidit,

334 2154 387 2195 15
413 2138 570 2200 idem
618 2141 678 2200 in
727 2139 933 2201 eadem
982 2139 1233 2214 (10,26)
1281 2150 1353 2202 et
1400 2143 1466 2201 in
1515 2159 1632 2200 aes
1679 2138 1904 2201 incidi
1952 2127 2329 2220 iubebitis,
2368 2138 2610 2212 credo,
2665 2137 2785 2199 illa
2845 2137 3019 2216 legi·

416 2249 582 2308 tima
632 2295 645 2308 .
694 2247 874 2309 incidi
932 2250 993 2309 in
1049 2247 1146 2309 illa
1203 2266 1296 2329 re,
1351 2247 1469 2309 Cic.
1526 2247 1599 2308 de
1657 2266 1798 2328 rep.,
1855 2265 1990 2307 cum
2046 2245 2119 2307 de
2178 2244 2571 2326 Sardanapalo
2628 2245 2880 2327 diceret,
2945 2263 3022 2305 ea

415 2353 638 2414 incidi
684 2355 907 2416 iussit
951 2358 1020 2415 in
1068 2354 1307 2437 busto,
1353 2354 1510 2416 idem
1554 2355 1616 2414 iu
1663 2353 1940 2415 Pisonem
1981 2353 2232 2430 (29,72)
2279 2355 2348 2414 in
2398 2371 2479 2413 eo
2528 2351 2790 2431 elogio,
2837 2352 3020 2431 quod

415 2470 481 2521 te
513 2460 826 2534 ‘consule
874 2463 942 2523 in
991 2462 1377 2542 sepulchro
1426 2463 1597 2541 reip.
1645 2462 1955 2523 incisum
2003 2471 2113 2523 est
2158 2509 2172 2522 .

594 2568 964 2632 Incuriosum
1029 2568 1101 2630 ab
1167 2569 1264 2631 illa
1328 2588 1421 2651 re,
1487 2567 1603 2629 Sal.
1658 2567 1794 2629 hist.
1862 2568 1969 2628 ΙΙΙΙ
2035 2570 2571 2648 infrequentem
2638 2568 3021 2628 stationem

336 2683 734 2735 sonostram
781 2677 1372 2756 incuriosamque
1420 2683 1560 2736 tam
1609 2674 1691 2735 ab
1738 2677 1954 2737 armis
2000 2723 2014 2737 .

594 2782 659 2844 Iu
697 2783 825 2844 dies
861 2803 969 2864 pro
1010 2784 1300 2867 quotidie,
1339 2784 1457 2845 Cic.
1496 2785 1555 2844 in
1596 2782 1759 2844 Catil.
1800 2783 1824 2842 Ι
1864 2784 2024 2860 (2,5)
2063 2785 2334 2845 crescit
2380 2784 2447 2843 in
2496 2782 2650 2843 dies
2697 2781 3024 2861 singulos

419 2890 728 2951 hostium
803 2908 1170 2973 numerus,
1245 2889 1359 2952 Sal.
1426 2889 1548 2969 lug.
1626 2891 1837 2967 (44,5)
1912 2892 2348 2953 frumentum
2420 2888 2712 2971 publice
2787 2889 3025 2950 datum

418 2997 753 3079 vendere,
806 3016 1053 3078 panem
1109 3000 1180 3059 in
1227 2998 1381 3059 dies
1430 2999 1733 3058 mercari
1782 3045 1795 3058 .
1846 3000 1906 3058 in
1953 2998 2137 3081 diem,
2183 2999 2241 3060 id
2290 3007 2382 3059 est
2428 2997 2498 3058 ad
2547 2997 2845 3079 futurum,
2890 2995 3026 3056 Ter.

418 3104 568 3167 Eun.
615 3106 710 3179 (V
753 3105 925 3181 6,19)

338 3228 392 3269 25
536 3212 659 3273 sed
706 3214 776 3273 iu
825 3213 1006 3274 diem
1054 3213 1277 3295 istud,
1322 3214 1694 3295 Parmeno,
1739 3222 1851 3274 est
1897 3213 2240 3292 fortasse,
2286 3212 2474 3292 quod
2520 3213 2912 3292 minitariS,

419 3318 539 3379 Cic.
568 3338 676 3399 pro
707 3320 902 3381 Caelio
933 3321 1182 3393 (2459)
1221 3340 1256 3377 0
1303 3320 1400 3380 dii
1440 3320 1917 3395 immortales,
1965 3338 2092 3380 cur
2138 3323 2205 3380 in
2255 3320 2574 3380 maximis
2620 3317 3027 3379 sceleribus

421 3435 542 3487 aut
588 3429 945 3488 conivetis
1001 3427 1362 3488 interdum
1418 3426 2010 3508 autpraesentis
2066 3426 2341 3488 fraudis
2396 3444 2662 3506 poenas
2718 3427 2787 3486 iu
2844 3425 3026 3486 diem

420 3530 862 3595 reservatis?

601 3641 873 3702 Incertus
936 3641 1093 3702 illius
1159 3646 1278 3717 rei,
1344 3641 1457 3702 Sal.
1525 3641 1659 3702 hist.
1728 3641 1809 3701 ΙΙΙ
1873 3641 2235 3721 perculsis
2297 3650 2366 3702 et
2438 3642 2662 3724 animi·
2726 3642 3029 3701 incertis

342 3750 914 3830 sosuccurritur,
960 3747 1095 3809 Ter.
1143 3747 1371 3830 Hecyra
1418 3750 1491 3822 (I
1527 3748 1710 3824 2,46)
1767 3749 1946 3809 fecit
1999 3750 2213 3810 animi
2270 3758 2349 3810 ut
2403 3749 2732 3809 incertus
2778 3748 2969 3808 foret
3016 3794 3029 3806 .

403 4018 416 4031 ,
602 3956 783 4012 Codex
821 3955 1114 4011 Parrhasii
1194 3963 1226 4010 2
1281 3955 1582 4011 Mitridatis
1755 3960 1790 4007 4
1845 3954 1905 4008 in
1963 3954 2220 4009 omnibus
2389 3954 2447 4009 in
2495 3953 2869 4025 praesentiam
2921 3969 3031 4007 non

423 4037 629 4092 habere
827 4043 859 4091 8
915 4037 1095 4107 factu]
1151 4036 1333 4091 factus
1534 4042 1599 4091 10
1647 4034 1827 4090 solum
1867 4051 2004 4089 corr.
2044 4035 2163 4089 solo
2202 4036 2387 4105 primo
2424 4035 2538 4087 loco
2717 4033 2884 4103 Verg.
2924 4033 3029 4087 1111

424 4118 675 4187 equitum
821 4122 888 4172 15
923 4116 983 4171 in
1022 4116 1218 4173 eodem
1365 4121 1430 4170 18
1467 4115 1524 4171 in
1564 4116 1863 4186 sepulchro
1900 4115 1983 4168 bia
2017 4116 2284 4183 scriptum
2320 4119 2397 4168 est
2538 4119 2604 4169 21
2647 4113 2925 4184 quottidie

424 4203 492 4252 27
532 4200 632 4253 aut
668 4196 968 4253 conhibitis
1004 4197 1286 4253 inaerdum
1430 4202 1499 4250 29
1539 4195 1620 4251 rei
1656 4212 1758 4251 om.

603 4385 636 4430 5
674 4377 849 4449 quod]
889 4391 1029 4446 quos
1065 4391 1133 4429 ex
1160 4374 1213 4429 G
1248 4375 1420 4430 edidit
1448 4375 1893 4440 Lindemannus,
1931 4373 2058 4443 quis
2095 4373 2323 4428 coniecit
2357 4373 2500 4428 idem
2643 4380 2675 4428 6
2711 4373 2863 4428 idem
2901 4372 3031 4430 hist.

427 4456 556 4527 1111]
603 4458 667 4511 in
711 4458 949 4527 epistula
987 4456 1343 4512 mithidatis
1376 4456 1419 4526 §²
1454 4460 1526 4510 19
1700 4462 1730 4510 7
1769 4456 2033 4526 expectas
2079 4453 2246 4507 codem
2294 4452 2599 4508 Vaticanus
2635 4453 2894 4508 Sallustii

425 4543 460 4591 8
496 4538 715 4593 adnexa
754 4536 877 4591 GP
1029 4542 1096 4592 10
1133 4539 1304 4606 atque
1341 4535 1586 4606 equitem
1625 4535 1863 4589 docuere
1913 4533 2188 4602 Veryilius
2349 4539 2416 4588 16
2454 4532 2565 4588 Cic.
2603 4533 2673 4587 de
2708 4534 2850 4605 rep.]
2889 4534 3031 4603 disp.

431 4617 591 4673 Tuae.
641 4617 692 4672 V
716 4622 914 4683 35‚101
953 4634 1020 4672 ex
1058 4632 1169 4686 quo
1208 4613 1605 4684 Sardanapali,
1642 4612 2052 4684 opulentissimi
2083 4613 2277 4683 Syriae
2305 4614 2479 4683 regis,
2517 4630 2669 4668 error
2695 4614 3034 4684 agnoscitur,

426 4697 524 4770 qui
557 4697 733 4752 incidi
768 4698 931 4752 iussit
964 4696 1024 4751 in
1060 4697 1223 4751 busto
1365 4700 1436 4750 20
1477 4694 1601 4764 ‘pro
1635 4696 1754 4749 tam
1791 4694 2133 4750 scribendum
2171 4712 2280 4750 esse
2314 4699 2435 4751 tum
2472 4699 2610 4751 reete
2644 4695 2759 4748 iam
2795 4694 2863 4749 ab
2905 4695 3035 4749 aliis

425 4778 754 4833 intellectum
788 4777 885 4833 αι’
929 4776 1241 4830 Dietschius
1276 4774 1414 4830 San.
1450 4775 1575 4829 hist.
1611 4774 1811 4845 fraqm.
1846 4791 1900 4843 p.
1940 4778 2049 4829 116
2088 4820 2100 4831 .
2137 4776 2339 4830 rectius
2373 4780 2491 4830 erat
2537 4773 2651 4828 iam
2823 4782 2892 4830 26
2930 4792 3032 4847 pro

428 4857 486 4912 di
520 4857 892 4926 immortales,
938 4875 1035 4911 cur
1078 4856 1359 4911 interdum
1404 4855 1464 4909 in
1509 4855 1796 4911 hominum
1849 4856 2153 4912 sceleribus
2190 4855 2448 4911 maximis
2486 4858 2587 4909 aut
2623 4854 2896 4911 conivetis
2935 4859 3036 4912 aut

428 4938 737 5007 praesentis
774 4937 1052 4992 Ciceronis
1086 4936 1292 4990 codices
