3613 5528
1294 426 1435 482 ΑΕΒ
1472 425 1568 482 DE
1609 422 2196 482 ORTHOGRAPHIA
2915 418 3044 483 115

434 542 478 580 p.
506 531 624 572 nse.
650 530 705 571 cv
732 530 783 570 P.

438 614 802 695 diphthongo
858 612 1273 693 scribendum3
1327 615 1591 692 pretium
1658 630 1876 693 precor
1937 612 2064 672 sine
2114 605 2496 689 diphthongo.
2584 612 2817 665 veteres
2883 604 3040 664 enim

438 724 674 784 maioris
719 723 810 783 rei
855 739 1164 784 sermones
1202 738 1340 781 cum
1377 719 1743 800 diphthongo
1781 728 1844 781 et
1881 716 2133 799 quadam
2170 716 2453 795 dignitate
2492 710 2674 774 scribi
2711 711 3043 772 voluerunt.

437 832 669 908 precari
736 837 935 891 autem
997 838 1087 891 est
1147 847 1386 908 rogare,
1453 828 1751 908 inprecari
1810 824 2189 900 maledicere,
2261 822 2571 902 deprecari
2637 837 2920 881 excusare
2987 827 3046 876 et

440 954 794 1017 expurgare:
850 936 1130 1016 Virgilius
1187 930 1550 1015 ‘equidem
1608 935 1839 994 merui
1895 950 2024 993 nec
2080 930 2432 1011 deprecor
2494 922 2793 1009 iuquit’‚
2839 926 3046 987 Cicero

386 1038 638 1121 s‘quid
685 1044 909 1105 faciet
944 1037 1432 1104 Hortensius?
1477 1041 1921 1102 avaritiaene
1969 1038 2269 1099 crimina
2317 1035 2770 1116 frugalitatis
2814 1031 3048 1093 laudi-

439 1148 570 1210 bus
614 1142 1209 1231 deprecabitur?

612 1256 786 1320 Nubo
835 1258 1037 1337 nupsi:
1085 1275 1221 1318 cum
1267 1254 1486 1317 vocalis
1533 1256 1835 1336 sequitur,
1880 1252 1919 1314 b
1966 1270 2100 1314 esse
2147 1250 2355 1333 debet;
2402 1268 2540 1312 cum
2587 1265 2949 1332 consonans,
2994 1267 3049 1327 p.

441 1364 712 1427 similiter
758 1364 955 1426 scribo
1005 1366 1235 1445 scripsi.

464 1556 475 1564 ·
616 1472 792 1535 Fides
839 1472 912 1534 de
960 1470 1271 1554 fidelitate,
1316 1472 1450 1533 fidis
1497 1471 1568 1533 de
1616 1469 1855 1532 chorda.

364 1598 416 1637 10
618 1580 891 1643 Disertus
929 1587 1131 1641 orator
1168 1588 1278 1661 est,
1315 1580 1592 1641 desertus
1629 1578 1968 1640 derelictus.
2043 1576 2272 1639 delator
2300 1576 2403 1654 qui
2433 1573 2627 1634 desert
2663 1573 2735 1634 ad
2773 1590 3025 1634 accusan

442 1687 610 1769 dum,
654 1687 871 1748 dilator
917 1689 1021 1766 qui
1066 1685 1266 1748 differt
1305 1679 1315 1768 Ι
1356 1685 1428 1747 ad
1473 1683 1919 1766 proferendum.
1993 1681 2180 1743 deluit
2224 1689 2466 1762 purgat,
2521 1680 2693 1742 diluit
2738 1689 3055 1760 temperat:

444 1792 643 1854 Livius
689 1792 763 1854 de
809 1791 1405 1869 morteMithridatis
1453 1788 1673 1872 ‘quod
1722 1808 1878 1853 cum
1924 1784 2317 1861 diluisset'.

617 1900 947 1963 Adversum
995 1909 1053 1961 te
1100 1899 1501 1981 adversarius,
1538 1898 1823 1959 adversus
1869 1904 1929 1958 te
1975 1897 2254 1957 imitator.

617 2007 980 2090 Hinnuleus‚
1026 2017 1094 2069 ut
1138 2013 1380 2067 acutum
1427 2009 1531 2088 sit,
1576 2008 1715 2086 quia
1760 2021 1978 2065 nomeu
2025 2021 2058 2063 a
2105 2021 2251 2063 sono
2297 2004 2459 2063 vocis
2506 2004 2754 2083 accepit.

364 2132 417 2172 1⁵
623 2114 864 2177 Deduco
910 2115 984 2176 de
1031 2117 1221 2176 amico
1265 2113 1679 2195 producendo,
1732 2111 1949 2174 diduco
2006 2120 2204 2172 autem
2253 2118 2343 2171 est
2390 2108 2672 2171 distraho.
2747 2108 3058 2169 derectum

446 2223 511 2283 in
556 2231 784 2285 rectum
833 2222 1079 2304 vadens,
1126 2222 1421 2285 directum
1467 2225 1529 2283 in
1575 2221 1760 2283 latera
1805 2227 2054 2282 rectum.

623 2330 862 2392 Partem
910 2348 1125 2391 nomen
1174 2339 1294 2411 est,
1339 2330 1556 2410 partim
1603 2327 1964 2390 adverbium.

622 2436 835 2499 Festus
893 2438 966 2499 de
1022 2436 1304 2518 superbia
1363 2437 1502 2497 facit
1558 2436 1829 2514 genetivo
1884 2430 2100 2513 plurali
2156 2432 2446 2514 fastuum,
2514 2432 2702 2492 fastus
2759 2430 2833 2491 de
2887 2429 3058 2491 libris

450 2545 589 2606 facit
633 2545 938 2607 fastorum.

367 2668 425 2708 so
628 2651 992 2732 Expectatur
1038 2661 1328 2714 venturus
1338 2700 1357 2734 ,
1404 2657 1707 2732 spectatur
1753 2649 1857 2728 qui
1903 2646 2141 2709 videtur
2184 2646 2275 2708 vel
2322 2646 2627 2729 probatur.

623 2760 884 2841 Apparet
931 2761 1035 2841 qui
1080 2759 1335 2843 videtur,
1381 2757 1625 2840 adparet
1672 2757 1775 2837 qui
1814 2753 2183 2839 obsequitur,
2229 2774 2348 2817 non
2389 2756 2627 2837 regulae
2665 2757 2913 2836 ratione,
2960 2751 3061 2814 sed

453 2867 826 2930 discernendi
871 2866 1211 2929 intellectus
1261 2869 1464 2948 gratia.
2061 2849 2074 2864 ⁴

627 2974 915 3037 Hercules
950 2974 1207 3037 Achilles
1245 2973 1461 3036 Verres
1509 2980 1673 3035 recto
1722 2989 1863 3032 casu
1910 2988 2021 3050 per
2069 2988 2102 3030 e
2140 2970 2507 3053 scribuntur,
2553 2971 2827 3050 genetivo
2866 2975 3062 3028 autem

450 3099 560 3161 per
605 3082 651 3161 i;
697 3091 756 3142 et
801 3082 999 3141 omnia
1044 3081 1224 3142 huius
1272 3082 1432 3143 modi
1477 3082 1715 3142 nomina
1761 3096 1794 3137 e
1844 3082 2102 3153 lorcyum,
2151 3081 2176 3137 i
2220 3077 2462 3140 brevem
2507 3076 2743 3138 habent.

634 3234 657 3279 1
698 3225 943 3295 pretium
981 3224 1064 3292 (et
1099 3225 1227 3280 add.
1256 3226 1334 3296 Β)
1371 3229 1631 3297 precatus
1660 3224 1776 3280 sine
1806 3238 1872 3277 oe
1900 3224 2119 3277 ueteres
2157 3222 2213 3275 Β
2231 3221 2279 3275 Ο
2400 3227 2433 3276 2
2462 3221 2713 3292 maioris]
2752 3219 2992 3275 maiores
3024 3219 3070 3270 (ἶ

452 3303 643 3375 scribi]
681 3303 794 3359 dici
830 3303 889 3358 et
925 3304 1094 3360 scribi
1130 3306 1249 3361 ΒΟ
1386 3314 1418 3362 3
1459 3310 1518 3362 et
1541 3322 1784 3377 purgare
1814 3321 1873 3360 se
1908 3303 2028 3370 ΒΟ
2165 3309 2202 3359 4
2239 3303 2524 3375 equidem]
2565 3302 2721 3373 Verq.
2749 3302 2889 3356 Aen.
2924 3301 3024 3354 XI
3035 3300 3070 3352 I

451 3389 559 3439 931
700 3383 886 3453 inquit
921 3399 1021 3438 om.
1058 3385 1196 3454 ΒΟ,
1234 3388 1362 3443 add.
1403 3388 1478 3441 M
1631 3392 1663 3440 5
1701 3384 1859 3456 quid]
1901 3383 2127 3454 quidem
2165 3400 2304 3441 corr.
2344 3386 2417 3440 al.
2454 3402 2523 3440 m.
2562 3383 2699 3455 quid
2733 3383 2817 3437 132
2857 3383 2967 3437 Cic.
3007 3384 3070 3436 in

464 3463 615 3520 Verr.
653 3469 757 3519 act.
793 3480 893 3519 sec.
934 3463 1019 3516 II
1053 3469 1146 3532 78,
1197 3471 1308 3523 192
1489 3464 1764 3521 auaritiae
1810 3480 1916 3519 nec
1951 3468 2024 3518 M
2058 3468 2110 3518 et
2156 3465 2324 3521 deleto
2360 3484 2391 3521 c
2437 3464 2555 3519 ΒΟ
2726 3465 3070 3536 frugalitatis

456 3544 529 3598 Μ
537 3542 595 3596 Β
603 3560 632 3598 c
664 3541 1087 3613 frugalitatibus
1128 3543 1176 3598 Ο
1344 3553 1374 3601 7
1413 3546 1577 3601 Nubo
1613 3543 1780 3599 nubsi
1816 3546 1974 3614 (corr.
2013 3543 2181 3614 nupsi
2215 3562 2271 3614 c,
2311 3546 2503 3616 nupsit
2536 3546 2613 3616 B)
2652 3546 2836 3601 scribo
2874 3544 3069 3616 scripsi

451 3622 699 3693 (scripsit
731 3623 810 3693 B)
848 3638 976 3679 cum
1010 3624 1227 3680 uocalis
1263 3627 1515 3695 sequitur
1549 3626 1587 3680 b
1625 3641 1746 3680 esse
1782 3623 1954 3679 debet
1988 3627 2048 3680 et
2081 3641 2209 3679 cum
2246 3642 2557 3682 consonans
2585 3645 2623 3696 p
2659 3626 2826 3682 Fides
2852 3625 2969 3680 ΒΟ

452 3703 626 3758 debet
659 3720 760 3759 om.
801 3703 878 3758 M
1052 3709 1086 3758 9
1124 3702 1290 3760 Fides
1326 3706 1459 3761 fidei
1494 3706 1564 3761 de
1602 3704 1960 3772 credulitate,
2008 3704 2146 3759 fides
2182 3706 2309 3760 fidis
2347 3706 2416 3761 de
2454 3705 2691 3776 chorda,
2736 3709 2975 3775 utraque
3013 3723 3072 3762 es

451 3783 625 3853 longa
656 3784 817 3840 Beda
847 3800 905 3854 p.
943 3788 1126 3840 2785:
1164 3785 1234 3851 cf.
1276 3785 1489 3841 Charis.
1518 3803 1580 3855 p.
1620 3791 1713 3852 69,
1739 3790 1829 3840 18.
1870 3788 1958 3851 70,
1990 3789 2061 3839 16
2208 3786 2378 3842 corda.
2416 3788 2491 3841 Μ
2495 3785 2613 3841 ΒΟ
2756 3791 2823 3841 10
2860 3785 3072 3858 Disser-

450 3865 547 3916 tus
584 3864 770 3919 orator
805 3864 923 3919 ΒΟ
1080 3869 1144 3918 11
1185 3864 1396 3921 dilator
1431 3864 1526 3934 qui
1564 3864 1752 3920 differt
1788 3882 1890 3920 om.
1926 3863 1985 3916 Β
2146 3866 2316 3922 difert
2353 3866 2401 3920 Ο
2552 3865 2626 3920 ad
2663 3865 3072 3936 proferendum.

453 3941 741 3998 Traducta.
784 3945 872 3999 est
917 3943 1153 4014 getulis:
1200 3961 1303 3999 nec
1349 3944 1505 3999 ducit
1549 3960 1720 4000 arena
1766 3946 2057 3999 nocentes:
2114 3949 2174 4001 et
2219 3946 2439 4002 delator
2491 3946 2668 4002 habet
2716 3947 2865 4017 quod
2917 3947 3075 4001 dedit

455 4021 700 4100 exilium.
755 4021 951 4079 Deluit
985 4027 1195 4096 purgat
1231 4040 1289 4083 ςτ
1333 4025 1591 4082 Martial.
1622 4027 1790 4095 epiqr.
1822 4030 1883 4094 4,
1913 4031 1948 4081 3
2080 4029 2145 4078 12
2184 4025 2505 4081 metridatis
2543 4026 2697 4095 quod
2733 4025 2992 4082 diluisset
3017 4026 3073 4080 Β

454 4102 762 4159 mitridatis
809 4121 978 4173 quam
1024 4103 1287 4161 diluisset
1329 4107 1490 4174 (corr.
1529 4106 1818 4176 deluisset)
1870 4104 1928 4161 Ο.
1985 4106 2217 4172 fortasse
2253 4104 2444 4161 Livius
2486 4106 2579 4160 ‘de
2626 4109 2807 4161 morte
2855 4105 3076 4161 Mithri-

455 4180 607 4248 datis
634 4201 759 4239 cum
797 4183 1077 4240 diluisset'
1231 4190 1295 4239 13
1333 4184 1608 4256 imitator]
1647 4186 1913 4240 emitator
1937 4185 1993 4239 Β
2033 4186 2328 4243 emittatur
2368 4187 2416 4241 Ο
2557 4193 2623 4241 14
2660 4187 2970 4241 Hinnuleus
3008 4218 3072 4226 -

455 4263 675 4333 accepit
707 4266 888 4334 spatio
923 4281 1098 4320 vacuo
1133 4265 1320 4319 relicto
1358 4281 1462 4319 om.
1501 4265 1599 4330 M,
1652 4266 1881 4321 Inuleus
1924 4269 1992 4321 ut
2037 4269 2265 4323 acutum
2303 4268 2379 4323 sit
2423 4266 2558 4337 quia.
2603 4284 2806 4323 nomen
2859 4284 2894 4321 a.
2938 4283 3075 4321 sono

455 4343 613 4398 uocis
647 4344 857 4415 accipit
889 4345 947 4399 Β
990 4345 1191 4400 inutile
1228 4346 1329 4399 aut
1365 4346 1688 4400 accusatum
1726 4349 1812 4402 est
1859 4347 1994 4416 quia
2031 4365 2234 4402 nomen
2272 4364 2340 4402 ex
2379 4363 2513 4401 sono
2552 4346 2708 4401 uocis
2760 4341 2979 4416 accepit
3017 4345 3074 4402 Ο.

454 4425 687 4491 sortasse
720 4425 986 4480 hinnulus
1023 4427 1089 4480 ut
1121 4424 1144 4478 i
1182 4427 1408 4479 acutum
1449 4423 1524 4479 sit
1684 4432 1751 4482 15
1790 4431 1982 4483 autem
2016 4427 2127 4484 hoc
2163 4431 2250 4484 est
2283 4426 2401 4482 ΒΟ
2570 4432 2635 4480 16
2672 4426 2731 4480 in
2766 4425 2949 4481 latera.
2983 4425 3078 4481 uel

455 4504 518 4558 iu
554 4503 669 4560 late
703 4507 918 4561 rectum
960 4504 1008 4560 Ο
1038 4506 1098 4560 in
1132 4505 1316 4560 latera.
1351 4505 1569 4560 rectum
1603 4506 1697 4561 uel
1730 4506 1792 4562 in
1828 4507 2227 4563 lateas-rectum
2276 4508 2332 4562 Β
2515 4512 2581 4561 18
2625 4504 2787 4576 facit]
2837 4506 2896 4560 et
2939 4504 3079 4560 facit

454 4589 685 4654 utroque
720 4587 835 4641 loco
871 4585 987 4640 ΒΟ
1138 4584 1347 4655 plurali
1382 4601 1483 4640 om,
1526 4585 1624 4652 Μ,
1659 4588 1786 4643 add.
1825 4589 1943 4643 ΒΟ
2091 4590 2270 4643 fastus
2307 4587 2377 4642 de
2413 4584 2573 4640 libris
2613 4585 2688 4639 Μ
2693 4600 2727 4643 ς
2764 4584 2909 4641 fasta
2945 4585 2971 4640 ἒ
3006 4585 3077 4639 de

456 4662 620 4719 libris
655 4665 709 4719 Β
743 4666 952 4721 fastum
989 4665 1061 4720 de
1088 4664 1249 4719 libris
1280 4665 1327 4718 Ο
1359 4663 1532 4720 fastos
1561 4665 1632 4720 de
1657 4666 1817 4722 libris
1844 4686 1889 4736 p
1997 4674 2064 4723 21
2096 4667 2232 4736 quid
2262 4664 2588 4735 obsequitur
2615 4664 2672 4719 Β
2780 4671 2848 4719 22
2886 4664 3073 4735 gratia

460 4747 552 4799 est
588 4744 642 4798 Β
676 4746 863 4817 gratia
897 4746 1005 4800 hoc
1040 4746 1105 4799 fit
1144 4744 1191 4799 Ο
1330 4751 1400 4799 24
1437 4744 1630 4801 omnia.
1666 4763 1767 4802 om.
1809 4747 1857 4801 Ο
1994 4747 2159 4802 huius
2195 4745 2371 4816 modi]
2411 4744 2662 4801 eiusdem
2698 4744 2852 4800 modi
2886 4743 2991 4813 Bp

461 4842 495 4880 e
532 4826 755 4896 longam
792 4826 814 4881 i
850 4825 1080 4882 breuem
1114 4825 1353 4897 habent]
1395 4841 1425 4880 e
1452 4827 1622 4882 breue
1650 4825 1864 4881 habent
1892 4827 1950 4897 Ο,
1988 4844 2018 4882 e
2057 4828 2227 4883 breue
2255 4826 2384 4881 hab'
2413 4826 2506 4882 sed
2544 4843 2575 4880 e
2603 4831 2654 4881 et
2689 4826 2817 4880 hab'
2847 4842 2957 4882 ras.
2991 4825 3079 4892 M,

463 4905 519 4963 .i.
558 4906 739 4963 breuis
774 4925 807 4964 e
841 4906 927 4976 B,
962 4922 1064 4962 om.
1094 4923 1140 4976 p
2757 4923 2763 4928 ·
2845 4951 2850 4958 .

2579 4998 2654 5051 g*
