3613 5528
536 351 668 417 280
1721 348 1966 404 BEDAE

533 462 580 500 p.
607 452 725 493 2⁷91.
755 451 806 492 92
839 453 890 491 Ρ.

713 535 1005 595 Meraeam
1059 536 1360 615 potionem
1419 533 1699 616 dicimus,
1755 550 1909 611 quae
1964 549 2197 594 merum
2254 532 2489 594 aliunde
2547 533 2800 613 recepit,
2847 548 3150 591 merosum

542 649 738 703 autem
785 644 986 702 vinum
1034 640 1414 721 appellamus.
3114 635 3125 642 ”

713 747 1002 810 Muliebre
1039 746 1260 809 dicitur
1296 766 1330 808 a
1357 747 1710 809 mulieribus
1739 746 1957 827 aliquid
1999 749 2240 829 sactum,
2276 747 2682 808 mulierarium
2720 766 2830 828 per
2869 745 3151 808 mulieres

538 854 875 916 ordinatum
924 864 985 915 et
1027 873 1137 935 per
1184 855 1342 915 viros
1388 845 1638 933 gestum.

715 961 970 1043 Merula,
1017 979 1135 1022 non
1183 960 1451 1022 merulus
1497 960 1832 1023 dicendum.
1972 1005 1978 1012 -
3183 972 3212 1012 ⁵

718 1067 1049 1128 Matthaeus
1069 1076 1130 1129 et
1148 1066 1421 1129 Matthias
1448 1086 1557 1149 per
1588 1067 1705 1130 duo
1726 1076 1752 1129 t
1783 1067 2114 1145 scribenda,
2137 1071 2273 1150 quia
2293 1069 2504 1129 Graeci
2532 1086 2697 1147 perv
2716 1071 2849 1131 et&
2867 1066 3154 1129 scribunt.

720 1175 1010 1236 Maestum
1058 1176 1279 1256 animo,
1325 1176 1562 1235 tristem
1610 1185 1853 1255 aspectu
1902 1174 2175 1237 dicimus,

719 1281 906 1343 Malus
955 1283 1116 1343 navis
1163 1281 1587 1365 masculinum,
1632 1282 1823 1344 malus
1870 1279 2047 1344 arbor
2093 1284 2380 1363 Frugifera
2427 1284 2777 1344 femininum
2824 1290 2933 1343 est.

723 1388 1001 1450 Mendum
1038 1388 1388 1451 neutraliter
1427 1388 1608 1451 Varro
1648 1393 1709 1450 in
1747 1388 2123 1452 Admirandis
2160 1390 2334 1472 dixit,
2370 1385 2727 1470 ‘magnum
2764 1383 3158 1469 mendum';

545 1496 650 1558 sed
697 1496 943 1557 Ovidius
999 1489 1147 1578 (art.
1197 1515 1310 1574 am.
1360 1499 1401 1557 Ι
1437 1491 1600 1581 249)
1653 1498 1936 1558 feminine
1986 1493 2230 1560 ‘noete
2286 1497 2515 1559 latent
2572 1490 2964 1580 mendae',l
3013 1498 3155 1557 item
3188 1510 3240 1550 ιο

547 1597 696 1686 (art.
745 1621 860 1665 am.
909 1606 988 1664 II
1029 1598 1185 1685 653)

868 1713 1133 1772 eximet
1178 1712 1337 1791 ipse
1383 1710 1538 1772 dies
1583 1714 1816 1773 omnis
1862 1730 1896 1772 e
1944 1731 2252 1792 corpore
2300 1711 2606 1774 mendas.

548 1838 688 1898 ergo
728 1818 1009 1880 mendum
1046 1821 1106 1879 in
1146 1817 1436 1879 mendacii
1473 1820 1900 1898 significatione
1949 1818 2197 1902 dicitur¹
2242 1818 2456 1880 menda
2502 1821 2562 1880 in
2601 1819 2775 1900 eulpa
2821 1819 3021 1899 operis
3068 1818 3158 1879 vel

547 1928 833 2005 corporis.

724 2031 1038 2093 Muniiieus
1095 2040 1187 2094 est
1242 2040 1540 2111 tamquam
1595 2031 1899 2094 beneficus
1956 2041 2017 2094 et
2070 2033 2398 2115 maleficus,
2460 2033 2724 2095 munifex
2770 2041 2968 2094 autem
3017 2041 3158 2094 tam-
3191 2050 3244 2092 ιο

551 2157 727 2218 quam
775 2139 972 2218 opifex
1021 2147 1083 2199 et
1127 2139 1356 2200 artifex.
1429 2140 1629 2218 itaque
1676 2139 1995 2200 munificus
2041 2157 2289 2201 munera
2334 2139 2601 2222 largitur,
2652 2141 2914 2202 munifex
2961 2149 3161 2203 autem

548 2263 797 2306 munere
845 2246 1131 2324 fungitur.

725 2352 1036 2413 Morticina
1074 2370 1194 2413 non
1230 2351 1513 2414 dicuntur
1552 2353 1667 2413 nisi
1707 2361 2099 2434 mortuorum,
2136 2354 2404 2415 mortalia
2442 2371 2583 2415 vero
2621 2354 2799 2415 etiam
2837 2355 3159 2415 viventium

550 2476 872 2539 corporum
919 2476 1136 2520 nomen
1184 2466 1290 2520 est.

727 2563 915 2626 Nimis
953 2564 1173 2627 dieitur
1210 2565 1492 2646 quicquid
1531 2566 1665 2646 plus
1703 2567 1889 2628 fuerit
1926 2581 2103 2646 quam
2139 2574 2394 2646 oportet.
2457 2584 2591 2628 nam
2629 2585 2839 2648 parum
2870 2579 2962 2630 est
2999 2568 3157 2648 quod
3191 2587 3257 2644 uo¹

552 2674 751 2733 minus
798 2680 889 2733 est
935 2690 1113 2753 quam
1150 2683 1387 2754 oportet
1434 2673 1709 2751 [nimium
1755 2673 1891 2754 plus
1938 2691 2114 2752 quam
2153 2669 2415 2751 oportet]
2426 2721 2445 2755 ‚
2491 2682 2553 2734 et
2600 2674 2812 2737 horum
2858 2677 2920 2737 in
2966 2675 3160 2737 medio

554 2778 766 2841 modus
804 2786 922 2861 est,
970 2779 1128 2859 quod
1176 2780 1394 2842 dicitur
1441 2776 1618 2841 ‘satis
1664 2775 1806 2843 est'.
1882 2798 2018 2841 cum
2064 2782 2266 2859 itaque
2305 2780 2448 2842 utile
2491 2783 2569 2842 sit
2614 2783 2675 2843 in
2714 2784 2831 2843 vita
2877 2792 2937 2844 et
2984 2786 3159 2845 mori-

554 2886 665 2948 bus
713 2894 779 2947 ut
826 2887 1077 2967 amplius
1125 2905 1302 2966 quam
1348 2896 1585 2968 oportet
1632 2887 1776 2948 nihil
1824 2889 2065 2947 omnino
2112 2888 2423 2970 faciamusg
2467 2890 2738 2967 profecto
2781 2906 2980 2950 veram
3025 2908 3161 2952 esse

554 2996 909 3057 sententiam
955 2989 1062 3055 ‘ne
1112 2993 1252 3073 quid
1312 2989 1519 3055 nimis'
1566 2994 1739 3056 fateri
1795 2995 1996 3075 potius
2042 3012 2220 3075 quam
2265 3013 2482 3075 negare
2530 2995 2833 3058 debemus.
2906 2996 3012 3058 sed
3059 2996 3158 3059 ali·

554 3101 789 3182 quando
845 3101 1022 3163 latina
1076 3100 1274 3180 lingua
1330 3101 1444 3162 hoc
1499 3099 1679 3161 verbo
1737 3102 1824 3162 sie
1879 3099 2165 3176 abutitur,
2222 3108 2291 3182 ut
2345 3103 2521 3162 nimis
2576 3120 2686 3181 pro
2734 3120 2805 3163 eo
2853 3103 3010 3182 quod
3071 3112 3165 3166 est
3192 3124 3246 3165 25

555 3208 721 3270 valde
769 3221 834 3269 et
887 3210 1145 3288 positum
1202 3209 1571 3268 inveniamus
1616 3208 1677 3267 in
1735 3207 1950 3269 litteris
1996 3208 2183 3268 sacris
2229 3214 2292 3268 et
2345 3226 2635 3286 ponamus
2680 3210 2743 3269 in
2790 3209 3165 3273 sermonibus

557 3318 793 3378 nostris.
883 3333 1017 3376 nam
1079 3323 1138 3376 et
1196 3317 1256 3375 in
1317 3313 1541 3396 psalmo
1602 3307 1779 3396 (118,
1837 3308 1910 3397 4)
1958 3309 2077 3403 Δἰιι
2151 3316 2597 3393 praecepisti
2657 3317 2987 3378 mandata
3045 3327 3167 3380 tua

435 3456 442 3460 -
557 3423 931 3485 custodire
979 3416 1222 3483 nimis'
1271 3439 1391 3482 non
1437 3422 1554 3483 nisi
1600 3415 1833 3481 ‘valde'
1871 3420 2298 3508 intellegimus,
2343 3423 2393 3482 si
2432 3428 2596 3482 recte
2635 3422 3059 3506 intellegimuS,
3105 3433 3168 3487 et

559 3526 758 3591 ‘nimis
805 3538 864 3591 te
903 3523 1105 3609 diligo'
1145 3530 1198 3589 si
1235 3528 1410 3589 alicui
1449 3529 1754 3589 carissimo
1794 3526 2076 3610 dicimuS‚
2124 3546 2242 3589 non
2281 3530 2487 3608 utique
2524 3528 2660 3609 plus
2697 3549 2875 3609 quam
2912 3539 3166 3615 oportet,

560 3637 663 3700 sed
712 3636 877 3697 valde
916 3654 1024 3696 nos
1071 3635 1317 3715 diligere
1363 3634 1627 3716 intellegi
1673 3634 1962 3696 volumus
2031 3634 2288 3715 denique
2335 3634 2431 3696 illa
2478 3653 2689 3715 graeca
2726 3640 3021 3700 sententia
3068 3634 3166 3700 ‘ne
3195 3658 3249 3700 so

561 3744 703 3824 quid
750 3738 947 3804 nimis'
997 3760 1115 3803 non
1162 3741 1340 3803 habet
1385 3741 1496 3803 hoe
1534 3740 1811 3825 verbum,
1857 3741 2015 3822 quod
2062 3742 2158 3803 hic
2204 3742 2438 3823 legitur.
2512 3741 2595 3803 ibi
2640 3746 2801 3804 enim
2840 3752 2934 3805 est
2977 3736 3170 3830 ἄγαν,

741 3953 767 3999 1
808 3958 1090 3999 meracam
1127 3942 1223 4001 ςΙι
1258 3943 1531 3997 metatam
1567 3944 1639 3994 M
1670 3941 2010 3996 mereeatam
2051 3941 2107 3994 P
2211 3957 2354 4011 quae
2390 3942 2635 4012 merum]
2675 3942 2773 4011 qui
2807 3960 2993 3999 rerum
3032 3945 3091 3999 P

559 4025 774 4096 recepit
809 4039 844 4083 ς
859 4024 911 4078 L
945 4022 1149 4094 recipit
1183 4021 1319 4077 PM
1468 4037 1748 4078 merorum
1786 4020 1844 4073 P
1981 4027 2012 4076 3
2051 4020 2321 4076 Muliebre
2360 4020 2566 4076 dieitur
2601 4021 2816 4092 aliquid
2852 4041 2888 4078 a
2925 4024 3170 4082 mulieri·

559 4109 663 4163 bus
700 4123 802 4178 per
836 4102 1097 4159 mulieres
1134 4102 1452 4157 ordinatum
1481 4103 1539 4157 et
1573 4117 1675 4171 per
1702 4098 1875 4155 uiros*
1892 4102 2115 4170 gestum
2149 4100 2364 4155 factum
2390 4100 2835 4157 muliebriarium
2864 4104 3081 4160 Merula.
3118 4106 3176 4160 P

631 4205 667 4243 a.
701 4187 936 4242 muliere
971 4186 1025 4239 L
1130 4183 1511 4239 mulierarium
1548 4184 1850 4254 Aqroeeiue
1879 4199 1941 4252 p.
1977 4185 2120 4248 124,
2155 4186 2209 4247 5,
2246 4179 2686 4236 muliebriarium
2725 4183 2862 4238 ML
2966 4191 2999 4240 6
3036 4185 3170 4241 diei·

559 4273 653 4322 tur
689 4267 746 4320 P
881 4273 914 4320 6
952 4263 1266 4334 scribenda]
1306 4262 1571 4319 scribitur
1610 4262 1668 4316 P
1808 4267 1839 4315 ‘1
1878 4260 2127 4316 animum
2167 4261 2243 4316 M
2379 4264 2671 4331 aspectum
2713 4263 2770 4317 P
2907 4263 3168 4337 dicimus]

561 4347 701 4403 dieis
739 4348 817 4402 M
918 4353 952 4402 8
989 4345 1170 4401 malus
1206 4344 1369 4400 arbor
1404 4343 1534 4401 fem.
1574 4359 1698 4414 geu.
1737 4340 2029 4398 fructifera
2067 4344 2153 4397 est.
2193 4340 2249 4396 P
2372 4347 2434 4395 12
2472 4358 2663 4398 omnes
2700 4359 2730 4397 e
2768 4360 2998 4414 eorpore
3040 4345 3172 4399 ML

564 4428 742 4482 omnis
780 4428 840 4481 et
875 4425 1121 4496 eorporis
1158 4424 1215 4479 P
1372 4429 1438 4477 13
1475 4423 1683 4495 operis]
1732 4439 1901 4494 opere
1939 4421 1996 4476 P
2154 4427 2219 4476 19
2258 4438 2587 4492 corporeum
2626 4422 2683 4475 P
2841 4431 2911 4479 20
2946 4424 3169 4496 parum]

560 4523 730 4577 parus
767 4505 825 4562 P
996 4522 1140 4576 quae
1177 4505 1361 4561 minus
1396 4506 1484 4561 est
1519 4520 1689 4575 quam
1726 4505 1950 4574 oportet
1989 4502 2065 4557 M
2103 4502 2200 4572 qui
2235 4502 2419 4557 minus
2460 4505 2545 4558 est
2581 4502 2681 4571 qui
2717 4507 2940 4573 oportet
2978 4505 3034 4558 P

563 4594 629 4642 21
671 4585 907 4641 nimium
943 4586 1071 4656 plus
1106 4602 1276 4655 quam
1313 4585 1539 4655 oportet
1571 4601 1673 4640 om.
1711 4583 1812 4642 §L
1953 4588 2020 4637 22
2061 4600 2209 4652 quae
2245 4582 2451 4638 dieitur
2487 4584 2564 4638 Μ
2702 4582 2858 4639 utilis
2895 4587 2983 4639 est
3021 4583 3079 4637 P

563 4672 633 4721 24
670 4665 855 4736 nimis]
895 4666 1075 4721 minus
1113 4667 1170 4720 P
1279 4671 1347 4721 25
1383 4664 1665 4721 abutimur
1702 4664 1798 4723 §L
1916 4670 1986 4719 26
2024 4662 2394 4734 sermonibus]
2433 4662 2638 4719 litteris
2675 4664 2733 4718 P
2831 4670 2900 4720 28
2935 4663 2986 4718 si
3021 4666 3171 4720 reete

564 4745 944 4815 intellegimus
980 4762 1081 4801 om.
1121 4746 1178 4800 P
1313 4751 1382 4801 30
1419 4745 1544 4816 nos]
1583 4743 1745 4800 nobis
1783 4744 1840 4800 P
1959 4750 2026 4799 31
2063 4744 2172 4797 hoe
2208 4743 2441 4797 uerbum
2478 4742 2578 4812 qui
2612 4742 2701 4799 his
2737 4742 2947 4815 legitur
2981 4744 3038 4798 P
3065 4745 3173 4801 hoe

568 4825 739 4881 uerbo
776 4841 919 4895 quae
955 4824 1048 4880 hie
1084 4825 1293 4895 legitur
1331 4825 1408 4879 Μ
1439 4825 1671 4879 uerbum
1708 4825 1818 4880 hoe
1853 4824 2004 4893 quod
2039 4821 2134 4879 hie
2169 4822 2377 4892 legitur
2413 4822 2509 4881 §L
