3613 5528
1272 424 1621 482 EXEMPLA
1658 424 2193 482 ELOOVTIONVM
2899 426 3032 491 453

431 539 476 577 p.
501 527 592 566 212.
622 528 700 568 218
729 525 780 569 L.

608 610 798 690 Aeger
845 611 1028 690 illius,
1076 610 1190 672 Sal.
1238 610 1372 673 hist.
1420 610 1524 671 1111
1581 611 1873 672 consilii
1931 629 2145 691 aeger
2193 659 2207 673 .
2254 630 2429 691 aeger
2485 610 2610 692 illo,
2665 611 2821 672 idem
2878 611 3032 672 bello

434 716 597 777 Catil.
663 718 869 792 (59,4)
934 717 1240 798 pedibus
1303 736 1518 798 aeger
1565 766 1578 779 .
1625 736 1800 798 aegre
1868 719 2010 780 mihi
2076 728 2192 799 est,
2257 718 2391 780 Ter.
2460 719 2635 799 Hecy.
2700 721 2809 792 (ΙΙ
2856 721 3032 794 1,30)

433 823 696 904 nequid
743 843 956 904 aegre
1005 834 1200 886 esset
1246 823 1432 885 mihi.

610 930 891 993 Avulsum
938 930 1048 1013 illi,
1103 930 1273 1011 Verg.
1320 933 1465 993 Aen.
1512 931 1564 992 11
1620 932 1803 1006 (558)
1862 930 2328 1011 avulsumque
2386 932 2705 993 humeris
2762 941 2973 1012 caput
3021 982 3034 995 .

381 1056 407 1096 5
437 1037 701 1099 avulsum
750 1036 821 1098 ab
867 1037 996 1119 illo,
1041 1037 1175 1099 Ter.
1221 1037 1371 1099 Eun.
1420 1040 1564 1113 (III
1599 1039 1774 1114 3214)
1822 1034 1963 1098 huc
2010 1047 2251 1117 sperat
2298 1058 2368 1100 se
2415 1058 2446 1100 a
2494 1058 2597 1100 me
2645 1039 2971 1102 avellere.

612 1144 877 1225 Applicat
924 1143 1062 1206 huic
1111 1146 1227 1226 rei,
1287 1143 1454 1225 Verg.
1502 1145 1643 1205 Aen.
1693 1144 1794 1204 ΧΠ
1845 1145 2036 1218 (303)
2094 1155 2335 1206 terrae
2402 1146 2723 1226 applicat
2785 1149 3033 1228 ipsum.

435 1250 688 1332 applicat
745 1251 816 1312 ad
875 1250 1025 1312 banc
1081 1268 1234 1334 rem,
1291 1251 1408 1312 Cic.
1457 1254 1516 1312 in
1565 1250 1859 1313 Siciliensi
1905 1254 1998 1324 (e'n
2061 1252 2229 1312 Verr.
2280 1253 2358 1312 II
2394 1254 2519 1327 1,2)
2584 1273 2658 1314 se
2722 1255 2801 1315 ad
2868 1258 3033 1315 ami-

438 1361 678 1420 citiam
724 1357 787 1418 P.
835 1357 902 1418 R.
952 1358 1310 1438 fidemque
1359 1357 1762 1439 applicavit.

613 1466 735 1545 Ago
781 1463 876 1525 illa
925 1483 1018 1545 re,
1075 1463 1192 1526 Cic.
1252 1484 1361 1545 pro
1408 1464 1638 1545 Ligario
1687 1465 1895 1538 (4,10)
1962 1483 2163 1544 quam
2228 1468 2368 1527 isto
2436 1467 2633 1528 modo
2697 1487 2729 1528 a
2796 1478 2860 1529 te
2926 1471 3035 1548 agi

363 1593 412 1632 10
439 1570 815 1633 maluisset
862 1619 875 1633 .
923 1589 1030 1651 ago
1085 1571 1241 1632 illam
1301 1588 1453 1650 rem,
1509 1569 1623 1631 Sal.
1678 1570 1816 1632 hist.
1873 1568 1951 1629 111
2006 1572 2471 1634 amittendum
2527 1592 2788 1635 morem
2845 1574 3035 1637 hunc

440 1697 650 1759 quem
699 1680 942 1760 agitis,
984 1677 1156 1757 Verg.
1203 1696 1362 1758 geor.
1410 1676 1513 1737 1111
1553 1671 1737 1759 (154)
1786 1679 2203 1757 magnisque
2250 1682 2541 1759 agitant·
2574 1680 2702 1742 sub
2750 1681 3037 1761 legibus

441 1805 700 1848 aevum.

618 1894 754 1957 Adit
827 1893 895 1954 ad
970 1892 1166 1974 illum,
1240 1891 1358 1953 Cic.
1432 1891 1502 1952 ad
1576 1892 1833 1954 Auxium
1907 1892 2002 1954 lib.
2077 1892 2101 1952 1
2176 1894 2255 1955 ad
2330 1894 2635 1957 Marcum
2708 1895 3035 1958 Bibulum

442 2002 803 2082 adierunt,
862 2000 996 2061 Ter.
1045 1998 1223 2061 Andr.
1272 2000 1402 2072 (IV
1441 1999 1608 2075 1,15)
1655 2000 1991 2061 adeamne
2056 2000 2135 2061 ad
2203 2019 2365 2062 eam.
2423 1997 2433 2084 Ι
2492 2002 2609 2063 adii
2661 2001 2853 2084 illum,
2918 2004 3036 2065 Cic.

365 2126 413 2167 ιε
441 2126 550 2190 pro
598 2107 822 2169 Scauro
870 2107 1012 2182 (25)
1059 2106 1202 2168 adii
1248 2124 1501 2167 causas
1547 2115 1915 2167 oratorum
1962 2154 1976 2168 .
2025 2108 2141 2169 adii
2186 2112 2246 2170 in
2294 2109 2487 2191 illum,
2535 2110 2691 2171 idem
2739 2109 2812 2170 de
2852 2112 3035 2190 signis

441 2218 532 2290 (in
585 2216 754 2275 Verr.
796 2214 895 2274 IV
924 2213 1136 2290 11,26)
1173 2215 1589 2294 priusquam
1619 2203 1902 2275 Romani
1946 2225 2154 2295 atque
2201 2219 2270 2277 in
2320 2217 2569 2279 horum
2606 2227 3034 2280 conventum

442 2322 791 2385 adieritis,
3091 2298 3102 2310 ·

619 2428 839 2491 Adsum
902 2427 1013 2505 illi,
1078 2427 1197 2489 Cic.
1252 2447 1363 2508 pro
1409 2427 1683 2490 Cornelio
1730 2429 1828 2491 lib.
1878 2428 1902 2488 l
1947 2429 2070 2491 das
2134 2433 2322 2492 enim
2387 2432 2557 2493 mihi
2624 2431 3037 2494 facultatem

442 2554 562 2597 eos
609 2539 729 2616 qui
785 2544 931 2598 tum
976 2535 1350 2596 adfuerint
1395 2534 1731 2597 Cornelio
1788 2537 2204 2599 nominandi
2251 2586 2265 2598 .
2311 2538 2519 2600 adsum
2567 2539 2637 2599 ad
2686 2538 2825 2622 hoc,
2879 2539 3036 2600 idem

361 2662 550 2723 xopro
598 2642 869 2705 Cornelio
918 2644 1136 2704 facite
1184 2648 1258 2703 ut
1305 2642 1585 2717 laonia,
1632 2645 1752 2722 qui
1800 2643 1880 2704 ad
1928 2662 2213 2707 causam
2260 2646 2534 2708 adestis
2580 2694 2593 2706 .

617 2751 860 2814 Abduco
906 2749 979 2811 ab
1027 2748 1167 2832 illis,
1215 2748 1333 2811 Cic.
1381 2770 1489 2831 pro
1538 2748 1812 2813 Deiotaro
1861 2751 2109 2827 (11,31),
2171 2761 2240 2815 tu
2298 2752 2379 2813 ab
2436 2772 2560 2814 avo
2607 2753 2975 2816 abduxisti
3028 2803 3040 2815 .

441 2858 669 2921 abduco
717 2859 857 2942 illis,
903 2857 1072 2937 Verg.
1120 2859 1260 2918 Aen.
1306 2856 1359 2917 X
1406 2858 1554 2932 (79)
1602 2866 1672 2919 et
1716 2860 2011 2938 gremiis
2056 2859 2413 2922 abducere
2460 2871 2720 2941 pactas,

619 2965 833 3027 Adiuto
882 2965 993 3025 boc
1040 2963 1189 3046 illos,
1243 2962 1361 3025 Cic.
1419 2963 1490 3025 ad
1546 2963 1800 3025 Anxium
1847 2964 1871 3024 1
1920 2967 1980 3025 si
2046 2975 2119 3027 tu
2185 2966 2456 3047 aliquid
2522 2985 2650 3029 nos
2714 2966 3041 3029 adiutare

443 3085 648 3155 potes
693 3121 707 3135 .
756 3072 951 3134 adiuta
998 3071 1111 3133 hoc
1159 3070 1298 3152 iuis,
1345 3071 1480 3132 Ter.
1527 3069 1707 3151 Hecy.
1757 3065 1904 3153 (III
1942 3070 2119 3145 224)

364 3199 417 3239 25
543 3190 618 3244 tu
668 3182 914 3262 pueris
961 3197 1204 3261 curre,
1251 3178 1620 3259 Parmeno,
1666 3176 1937 3239 obviam
1984 3187 2198 3258 atque
2245 3179 2355 3240 his
2403 3198 2622 3241 onera
2671 3181 2933 3243 adiuta.

619 3288 887 3349 Admovit
931 3287 1003 3348 ad
1052 3286 1201 3347 hanc
1247 3303 1393 3361 rem,
1442 3283 1562 3345 Cic:
1607 3283 1679 3345 de
1729 3302 1854 3364 rep.
1901 3283 1952 3343 11
1999 3285 2161 3359 (3,5)
2210 3304 2440 3365 neque
2487 3288 2673 3348 enim
2722 3287 2802 3349 ad
2850 3305 3038 3348 mare

445 3396 780 3475 admovit,
843 3392 1027 3471 quod
1092 3394 1156 3454 ei
1223 3393 1365 3453 fuit
1429 3389 1848 3452 facillimum
1904 3439 1918 3452 .
1975 3395 2239 3453 admovit
2294 3396 2457 3455 illam
2512 3412 2641 3454 rem
2697 3397 2810 3467 illi,
2871 3393 3040 3474 Verg.

445 3504 584 3565 Aen.
630 3500 738 3562 ΧΠ
788 3495 972 3583 (171)
1019 3500 1474 3579 admovitque
1523 3516 1744 3579 pecus
1790 3498 2281 3578 flagrantibus
2327 3503 2489 3562 aris·

619 3608 703 3668 Ad
777 3606 937 3669 illius
1008 3624 1259 3689 quaero,
1334 3613 1400 3666 ut
1463 3603 1854 3666 subaudiatur
1913 3605 2198 3685 templum
2264 3609 2386 3668 sive
2452 3608 2679 3689 sanum,
2747 3608 2867 3670 Cic.
2930 3628 3039 3689 pro

364 3716 687 3788 aoQuintio
743 3714 949 3792 (4,l7)
1013 3731 1148 3774 non
1214 3715 1393 3774 satis
1457 3720 1613 3774 erat
1675 3730 1710 3769 ιιι
1773 3730 1834 3772 m
1897 3711 2318 3796 deberetur,
2393 3717 2532 3776 nisi
2597 3713 2678 3775 ad
2747 3713 3042 3778 Catonis

624 3830 1140 3924 codex-‘Parrhasii
1227 3871 1260 3922 s
1298 3867 1358 3920 P.
1399 3866 1490 3937 a]
1528 3867 1692 3936 pater
1846 3872 1878 3919 9
1917 3883 1952 3921 a
1986 3867 2070 3939 te]
2117 3868 2188 3923 aa
2224 3870 2283 3923 te
2447 3875 2506 3922 ιι
2551 3869 2797 3940 agitant]
2834 3872 3047 3925 astaret

518 3957 582 4006 13
620 3948 757 4005 Adit
809 3948 969 4003 illam
1024 3964 1141 4003 rem
1180 3963 1318 4004 corr.
1390 3946 1529 4001 Adit
1582 3946 1655 4001 ad
1708 3944 1871 4000 illum
2043 3954 2109 4002 23
2157 3948 2392 4019 Adiuto]
2441 3947 2655 4003 Adiuta
2822 3949 3042 4022 adiuta]

445 4041 680 4096 Adiutat
821 4044 1043 4125 2ssvrem
1080 4053 1180 4093 om.
1325 4042 1392 4092 27
1431 4034 1683 4091 admovit
1716 4034 1875 4090 illam
1903 4053 2020 4091 rem
2047 4036 2134 4091 illi
2161 4053 2265 4091 om.
2407 4043 2475 4093 28
2512 4039 2707 4110 pecus]
2745 4023 2946 4108 petitus

443 4137 511 4185 29
542 4129 774 4201 quaero]
813 4132 950 4198 puer

621 4272 653 4321 5
690 4265 839 4320 hunc
893 4263 1082 4332 sperat
1121 4260 1191 4314 Μ
1206 4258 1326 4314 GP
1359 4299 1373 4313 .
1414 4258 1577 4314 credo
1633 4260 1685 4316 ei
1740 4259 1962 4330 placere
2017 4260 2155 4328 hoe,
2211 4263 2400 4331 eperat
2455 4277 2513 4316 se
2569 4277 2605 4315 a
2658 4278 2747 4316 me
2803 4262 3045 4318 avellere

449 4345 738 4401 Terentius
880 4349 911 4397 ‘1
950 4359 1010 4397 se
1047 4341 1119 4396 ad
1156 4339 1464 4396 amicitiam
1501 4340 1776 4410 fidemque
1814 4339 2009 4410 populi
2044 4340 2282 4395 Romani
2317 4341 2628 4411 applicavit
2663 4340 2849 4396 Cicero

444 4434 476 4483 9
514 4446 551 4484 a
583 4429 642 4483 te
679 4425 773 4496 agi
811 4425 996 4480 Cicero
1142 4427 1209 4476 10
1244 4420 1372 4475 hist.
1412 4419 1515 4490 111]
1554 4420 1617 4473 in
1651 4419 1898 4474 oratione
1936 4419 2130 4473 Μαονι·
2163 4418 2205 4490 5
2240 4424 2311 4474 14
2473 4420 2843 4476 omittendum
2880 4423 3046 4477 eodm:

456 4506 759 4563 Vaticanus
795 4504 1055 4560 Sallustii
1227 4505 1291 4555 11
1343 4498 1674 4570 magnisque
1719 4497 1943 4568 agitant
2000 4499 2272 4568 Verqilius
2444 4505 2508 4554 13
2548 4500 2619 4555 ad
2668 4501 2934 4573 Anxium]
2973 4504 3044 4570 cf.

445 4585 592 4641 Suet.
635 4585 781 4641 Caes.
818 4588 853 4638 9
896 4583 965 4637 de
1009 4582 1118 4637 hac
1154 4579 1468 4651 significare
1504 4578 1726 4633 videtur
1762 4579 1823 4632 et
1849 4578 2039 4634 Cicero
2076 4578 2134 4632 in
2172 4578 2415 4648 quadam
2453 4579 2527 4635 ad
2563 4580 2766 4636 Axium
2803 4581 3048 4650 epistula

445 4664 687 4721 referens
853 4668 920 4717 14
957 4663 1226 4718 adeamne
1263 4660 1334 4715 ad
1371 4676 1497 4714 eum
1539 4657 1827 4712 Terentius
1999 4663 2065 4714 16
2101 4659 2218 4714 adii
2254 4675 2412 4714 casae
2448 4664 2728 4716 aratorum
2770 4662 3047 4719 Ciceronis

447 4747 611 4802 codex
662 4744 1026 4801 Tam-iamin
1180 4746 1243 4797 17
1283 4738 1512 4796 adiretis
1550 4739 1734 4795 Gicero
1900 4748 1964 4797 18
2003 4742 2076 4797 da
2111 4740 2261 4795 enim
2302 4741 2376 4794 Μ
2536 4745 2600 4795 19
2639 4742 2937 4798 adfuerunt
2973 4742 3050 4797 M

500 4831 566 4880 23
588 4825 719 4880 situ
739 4839 840 4880 nos
858 4823 1075 4893 aliquid
1097 4823 1171 4876 M
1265 4827 1333 4876 29
1373 4820 1444 4873 ad
1481 4818 1632 4874 illiue
1659 4836 1870 4889 quaero
1903 4820 2023 4875 GP
2114 4827 2183 4876 30
2211 4838 2322 4876 non
2350 4821 2484 4876 satie
2509 4824 2631 4877 erat
2648 4822 2708 4876 in
2725 4824 2937 4879 tabulis
2964 4825 3046 4878 in-

447 4906 708 4978 spexisse,
746 4907 1019 4975 quantum
1050 4903 1359 4969 deberetur,
1395 4900 1501 4955 nisi
1531 4901 1603 4957 ad
1623 4900 1868 4957 Castoris
1883 4900 2209 4973 quaesisses,
2247 4903 2518 4971 quantum
2537 4901 2844 4958 solveretur
2861 4904 3046 4959 Cicero
