3613 5528
1226 432 1575 487 EXEMPLA
1614 430 1848 488 ELOCV
1862 431 2139 488 HONVM
2855 431 2985 495 443

389 637 524 679 cum
571 624 778 679 nostro
825 616 1047 679 contuli
1094 626 1153 678 et
1200 619 1551 680 variationes
1606 619 1818 680 exinde
1875 626 2183 697 excerptas
2240 625 2299 677 et
2356 618 2605 696 margini
2661 615 2987 697 adscriptas

390 727 584 786 notavi
631 722 742 785 A2.
832 723 899 785 In
945 727 1060 786 isto
1109 734 1304 787 autem
1352 725 1702 806 Apographo
1749 725 1875 786 loca
1924 734 2226 806 autorum,
2275 723 2374 785 ubi
2420 726 2672 785 inveniri
2718 732 2987 805 possunt,

390 832 598 893 eodem
645 831 818 893 modo
875 850 942 893 ac
997 834 1057 893 in
1114 832 1550 894 Burmanniano
1597 841 1796 894 notata
1844 841 2029 893 erant.
2120 830 2207 891 Ex
2252 833 2363 892 isto
2402 840 2599 892 autem
2636 830 2986 910 Apographo

389 957 563 1001 suum
611 958 729 1000 non
776 941 1035 1002 confecit
1080 938 1454 1002 Burmannus
1502 988 1515 999 .
1560 948 1724 1020 patet
1777 940 1835 1001 id
1894 958 1965 1000 ex
2019 958 2146 1019 pag.
2202 935 2298 999 17.
2346 934 2448 999 99.
2502 935 2643 999 127.
2698 934 2841 1019 169,
2888 937 2990 998 ubi

389 1045 557 1126 plura
618 1045 797 1108 habet
849 1046 1353 1108 Burmannianum
1409 1041 1767 1125 exemplum’
1816 1095 1830 1109 .
1877 1046 1991 1107 hoc
2045 1045 2329 1107 Bondami
2385 1044 2618 1125 codice,
2674 1046 2775 1123 qui
2831 1063 2989 1105 nuuc

392 1162 481 1214 est
540 1153 988 1236 PerizonianuS,
1062 1152 1348 1215 Martinus
1414 1152 1519 1213 des
1585 1153 1819 1213 Amorie
1887 1171 1992 1213 van
2059 1153 2166 1213 der
2228 1151 2476 1212 Houven
2538 1153 2601 1212 in
2667 1153 2989 1231 specimine

391 1260 678 1322 litterario
726 1261 799 1323 de
848 1260 1145 1323 nonnullis
1181 1261 1326 1321 locis
1365 1270 1631 1322 veterum
1670 1264 2029 1341 scriptorum
2068 1279 2205 1322 cum
2243 1260 2565 1341 appendice
2605 1259 2678 1321 de
2719 1261 2991 1320 Arusiani

391 1367 590 1430 Messii
638 1369 922 1449 exemplis
971 1369 1371 1430 elocutionum
1418 1367 1837 1429 Amstelodami
1876 1381 1931 1428 a.
1985 1365 2154 1429 1845
2201 1386 2346 1429 usus
2395 1376 2484 1428 est
2530 1376 2590 1428 et
2636 1386 2755 1428 non
2802 1365 2992 1428 nullas

393 1474 613 1538 codicis
661 1476 947 1537 lectiones
993 1475 1241 1556 protulit
1285 1523 1299 1537 .
1349 1476 1450 1536 sed
1509 1484 1747 1555 praeter
1801 1472 2168 1535 Bondamum
2217 1473 2615 1535 Santenius
2674 1491 2910 1552 quoque
2960 1491 2992 1533 a

393 1581 729 1644 Burmanno
777 1583 1177 1664 apographum
1224 1581 1360 1644 libri
1405 1590 1738 1664 acceperat,
1795 1582 1951 1660 quod
1999 1591 2202 1660 postea
2251 1600 2385 1642 cum
2434 1580 2679 1660 reliquis
2728 1579 2992 1641 Santenii

393 1688 561 1750 libris
635 1693 693 1750 in
757 1690 1200 1752 Berolinensem
1272 1689 1689 1751 bibliothecam
1765 1688 2113 1750 translatum
2182 1697 2273 1751 est
2346 1687 2547 1767 ibique
2613 1706 2772 1748 nunc
2836 1689 2994 1748 inter

395 1795 698 1858 Diezianos
728 1797 963 1875 codices
991 1797 1243 1859 habetur
1282 1794 1455 1860 97.4.
1540 1800 1598 1858 in
1648 1816 1718 1858 eo
1766 1816 2030 1879 quoque,
2076 1799 2231 1857 sicut
2267 1799 2326 1857 in
2367 1796 2775 1877 Perizoniano,
2822 1803 2992 1855 notae

394 1902 717 1966 Burmanni
745 1904 972 1966 additae
1004 1914 1173 1984 sunt,
1211 1904 1427 1984 quibus
1465 1904 1573 1966 alia
1613 1924 1784 1966 manu
1826 1906 2190 1985 praescripta
2227 1912 2369 1965 sunt
2404 1904 2576 1984 haec,
2615 1899 2993 1964 ‘Arusianum

395 2029 465 2070 ex
522 2010 724 2071 codice
781 2011 1034 2092 Philippi
1090 2010 1385 2072 D'Orvillii
1432 2011 1833 2093 descripserat
1878 2011 2251 2072 Burmannus
2302 2010 2640 2090 SecunduS,
2700 2011 2803 2089 qui
2858 2028 2992 2089 apo-

394 2118 617 2198 grapho
646 2120 953 2198 sequentia
993 2120 1117 2179 sere
1157 2115 1565 2181 adnotaverat'
1606 2168 1618 2181 .
1657 2138 1729 2181 ex
1770 2119 2035 2180 Santenii
2073 2121 2260 2198 copiis
2297 2118 2436 2179 olim
2472 2116 2988 2197 Martyni-Laguna

397 2242 603 2285 novam
651 2225 923 2286 Arusiani
971 2224 1288 2286 editionem
1335 2226 1925 2307 paravisse-dicitur,
1971 2227 2043 2287 de
2092 2245 2208 2306 quo
2245 2224 2493 2286 Beierus
2530 2227 2591 2286 in
2630 2225 2749 2287 Cic.
2789 2227 2994 2304 fragm.

396 2340 542 2393 orat.
604 2351 659 2411 p.
718 2331 920 2393 Scaur.
984 2350 1040 2411 p.
1092 2329 1217 2394 196
1282 2341 1483 2394 narrat
1544 2333 1715 2415 haec,
1781 2329 2048 2395 ‘Dudum
2113 2341 2247 2395 ante
2311 2332 2527 2393 Maium
2592 2332 3030 2413 apographum‘

396 2435 838 2502 d'Orvillianum
905 2438 1149 2499 editioni
1211 2448 1520 2520 paraverat
1582 2441 1828 2502 adiectis
1892 2439 2195 2502 Laurentii
2261 2459 2368 2501 van
2429 2439 2650 2500 Santen
2709 2440 2863 2501 obss
2910 2439 2990 2501 Io.

396 2547 588 2627 Aloys.
634 2544 1182 2628 Martyni—Laguna,
1237 2547 1436 2609 multis
1492 2547 1777 2628 exemplis
1835 2542 1932 2630 (ut
1978 2551 2104 2628 ipse
2154 2547 2295 2608 mihi
2341 2547 2557 2609 litteris
2617 2541 2993 2630 significavit)

396 2653 768 2735 locupletius,
861 2652 976 2713 Sed
1024 2662 1159 2732 post
1204 2653 1430 2715 obitum
1480 2658 1587 2716 viri
1642 2657 1702 2716 in
1759 2654 1985 2717 relictis
2041 2653 2261 2716 chartis
2318 2653 2463 2715 nihil
2517 2656 2820 2715 inventum
2878 2665 2995 2736 est3

398 2771 702 2843 superstes
749 2771 943 2823 tamen
990 2780 1142 2842 opus
1188 2759 1330 2822 illud
1376 2761 1649 2823 incendio
1698 2755 1931 2824 fuerat?
2332 2772 2337 2777 '

572 2867 660 2929 Ex
708 2867 913 2929 eodem
961 2866 1187 2928 Heinsii
1233 2867 1568 2948 apographo
1616 2867 1801 2929 codex
1851 2867 2245 2947 GudianuS,
2289 2888 2358 2931 ex
2401 2888 2518 2948 quo
2556 2867 2995 2931 Lindemannus

399 2977 672 3038 Arusiani
716 2973 932 3035 librum
980 2973 1189 3054 edidit,
1236 2974 1467 3035 videtur
1512 2975 1729 3036 ductus
1776 2992 1908 3035 esse
1947 3021 1961 3035 .
2000 2977 2050 3034 is
2098 2983 2189 3036 est
2235 2978 2294 3035 in
2341 2975 2696 3037 bibliotheca
2736 2975 2993 3037 Woll'eu·

398 3082 696 3145 buttelana
760 3084 918 3142 inter
982 3080 1216 3142 codices
1267 3081 1565 3143 Gudianus
1621 3080 1777 3163 281,
1842 3084 2027 3161 ipsius
2092 3082 2266 3143 Gudii
2331 3101 2505 3144 manu
2571 3085 2856 3162 scriptus,
2931 3093 2997 3145 ut

399 3190 740 3251 adnotatum
779 3198 871 3249 est
907 3189 966 3248 in
1015 3186 1246 3268 codice,
1292 3182 1496 3267 ‘Maris
1527 3186 1755 3249 Gudius
1783 3207 1815 3248 e
1848 3198 1999 3249 msto
2029 3189 2154 3249 cod.
2186 3187 2473 3269 descripsi
2504 3208 2551 3250 a.
2583 3186 2996 3251 ClDIDCLlX'.

397 3297 683 3358 lectiones
745 3302 944 3356 autem
1007 3312 1039 3354 a
1104 3292 1505 3355 Lindemanno
1571 3313 1640 3355 ex
1705 3313 1776 3355 eo
1837 3295 2098 3374 prolatae
2163 3314 2299 3358 cum
2355 3296 2737 3358 Perizoniano
2793 3296 2994 3358 codice

398 3405 739 3483 saepissime
804 3403 1209 3480 consentiunt3
1283 3400 1565 3479 quaedam
1623 3420 1761 3462 vero
1827 3405 2030 3477 etiam,
2096 3421 2244 3482 quae
2299 3406 2362 3465 in
2435 3403 2547 3465 hoc
2620 3407 2995 3467 coniecturae

398 3509 527 3571 loco
593 3509 921 3590 adscriptae
986 3516 1154 3589 sunt,
1224 3510 1284 3568 in
1351 3508 1615 3571 Gudiano
1680 3511 1741 3569 in
1806 3512 2254 3571 continuitatem
2329 3511 2646 3573 verborum
2721 3521 2995 3592 receptae

399 3617 678 3697 leguntur
725 3665 738 3678 .
786 3618 1119 3677 accuratius
1175 3624 1368 3677 tamen
1427 3615 1499 3677 de
1556 3616 1667 3677 hoc
1724 3617 1928 3678 codice
1984 3635 2100 3677 non
2149 3621 2438 3700 quaesivi,
2493 3637 2686 3699 neque
2744 3619 2994 3681 multum

399 3727 689 3787 interesse
735 3732 907 3805 puto,
954 3742 1026 3784 ex
1073 3741 1190 3802 quo
1237 3724 1397 3784 sonte
1447 3726 1849 3804 coniecturae,
1896 3724 2112 3804 quibus
2158 3727 2218 3786 in
2268 3725 2406 3808 hoc,
2452 3729 2608 3788 sicut
2643 3729 2705 3788 in
2743 3727 2992 3807 reliquis

398 3831 776 3912 apographis,
822 3832 1118 3909 scriptura
1165 3830 1466 3910 archetypi
1514 3850 1688 3911 saepe
1737 3840 1958 3893 mutata
2007 3840 2126 3913 est,
2173 3833 2383 3894 ductae
2431 3836 2568 3895 sint.

575 3938 785 4001 Postea
815 3936 1195 4017 Neapolitano
1225 3936 1428 3998 codice
1459 3957 1602 4000 usus
1633 3948 1724 4000 est
1761 3938 1853 3999 Ga
1868 3942 2221 4020 ratoniuS,
2261 3942 2360 4018 qui
2399 3940 2663 4020 exempla
2692 3940 2997 4003 Ciceronis

398 4066 471 4107 ex
500 4065 571 4108 eo
598 4046 894 4126 descripta
922 4043 1173 4107 habebat
1201 4063 1386 4125 eaque
1407 4047 1467 4106 in
1487 4046 1744 4107 editione
1765 4048 2099 4109 orationum
2121 4045 2424 4107 Ciceronis
2445 4065 2620 4128 saepe
2641 4067 2992 4110 commemo·

398 4156 590 4217 ravit.
621 4156 751 4215 eius
791 4152 966 4214 verba
1005 4159 1146 4213 sunt
1191 4152 1335 4213 baec
1374 4151 1490 4213 Cic.
1530 4161 1674 4213 orat.
1714 4171 1764 4212 v.
1794 4150 1897 4212 Vll
1935 4152 2177 4231 Neapoli
2205 4172 2254 4214 a.
2290 4151 2458 4215 1786
2486 4156 2669 4233 praef.
2700 4174 2755 4235 p.
2785 4154 2878 4237 Vl,
2917 4152 2996 4217 ‘ls

398 4261 655 4341 denique
672 4253 1055 4343 (Franciscus
1071 4250 1438 4341 Gualterius)
1459 4258 1550 4319 bis
1578 4260 1782 4339 paucis
1802 4257 2013 4320 diebus
2032 4277 2102 4321 ex
2125 4257 2505 4339 Neapolitano
2526 4262 2800 4323 Arusiani
2820 4263 2997 4325 Messi

398 4369 622 4451 codice,
661 4340 838 4448 quem
877 4367 1053 4429 aedes
1090 4366 1356 4446 possidet
1392 4365 1828 4447 Apostolorum,
1875 4377 2082 4445 rogatu
2120 4386 2253 4427 meo
2291 4366 2692 4430 elocutionum
2732 4371 2997 4451 exempla

397 4476 666 4537 Tulliana
739 4474 1071 4555 descripsit.
1192 4473 1388 4544 Quum
1472 4474 1630 4534 enim
1711 4475 2126 4552 grammaticos
2208 4493 2241 4535 a
2312 4475 2594 4536 Putschio
2678 4476 2997 4560 conlectoS,

398 4582 891 4661 Quinctilianum,
945 4579 1208 4660 aliosque
1265 4580 1563 4659 rhetoreS,
1620 4580 1900 4661 Gellium,
1956 4580 2241 4663 Nonium,
2302 4581 2623 4665 Isidorum,
2687 4583 2998 4668 Donatum,

400 4690 702 4770 Servium,
748 4687 1002 4769 Horatii,
1050 4687 1296 4762 Lucani,
1345 4686 1516 4749 Statii
1554 4687 1925 4769 scholiastaS,
1973 4696 2033 4750 et
2070 4688 2357 4768 quidquid
2395 4692 2773 4769 antiquorum
2811 4695 2999 4773 potui,

397 4796 715 4877 diligenter
762 4793 1157 4874 adhibuerim,
1203 4794 1274 4855 ad
1322 4812 1426 4854 eos
1471 4793 1659 4875 locos,
1716 4814 1866 4874 quos
1922 4794 1994 4855 ab
2051 4797 2121 4855 iis
2168 4797 2491 4875 productos
2536 4815 2569 4859 a
2616 4816 2709 4859 me
2760 4802 2998 4860 tractari

396 4904 741 4985 oportebat,
805 4920 999 4981 neque
1064 4920 1184 4983 me,
1247 4911 1383 4982 post
1428 4901 1675 4963 aliorum
1725 4921 1966 4983 operam
2023 4904 2082 4963 in
2141 4921 2207 4963 ea
2266 4924 2358 4987 re,
2426 4924 2612 4966 meam
2671 4907 2997 4987 perdidisse

2464 5011 2575 5061 29*
