3613 5528
616 418 746 482 256
1785 419 2027 475 BEDAE

613 530 654 567 p.
682 519 802 559 2377.
832 519 884 559 ’τε
910 518 959 558 P.

1011 637 1050 688 6
1140 601 1385 664 Heliae
1433 605 1975 686 meritis‘impia
2022 603 2259 665 saecla

1144 710 1428 772 donasti
1474 709 1739 791 p'luvia,
1785 728 1914 771 nos
1962 728 2243 789 quoque
2290 709 2530 771 dones.

609 816 765 878 idem
814 835 960 878 usus
1006 824 1100 878 est
1145 818 1353 878 eodem
1399 825 1590 879 metro
1637 819 1698 878 in
1755 818 2152 897 postulatione
2199 820 2565 899 serenitatis,
2619 835 2769 897 quae
2826 819 2906 879 ita
2964 813 3216 900 incipigl

1143 923 1509 987 obduxere
1555 924 1793 1005 polum
1841 924 2084 985 nubila
2131 924 2314 986 caeli

1142 1031 1747 1111 absconduntque
1792 1031 1977 1092 diem
2024 1031 2175 1093 sole
2223 1032 2492 1113 fugato,

1143 1148 1394 1200 noctes
1441 1141 1826 1201 continuas
1873 1138 2113 1200 sidere
2161 1138 2412 1220 nudas;

718 1246 854 1306 finis
899 1247 981 1306 ita

614 1254 673 1307 at
988 1293 1007 1326 ’
1146 1335 1339 1417 lesu,
1383 1354 1597 1416 parce
1644 1343 1762 1397 tua
1809 1342 2038 1397 morte
2086 1335 2492 1416 redemptis,

1142 1443 1344 1522 prior
1391 1441 1736 1508 diluvium
1780 1442 2092 1524 pertulit
2136 1451 2360 1524 actae,

1140 1556 1216 1611 ut
1262 1550 1641 1612 mundaret
1685 1568 1864 1630 aqua
1911 1552 2212 1611 crimina
2263 1559 2518 1612 terrae.

1139 1656 1261 1717 sed
1311 1657 1645 1720 mundata
1693 1666 1816 1719 tuo
1865 1659 2213 1737 sanguine
2260 1666 2458 1720 terra
2505 1665 2643 1718 est:

1139 1766 1273 1825 iam
1318 1782 1506 1825 nunc
1555 1767 1767 1826 missa
1815 1765 2060 1826 ferens
2107 1783 2229 1826 ore
2276 1763 2606 1826 columba

1139 1888 1406 1932 ramum
1451 1871 1815 1950 paciferae
1862 1890 2116 1933 munus
2162 1870 2391 1932 olivae

1139 1987 1390 2039 exutas
1435 1976 1712 2056 liquido
1761 1977 2062 2039 flumine
2110 1986 2349 2039 terras

1139 2083 1326 2146 laeto
1373 2084 1749 2164 significet
1793 2083 1990 2165 lapsa
2036 2084 2291 2145 volatu,

1165 2237 1285 2305 DE
1331 2238 1632 2306 METRO
1677 2239 2046 2306 IAMBICO
2093 2239 2645 2306 HEXAMETRO

781 2379 1037 2441 Metrum
1075 2379 1391 2440 iambicum
1431 2380 1729 2440 senarium
1768 2381 1983 2459 recipit
2028 2378 2290 2440 iambum
2334 2378 2481 2439 locis
2524 2377 2826 2461 omnibuS,
2873 2378 3214 2459 tribrachyn

617 2487 761 2547 locis
798 2486 1073 2548 omnibus
1110 2495 1350 2567 praeter
1387 2487 1800 2568 novissimum,
1838 2486 2165 2568 spondeum
2205 2484 2499 2565 dactylum
2538 2494 2600 2546 et
2644 2494 3023 2567 anapaestum
3070 2485 3217 2547 locis

608 2601 833 2654 tantum
872 2592 1226 2675 imparibuS,
1271 2592 1635 2673 pyrrichium
1683 2591 1816 2654 loco
1855 2601 2084 2655 tantum
2125 2592 2362 2666 ultimo,
2410 2610 2528 2671 quo
2568 2591 2972 2653 nobilissimus
3008 2591 3214 2672 Hispa·

605 2719 818 2762 norum
867 2699 1256 2761 scholasticus
1303 2698 1578 2760 Aurelius
1615 2697 1886 2761 Prudens
1926 2699 2198 2761 Clemens
2247 2702 2488 2780 scripsit
2531 2701 2902 2781 prooemium
2955 2699 3212 2779 Psyche·
3243 2713 3300 2752 2⁰

600 2808 890 2889 inachiae,
943 2808 1001 2868 id
1059 2816 1151 2869 est
1204 2806 1340 2868 libri
1396 2824 1575 2886 quem
1632 2806 1704 2868 de
1751 2809 2038 2869 virtutum
2086 2809 2483 2887 vitiorumque
2540 2826 2737 2887 pugna
2795 2807 3038 2868 heroico
3085 2825 3213 2867 car·

606 2916 763 2975 mine
810 2917 1159 2995 composuit.
1233 2917 1316 2976 ita
1364 2915 1524 2975 enim
1569 2913 1834 2994 inchoat,

1133 3040 1352 3082 senex
1399 3020 1647 3082 ridelis
1692 3022 1920 3100 prima
1967 3021 2313 3083 credendi
2358 3024 2465 3082 via

1134 3127 1385 3189 Abram
1433 3127 1628 3189 beati
1675 3130 1978 3188 seminis
2025 3147 2234 3189 serus
2280 3137 2511 3210 pater,

1133 3235 1412 3295 adiecta
1461 3234 1669 3294 cuius
1716 3252 1966 3296 nomen
2016 3236 2212 3296 auxit
2258 3233 2556 3317 syllaba,

1133 3339 1386 3402 Abram
1431 3343 1718 3422 parenti
1763 3340 2033 3423 dictus,
2088 3339 2436 3402 Abraham
2482 3340 2629 3402 deo.

1146 3495 1266 3560 DE
1313 3495 1613 3562 METRO
1660 3496 2027 3562 IAMBICO
2074 3495 2669 3562 TETRAMETRO

775 3633 1028 3696 Metrum
1077 3633 1394 3695 iambicum
1451 3642 1862 3696 tetrametrum
1908 3636 2123 3714 recipit
2171 3634 2430 3695 iambum
2484 3635 2630 3696 locis
2677 3635 2979 3716 omnibuS,
3033 3657 3208 3718 spon-

596 3742 773 3802 deum
822 3741 968 3801 locis
1017 3749 1246 3802 tantum
1291 3742 1618 3821 imparibus
1629 3789 1648 3822 ,
1694 3759 1813 3821 quo
1860 3743 2120 3821 scriptus
2167 3750 2260 3802 est
2303 3741 2559 3820 hymnus
2607 3741 2860 3825 Sedulii,

1129 3868 1160 3908 a
1208 3847 1388 3910 solis
1435 3857 1641 3909 ortus
1687 3847 1982 3909 cardine

1128 3954 1207 4015 ad
1257 3973 1486 4034 usque
1534 3963 1774 4015 terrae
1822 3954 2123 4016 limitem

1128 4061 1493 4125 Christum
1542 4079 1883 4122 canamus
1928 4063 2351 4142 principem.

774 4239 839 4287 16
878 4232 975 4287 DE
1014 4230 1269 4286 METRO
1293 4228 1612 4289 ‚IAMBICO
1649 4230 2113 4287 HEXAMETRO
2156 4232 2322 4286 Mau.
2365 4232 2561 4289 ΤῙιεοά.
2603 4238 2731 4302 593,
2767 4239 2808 4291 2

776 4417 803 4464 1
842 4412 1028 4467 heliae
1055 4370 1397 4465 Fff‘heiiae
1427 4409 1484 4464 P
1511 4409 1758 4465 flabrum
1788 4424 1824 4467 ς
1931 4414 1964 4464 2
1992 4409 2247 4480 pluuium
2275 4408 2464 4464 FLP
2564 4415 2596 4464 3
2635 4411 2802 4480 quae]
2841 4411 2991 4480 quod
3020 4411 3212 4467 FLP

699 4498 734 4547 4
772 4492 1037 4548 obdixere
1074 4490 1136 4544 F
1277 4497 1308 4546 6
1352 4493 1544 4547 noctes
1584 4489 1879 4544 continuae
1915 4488 2095 4544 sidere
2132 4488 2316 4544 nudae
2351 4505 2452 4547 om.
2491 4489 2676 4559 FPs,
2713 4491 2840 4544 add.
2882 4490 2936 4544 L
3079 4498 3109 4547 7
3149 4493 3209 4547 et

592 4570 675 4626 ita
719 4571 845 4627 finit
889 4572 994 4630 ςΡ
1136 4577 1203 4625 10
1252 4570 1518 4626 criminae
1554 4571 1737 4623 terrae
1776 4566 1841 4622 F
1980 4575 2047 4624 15
2093 4569 2252 4640 lapso
2288 4569 2351 4624 F
2493 4575 2557 4624 19
2593 4569 2969 4626 nobilissimae
3009 4570 3070 4625 F

592 4652 954 4722 hispanorum
992 4652 1046 4706 L
1092 4652 1474 4722 hispaniarum
1514 4649 1570 4704 P
1611 4654 1661 4703 et
1706 4664 1845 4704 corr.
1882 4649 2265 4721 hispaniorum
2305 4648 2369 4704 F
2524 4655 2593 4704 20
2637 4649 2880 4720 prudens
2918 4649 3043 4705 FP
3077 4670 3205 4721 pru-

593 4734 819 4789 dentius
857 4733 911 4786 L
1069 4732 1422 4802 prohymium
1462 4730 1523 4785 F
1679 4728 1764 4784 21'
1795 4729 2046 4785 carmina
2083 4728 2145 4783 F
2299 4735 2370 4784 24
2416 4745 2604 4784 serens
2641 4729 2703 4783 F
2722 4750 2757 4777 ο
2841 4736 2912 4784 30
2958 4734 3111 4787 ortua
3148 4730 3212 4786 F

593 4814 719 4867 ortu
754 4812 808 4865 L
825 4813 881 4866 P
1021 4819 1087 4866 31
1140 4813 1213 4867 ad
1249 4828 1425 4882 usque
1466 4810 1588 4865 FL
1625 4811 1683 4864 et
1717 4826 1892 4878 usque
1929 4809 2008 4863 Pl
2150 4808 2414 4880 limitem]
2456 4808 2577 4863 limi
2614 4807 2676 4861 F
2815 4815 2883 4863 32
2923 4810 3203 4866 Christum

592 4910 857 4949 canamus
896 4891 1205 4963 principem
1240 4908 1340 4948 om.
1380 4891 1520 4961 FP,
1556 4891 1685 4946 add.
1721 4889 1776 4945 L

3250 1564 3304 1604 10

3248 2099 3303 2139 15

3242 3251 3297 3293 25

3238 3864 3295 3919 ³⁰.
