3613 5528
592 362 727 426 296
1766 362 2017 417 ALBINI

586 474 631 512 p.
660 463 875 504 πεῖ-29
904 461 956 501 P.
2051 465 2062 476 ·

588 543 756 627 que’
794 549 954 628 peri
992 547 1155 608 dixit.
1227 547 1523 609 Audacter
1558 547 1806 609 latinum
1848 548 1858 624 Ι
1899 558 2008 629 est,
2045 547 2148 608 sed
2189 546 2490 608 audaciter
2519 547 2747 631 melius,
2784 551 2923 630 quia
2961 551 3196 610 nomina

589 674 625 715 x
670 654 867 715 littera
917 656 1229 715 terminata
1275 657 1335 716 in
1375 655 1669 734 adverbiis
1714 658 1735 716 i
1773 663 2110 737 assumunt,
2156 664 2225 716 ut
2270 663 2438 715 atrox
2485 656 2783 737 atrociter,
2830 657 2997 716 ferox
3043 657 3195 716 l'ero-

591 764 758 823 citer.
832 762 1102 823 Accersit
1148 764 1251 841 qui
1298 771 1528 843 evocat,
1575 763 1827 823 arcessit
1872 763 1976 841 qui
2018 770 2271 822 accusat.
2346 762 2609 823 Acervns
2654 781 2763 842 per
2799 782 2832 821 v
2879 762 3198 825 cuiuslibet

589 869 677 928 rei
724 868 1035 946 congeries
1080 876 1199 949 est,
1246 869 1399 928 forte
1447 868 1707 948 lapidum
1748 867 1841 929 vel
1887 869 2153 949 frugum,
2200 867 2453 928 acerbus
2498 887 2606 948 per
2645 869 2680 928 b
2727 872 3061 931 inmaturus
3098 878 3200 931 aut

589 992 780 1056 asper.
854 974 965 1034 alia
1003 983 1144 1035 sunt
1181 992 1331 1053 quae
1369 994 1478 1055 per
1515 975 1633 1036 duo
1673 995 1710 1036 u
1750 974 2116 1056 scribuntur,
2154 975 2371 1055 quibus
2409 993 2698 1036 numerus
2743 994 2981 1055 quoque
3029 975 3197 1055 sylla7
3225 994 3250 1031 5

588 1079 798 1144 barum
845 1084 1089 1142 crescit:
1134 1081 1312 1141 simili
1352 1084 1510 1142 enim
1559 1080 1743 1142 vocali
1779 1080 1999 1141 vocalis
2037 1080 2311 1143 adiuncta
2349 1100 2468 1143 non
2507 1083 2699 1144 solum
2738 1101 2856 1143 non
2903 1083 3200 1164 cohaeret,

590 1187 693 1247 sed
734 1189 910 1247 etiam
940 1186 1215 1266 syllabam
1246 1197 1453 1268 auget,
1482 1166 1551 1248 υἶ
1577 1190 1901 1267 ingenuuS,
1938 1187 2187 1269 arduuS,
2227 1190 2503 1268 exiguuS,
2539 1207 2789 1270 vacuus,
2825 1189 2982 1268 quod
3011 1207 3121 1269 per
3149 1209 3201 1269 c,

593 1312 711 1354 non
756 1312 866 1374 per
904 1312 941 1372 q
988 1293 1368 1355 scribendum
1416 1305 1525 1356 est.
1599 1294 1805 1355 eadem
1851 1294 2060 1356 divisio
2105 1296 2169 1355 in
2214 1293 2412 1355 verbis
2458 1314 2695 1375 quoque
2744 1305 2864 1376 est,
2909 1304 3204 1376 metuunt,

593 1407 891 1473 statuunt,
939 1398 1239 1481 tribuunt,
1286 1411 1534 1481 acuunt,
1581 1400 1741 1481 quod
1786 1419 1896 1481 per
1942 1420 1974 1461 c
2022 1419 2261 1481 quoque
2311 1410 2371 1462 et
2415 1420 2536 1462 non
2580 1421 2690 1483 per
2735 1423 2773 1482 q
2820 1401 3199 1464 scribendum

592 1515 700 1568 est.
775 1508 986 1586 Aspiro
1032 1508 1253 1585 aspicio
1300 1509 1427 1567 sine
1475 1507 1511 1567 d
1560 1506 1882 1568 scribenda
1921 1515 2063 1567 sunt
2105 1525 2215 1587 per
2263 1506 2591 1586 simplicem
2639 1527 2695 1589 S,
2749 1507 2891 1570 licet
2945 1526 3081 1569 cum
3130 1508 3200 1568 ad
3233 1528 3282 1565 ιο

593 1615 1030 1693 praepositione
1069 1616 1374 1692 conposita
1414 1617 1559 1695 sint,
1605 1615 1745 1693 quia
1790 1615 1948 1693 perit
1981 1612 2065 1673 ibi
2101 1612 2155 1673 d.
2231 1613 2489 1692 Apparet
2534 1614 2693 1693 quod
2731 1614 2965 1676 videtur
3003 1633 3110 1694 per
3146 1634 3205 1694 p,

594 1721 836 1800 adparet
880 1718 1036 1797 quod
1076 1718 1428 1798 obsequitur
1463 1737 1572 1798 per
1609 1719 1665 1800 d,
1707 1737 1827 1779 non
1866 1717 2104 1798 regulae
2142 1721 2398 1799 ratione,
2445 1719 2549 1779 sed
2596 1721 2972 1781 discretionis
3010 1739 3203 1781 causa.

595 1824 787 1886 Arbor
833 1844 1006 1885 omne
1064 1809 1290 1905 lignum
1336 1826 1572 1906 dicitur,
1629 1825 1870 1886 arbusta
1918 1843 2034 1885 non
2085 1827 2197 1886 nisi
2254 1825 2577 1886 fructifera.
2668 1828 2863 1887 Avena
2909 1847 2944 1883 *
2989 1828 3118 1887 sine
3165 1826 3205 1886 h

596 1951 704 2012 per
738 1953 770 1992 v
807 1932 1187 1994 scribendum
1227 1941 1344 2006 est,
1383 1931 1636 2012 habena,
1674 1935 1721 1992 si
1762 1932 1833 1992 ad
1874 1933 2198 1994 retinacula
2237 1936 2668 2015 iumentorum,
2703 1952 2812 2015 per
2847 1933 2887 1994 h
2925 1943 2987 1994 et
3021 1952 3130 2014 per
3166 1932 3205 1992 b

597 2039 895 2102 scribitur.
970 2041 1233 2100 Actuarii
1280 2057 1415 2099 cum
1456 2058 1495 2099 u
1540 2039 1791 2101 diversis
1829 2040 2061 2101 actibus
2098 2044 2402 2120 occupati,
2448 2042 2654 2102 actarii
2704 2060 2841 2102 vero
2880 2043 3205 2120 scriptores
3235 2059 3284 2098 ιε»

596 2158 883 2210 actorum.
957 2146 1290 2206 Advocatur
1331 2146 1579 2206 daturus
1625 2148 2048 2228 patrocinium,
2097 2155 2378 2207 evocatur
2416 2146 2795 2226 praebiturus
2833 2147 3205 2227 obsequium,

598 2258 905 2315 invocatur
952 2262 1362 2333 praestaturus
1409 2252 1709 2314 auxilium.
1800 2251 2129 2330 Adportare
2177 2262 2269 2312 est
2324 2252 2542 2331 aliquid
2592 2253 2854 2333 adferre,
2900 2263 3203 2333 asportare

599 2362 834 2422 auferre
881 2359 1129 2440 aliquid,
1174 2369 1528 2439 conportare
1575 2359 1750 2420 simul
1798 2368 2036 2438 portare
2074 2360 2135 2419 in
2175 2377 2359 2419 unum
2405 2359 2630 2441 locum,
2675 2360 2990 2439 deportare
3027 2358 3204 2439 depo-

602 2485 771 2548 nere,
818 2474 1130 2546 exportare
1178 2465 1403 2527 tollere.
1491 2467 1640 2526 Ante
1687 2468 2046 2546 praepositio
2093 2465 2275 2526 multa
2322 2466 2639 2544 significat:
2684 2483 2818 2525 nam
2867 2474 2927 2526 et
2973 2473 3208 2545 tempus

601 2573 917 2654 significat,
973 2591 1112 2633 cum
1165 2573 1384 2633 dicitur
1433 2569 1599 2635 ‘ante
1655 2573 1814 2634 diem
1870 2574 2088 2634 festum
2142 2567 2454 2653 paschae’3
2510 2581 2571 2633 et
2626 2575 3051 2655 praesentiam,
3107 2565 3290 2652 ut120

604 2675 798 2740 ‘ante
837 2690 1307 2760 conspectum
1356 2683 1680 2759 gentium
1717 2679 2067 2741 revelavit
2113 2681 2476 2740 iustitiam
2515 2676 2761 2760 snam',
2798 2680 2858 2740 id
2888 2690 2981 2741 est
3009 2698 3208 2741 coram

603 2787 908 2868 gentibu53
956 2798 1016 2848 et
1061 2788 1435 2869 dignitatem,
1482 2798 1549 2849 ut
1594 2783 1874 2868 ‘posuit
1907 2787 2246 2867 Ephraim
2293 2797 2456 2848 ante
2495 2783 2900 2849 Manassen’
2948 2798 3010 2849 et
3056 2783 3210 2866 ‘qui

602 2905 766 2974 post
816 2912 917 2955 me
963 2897 1161 2956 venit
1207 2905 1369 2956 ante
1409 2913 1514 2955 me
1563 2896 1799 2955 factus
1847 2889 2006 2975 est’,
2052 2893 2110 2954 id
2161 2902 2252 2954 est
2298 2892 2440 2953 mihi
2479 2893 2778 2972 praelatus
2816 2902 2923 2954 est,
2998 2893 3209 2955 Album

604 3009 841 3082 natura,
888 3001 1203 3062 candidum
1242 3020 1385 3062 cura
1423 3002 1578 3064 facit.
1654 3002 1988 3062 Armarium
2027 3000 2130 3061 ubi
2177 3017 2688 3080 quarumcumque
2726 3002 2943 3061 artium
2990 3004 3209 3061 instru-

606 3117 803 3168 menta
850 3116 1182 3190 servantur,
1227 3111 1748 3169 armamentarium
1795 3107 1898 3169 ubi
1945 3116 2172 3168 tantum
2211 3106 2325 3168 tela
2363 3124 2682 3167 armorum.
2755 3107 2998 3167 Accedit
3032 3126 3143 3187 per
3179 3127 3212 3168 e
3241 3125 3292 3164 ss

605 3214 677 3275 ab
724 3196 1107 3295 ambulando,
1154 3215 1369 3276 accidit
1412 3233 1520 3294 per
1558 3217 1579 3274 i
1626 3214 1698 3275 ab
1737 3223 1969 3275 eventu.
2045 3215 2194 3274 Ante
2241 3215 2599 3294 praepositio
2646 3212 2948 3274 interdum
2984 3216 3211 3293 integra

607 3330 829 3396 manet,
877 3331 944 3382 ut
991 3322 1288 3383 antecedit
1332 3324 1654 3402 antevenit,
1700 3321 2001 3382 interdum
2048 3322 2372 3381 mutatione
2421 3321 2481 3379 in
2520 3321 2541 3379 i
2587 3318 2846 3381 litteram
2882 3323 3211 3401 corrumpi·

611 3438 727 3508 tur,
773 3436 841 3489 ut
886 3431 1182 3507 anticipat.
1256 3429 1301 3487 A
1350 3436 1411 3488 et
1456 3427 1529 3488 ab
1577 3437 1638 3488 et
1683 3426 1787 3488 abs
1831 3428 2304 3507 praepositiones
2351 3427 2530 3486 unius
2572 3428 3020 3505 significationis
3058 3436 3216 3506 sunt,

609 3542 676 3595 ut
721 3554 753 3594 a
799 3552 924 3614 me,
978 3533 1051 3594 ab
1099 3534 1364 3615 homine,
1420 3533 1652 3595 abstuli.
1728 3535 1833 3595 sed
1889 3533 1961 3595 ab
2018 3535 2357 3614 saepissime
2414 3531 2716 3615 scribitur,
2772 3551 2909 3594 cum
2956 3552 3216 3613 sequens

611 3640 855 3701 verbum
911 3659 944 3701 a
993 3640 1175 3701 vocali
1230 3643 1465 3721 incipit,
1522 3660 1598 3702 ne
1655 3640 1837 3702 dictio
1893 3640 2097 3702 multis
2151 3638 2615 3700 consonantibus
2673 3648 2976 3722 oneretur,
3034 3648 3101 3700 ut
3146 3639 3216 3700 ab
3245 3658 3298 3697 so

790 3872 823 3920 2
860 3864 970 3920 iter
1004 3866 1306 3921 adsumunt
1340 3866 1499 3921 Beda
1527 3883 1589 3935 Ρ.
1617 3871 1751 3932 264,
1778 3870 1847 3919 11
1977 3871 2007 3919 7
2045 3881 2145 3934 per
2180 3880 2244 3919 ce
2277 3879 2389 3918 non
2423 3880 2525 3932 per
2560 3881 2597 3932 q
2637 3862 2990 3919 scribendum
3027 3867 3116 3921 est
3153 3865 3226 3918 M

616 3964 716 4018 per
754 3963 784 4001 c
820 3945 1173 4001 scribendum
1213 3948 1300 4001 est
1333 3964 1445 4001 non
1481 3963 1580 4015 per
1606 3956 1653 4015 ‘q
1690 3947 1735 4000 S
1768 3962 1870 4016 per
1907 3962 1937 3998 c
1974 3944 2324 4000 scribendum
2362 3946 2450 3998 est
2481 3960 2521 4012 p
2672 3949 2736 3998 10
2774 3944 2976 4014 Aspiro
3014 3943 3224 4013 aspicio

618 4027 738 4081 sine
775 4025 813 4080 d
850 4024 1142 4087 scribenda
1179 4027 1308 4080 sunt
1342 4041 1442 4095 per
1478 4022 1791 4094 simplicem
1829 4043 1855 4079 s
1897 4026 1970 4079 M
2012 4026 2224 4095 asspiro
2262 4023 2497 4093 asspicio
2535 4022 2655 4079 sine
2693 4023 2729 4077 d
2771 4024 3065 4079 scribenda
3099 4026 3227 4079 sunt

615 4108 673 4160 et
710 4107 790 4177 (et
816 4122 915 4160 om.
939 4109 1004 4175 Ρ)
1041 4122 1141 4174 per
1168 4105 1450 4175 duplicem
1479 4123 1504 4158 s
1530 4104 1634 4173 ΡΒ
1779 4111 1841 4158 11
1884 4107 2136 4174 Apparet
2162 4106 2311 4175 quod
2340 4102 2558 4158 videtur
2596 4119 2699 4172 per
2726 4120 2764 4172 p
2803 4104 3039 4173 adparet
3073 4105 3225 4174 quod

614 4185 945 4254 obsequitur
980 4200 1080 4254 per
1106 4184 1143 4238 d
1174 4185 1250 4239 M
1283 4186 1520 4254 apparet
1554 4200 1652 4252 per
1678 4202 1715 4253 p
1743 4185 1893 4253 quod
1922 4184 2146 4239 uidetur
2174 4183 2413 4252 adparet
2445 4198 2545 4251 per
2571 4181 2610 4235 d
2648 4183 2800 4250 quod
2835 4184 3157 4252 obsequitur
3183 4184 3228 4239 S

619 4266 857 4335 adparet
889 4280 991 4335 per
1026 4264 1063 4318 d
1102 4265 1251 4333 quod
1288 4266 1376 4319 est
1411 4262 1739 4332 obsequitur
1765 4281 1812 4332 Ρ
1849 4266 2085 4333 apparet
2122 4262 2218 4331 qui
2253 4260 2476 4316 uidetur
2501 4260 2741 4329 adparet
2774 4262 2873 4330 qui
2901 4263 3229 4333 obsequitur

618 4345 780 4401 Beda
805 4363 868 4415 Ρ.
897 4348 1030 4411 264,
1060 4350 1133 4399 15
1244 4351 1308 4398 13
1346 4360 1509 4398 omne
1537 4343 1751 4412 lignum
1782 4342 1989 4397 dicitur
2019 4343 2092 4396 M
2117 4359 2282 4397 omne
2309 4341 2526 4409 lignum
2557 4343 2644 4395 est
2662 4360 2708 4409 Ρ
2743 4357 2905 4397 omne
2942 4340 3158 4412 lignum
3185 4342 3229 4396 S

726 4429 925 4481 Avena
966 4455 1031 4464 -
1085 4431 1150 4479 14
1197 4441 1297 4493 per
1334 4425 1371 4479 b
1416 4422 1680 4480 scribitur
1723 4439 1824 4478 om.
1863 4423 1971 4492 Sp,
2017 4423 2145 4477 add.
2186 4422 2263 4475 M
2303 4426 2354 4476 et
2398 4419 2730 4477 Frobem'us.
2788 4423 3071 4493 lacunam,
3119 4441 3229 4494 qua

622 4507 868 4575 definitio
915 4521 1125 4559 avenae
1171 4507 1400 4573 excidit,
1444 4505 1709 4559 indicavi.
1767 4519 1971 4572 avena,
2018 4501 2067 4556 si
2102 4503 2173 4556 ad
2210 4518 2466 4573 germen,
2516 4502 2635 4557 sine
2671 4502 2712 4557 h
2746 4518 2857 4572 sqq.
2899 4501 3230 4571 Frobenius,

619 4602 828 4642 avenae
880 4584 1068 4638 sterile
1133 4601 1389 4654 germen,
1448 4582 1701 4638 habenae
1749 4582 2062 4637 retinacula
2108 4581 2484 4637 iumentorum
2534 4584 2695 4639 Beda
2741 4600 2803 4652 Ρ.
2854 4588 2997 4651 264,
3045 4590 3123 4641 18
3183 4626 3192 4635 .

627 4673 687 4721 15
737 4662 992 4720 Actuarii
1037 4681 1163 4718 cum
1199 4682 1237 4718 u
1287 4663 1347 4719 id
1393 4665 1478 4719 est
1524 4662 1759 4717 diuersis
1808 4661 2025 4716 actibus
2074 4661 2334 4731 occupati
2377 4664 2639 4719 dicuntur
2686 4661 2862 4717 actari
2914 4666 3075 4730 (corr.
3115 4665 3232 4735 -rii)

622 4763 756 4800 uero
786 4745 1084 4815 scriptores
1115 4746 1366 4799 actorum
1395 4743 1755 4813 appellantur
1792 4742 1869 4796 M
2008 4739 2186 4795 actari
2211 4758 2343 4797 uero
2372 4743 2417 4797 S
2559 4749 2625 4799 21
2665 4743 2944 4801 reuelabit
2971 4743 3016 4797 S
3027 4744 3103 4799 M

627 4831 691 4878 27
732 4824 789 4877 in
825 4823 847 4878 i
882 4824 1158 4896 litteram]
1198 4843 1227 4878 e
1267 4823 1457 4877 littera
1487 4840 1528 4892 Ρ
1672 4827 1741 4876 28
1779 4819 2221 4893 praepositiones
2256 4839 2356 4879 om.
2401 4823 2474 4876 M
2470 4841 2516 4893 Ρ
2605 4833 2609 4837 “
