3613 5528
574 1298 661 1361 Ex
717 1299 920 1361 codice
976 1298 1418 1362 vindobonensi
1470 1295 1551 1362 16
1608 1300 1746 1384 olim
1802 1298 2082 1361 Bobiensi
2137 1306 2343 1361 octavo
2397 1298 2489 1360 vel
2548 1297 2729 1361 nono'
2759 1298 2996 1361 saeculo

400 1408 623 1487 scripto
667 1408 729 1467 in
776 1406 1057 1468 analectis
1102 1408 1497 1487 grammaticis
1543 1404 2099 1468 vindobonensibus
2145 1405 2302 1468 edita
2358 1415 2500 1468 sunt
2554 1407 2879 1485 fragmenta
2924 1404 2998 1466 de

399 1513 742 1575 accentibus
788 1533 843 1594 p.
898 1511 1044 1596 142,
1105 1514 1177 1575 de
1225 1514 1439 1576 litteris
1485 1533 1620 1577 cum
1666 1513 2008 1574 definitione
2055 1514 2314 1593 partium
2370 1515 2514 1575 artis
2567 1513 3000 1596 grammaticae,

400 1622 498 1681 cui
545 1618 738 1700 Sergii
785 1638 1000 1681 nomen
1046 1623 1483 1701 praescriptum
1529 1629 1621 1682 est
1664 1641 1721 1701 p.
1773 1617 1897 1681 197
1907 1668 1926 1702 ,
1986 1620 2060 1681 de
2115 1619 2455 1681 nominibus
2511 1638 2649 1681 cum
2704 1621 3000 1700 excerptis

399 1729 735 1807 argumenti
779 1729 1144 1807 grammatici
1197 1748 1254 1808 p.
1302 1726 1434 1790 205
1481 1747 1636 1811 sqq.,
1693 1728 1765 1789 de
1823 1729 2084 1808 propriis
2130 1726 2469 1788 nominibus
2514 1747 2570 1808 p.
2618 1724 2767 1789 212.
2848 1745 2999 1807 quae

401 1835 725 1913 fragmenta
780 1836 842 1896 in
899 1833 1103 1896 codice
1159 1837 1336 1896 variis
1390 1835 1538 1897 locis
1603 1835 1919 1897 distributa
1984 1834 2292 1915 leguntur,
2356 1835 2396 1896 f.
2452 1832 2537 1896 47
2604 1833 2677 1895 de
2740 1837 3002 1915 propriis

401 1941 767 2003 nominibus:
821 1941 860 2003 f.
907 1938 994 2003 49
1051 1941 1125 2003 de
1181 1942 1525 2004 accentibus
1581 1950 1716 2004 ante
1772 1951 2050 2023 excerpta
2106 1941 2179 2003 de
2236 1943 2445 2003 metris
2497 1959 2744 2021 gramm.
2798 1940 2894 2002 lat.
2948 1959 3000 2002 v.

399 2046 475 2108 Vl
522 2067 576 2127 p.
625 2045 752 2109 617
801 2068 818 2110 t
866 2050 903 2110 t'.
951 2044 1039 2110 55
1085 2049 1158 2110 de
1206 2049 1475 2129 partibus
1521 2052 1665 2111 artis
1722 2051 2135 2129 grammaticae
2193 2055 2255 2109 et
2307 2047 2383 2109 de
2440 2048 2656 2110 litteris
2710 2055 2847 2109 ante
2902 2067 3000 2109 ex-

401 2163 606 2235 cerpta
653 2153 940 2216 Victorini
984 2174 1227 2235 gramm.
1273 2154 1370 2216 lat.
1409 2175 1460 2218 v.
1498 2155 1572 2217 VI
1608 2176 1664 2238 p.
1703 2155 1866 2240 XIX,
1914 2156 2059 2218 anal.
2096 2155 2338 2218 Vindob.
2371 2155 2555 2237 praes.
2592 2175 2648 2236 p.
2677 2154 2731 2215 X
2760 2175 2776 2216 ε
2803 2156 2843 2216 f.
2878 2151 3002 2216 156
3051 2203 3057 2210 .

401 2260 473 2321 de
513 2261 880 2343 nominibus,
917 2264 1014 2322 cui
1051 2265 1206 2343 parti
1242 2262 1454 2324 deinde
1492 2265 1554 2325 in
1593 2263 1775 2325 altera
1815 2263 2078 2325 eiusdem
2109 2262 2485 2324 membranae
2513 2263 2725 2342 pagina
2752 2262 2792 2322 f.
2826 2256 3003 2324 156*

401 2377 463 2429 et
523 2370 585 2428 in
650 2386 717 2429 ea
779 2387 927 2449 quae
985 2388 1123 2430 cum
1177 2370 1286 2431 hac
1352 2370 1629 2432 cohaeret
1693 2371 1731 2432 f.
1794 2367 1920 2432 159
1976 2371 2498 2451 interpretationes
2562 2368 2849 2449 quaedam
2913 2367 3005 2429 vel

401 2473 629 2554 glossae
675 2475 1099 2538 vocabulorum
1147 2479 1455 2539 maximam
1503 2486 1732 2558 partem
1780 2477 1851 2539 ad
1899 2476 2246 2559 Vergilium,
2293 2476 2629 2559 Horatium,
2682 2475 3006 2559 Lucanum,

402 2579 764 2664 Iuvenalem,
808 2602 1029 2665 paucae
1077 2586 1255 2646 etiam
1292 2584 1364 2645 ad
1404 2584 1746 2647 Sallustium
1783 2587 2154 2665 pertinentes
2193 2583 2493 2645 subiectae
2533 2593 2698 2666 sunt,
2744 2585 2817 2645 cf.
2857 2582 3004 2645 anal.

402 2686 648 2748 Vindob.
694 2692 878 2770 praef.
926 2709 983 2772 p.
1021 2689 1129 2773 XI,
1174 2690 1496 2753 Endlicher
1533 2692 1660 2753 cod.
1697 2691 1795 2753 lat.
1836 2690 1973 2752 bibl.
2014 2689 2178 2752 Vind.
2214 2710 2271 2772 p.
2311 2688 2458 2752 222.
2550 2710 2623 2752 ex
2669 2692 2763 2752 his
2807 2699 3004 2752 autem

403 2813 472 2856 ea
526 2814 679 2875 quae
737 2795 944 2858 ultimo
998 2796 1130 2858 loco
1186 2799 1668 2880 commemoravi,
1730 2806 2047 2879 propterea
2104 2796 2262 2877 quod
2317 2797 2387 2858 ad
2452 2800 3005 2878 interpretationem

402 2904 603 2983 potius
641 2911 909 2964 veterum
948 2906 1308 2984 scriptorum
1347 2923 1524 2985 quam
1560 2904 1630 2966 ad
1669 2906 2112 2986 grammaticam
2147 2912 2337 2965 artem
2373 2914 2670 2986 spectant,
2707 2923 2740 2965 a
2776 2907 3005 2967 ratione

405 3010 645 3090 quidem
689 3010 868 3071 huius
914 3013 1113 3091 operis
1159 3010 1349 3073 aliena
1385 3020 1557 3072 erant
1592 3059 1606 3073 .
1645 3011 1748 3072 sed
1788 3013 2069 3092 quoniam
2105 3010 2251 3071 haec
2288 3030 2527 3092 quoque
2565 3011 2638 3071 ab
2676 3011 3006 3074 editoribus

405 3120 701 3200 superiori
746 3120 902 3198 parti
949 3126 1247 3198 tamquam
1294 3127 1573 3198 excerpta
1628 3120 1962 3198 argumenti
2017 3120 2385 3196 grammatici
2440 3120 2780 3181 continuata
2835 3126 3008 3180 erant

407 3243 598 3305 neque
644 3227 706 3285 in
754 3225 976 3287 scholia
1023 3233 1360 3308 poetarum,
1406 3245 1556 3305 quae
1603 3243 1762 3286 nunc
1800 3223 2116 3307 habemus,
2161 3233 2398 3307 recepta
2437 3232 2602 3308 sunt,
2650 3245 2768 3288 non
2805 3229 3007 3308 putavi

406 3350 474 3393 ea
519 3331 848 3393 omittenda
893 3350 1056 3416 esse,
1099 3335 1452 3413 praesertim
1498 3351 1633 3393 cum
1671 3350 1791 3393 non
1831 3330 2018 3414 nulla,
2064 3350 2215 3412 quae
2253 3334 2537 3394 memoria
2572 3333 2729 3395 haud
2765 3334 3007 3413 indigna

406 3447 575 3519 sunt,
619 3441 680 3499 in
718 3441 793 3499 iis
829 3440 1222 3501 inveniantur.
1302 3458 1511 3501 versus
1548 3447 1886 3521 poetarum,
1932 3438 2004 3499 ad
2043 3458 2194 3518 quos
2229 3439 2638 3502 adnotationes
2675 3440 3007 3522 adscriptae

406 3556 603 3629 erant,
648 3548 897 3607 maxima
944 3565 1016 3606 ex
1065 3556 1232 3627 parte
1275 3547 1577 3627 diligentia
1615 3545 2159 3609 vindobonensium
2198 3545 2497 3608 editorum
2532 3548 2776 3610 indicati
2812 3556 3008 3630 erant3

406 3671 625 3733 paucos
673 3656 799 3732 ipse
848 3652 1062 3713 addidi.
1152 3653 1441 3715 lectiones
1499 3652 1720 3714 codicis
1767 3650 2077 3714 Bobiensis
2134 3673 2205 3713 ex
2254 3636 2692 3716 vindobonensi
2747 3656 3005 3718 editione

406 3762 671 3840 repetivi.

841 4083 1169 4153 INCIPIT
1214 4084 1333 4152 DE
1384 4084 1614 4151 ARTE
1660 4082 2248 4152 GRAMMATICA
2295 4084 2584 4153 SERGII

406 4212 452 4252 p.
480 4203 557 4244 19⁷
584 4202 656 4243 aa.
683 4201 820 4243 vina.

583 4288 696 4349 Ars
740 4290 1122 4369 grammatica
1168 4288 1462 4348 institutio
1509 4286 1803 4347 sermonis
1841 4287 2035 4365 periti.
2118 4285 2264 4348 haec
2301 4286 2394 4346 his
2430 4285 2612 4347 rebus
2651 4287 3007 4367 continetur,

405 4393 649 4478 litteris,
703 4393 968 4478 syllabis,
1029 4392 1401 4475 accentibus,
1463 4391 1744 4474 pedibus,
1770 4402 1780 4413 ·
1809 4390 1937 4451 VIII
2001 4392 2272 4473 partibus
2334 4394 2646 4476 orationiS,
2708 4392 3009 4476 anomalis,

405 4503 593 4587 vitiis,
667 4502 900 4584 figuris,
974 4501 1280 4576 clausulis,
1355 4501 1588 4582 metris,
1664 4498 2041 4582 etymologia,
2114 4499 2558 4581 orthographia,
2640 4502 3008 4581 expositione

581 4673 639 4729 B
674 4674 843 4730 codar
877 4674 1197 4741 Bobiensis,
1233 4688 1385 4729 nunc
1431 4671 1866 4727 Vindobonensis
1900 4675 1975 4726 16

582 4771 616 4810 v
652 4755 820 4810 editio
868 4754 1302 4811 Vindobona-sis

476 4921 518 4971 4
549 4835 929 4972 οῗωῖιῶωὲἱε
954 4852 989 4891 υ
1015 4834 1263 4890 anomali
1285 4877 1298 4891 .
1317 4851 1384 4887 us
1419 4833 1495 4904 (h.
1523 4849 1570 4889 e.
1606 4833 1979 4903 anomalibus)
2014 4833 2072 4888 B
2101 4876 2114 4890 .
2142 4833 2375 4902 fou-tasse
2401 4831 2696 4888 anomaliis
2726 4831 2819 4887 vel
2852 4832 3010 4889 vitiis

512 5025 824 5057 omnum
850 5024 1024 5055 laum
1052 5023 1139 5055 vn.
2514 5008 2584 5057 35
