3613 5528
601 1345 686 1407 De
751 1345 1103 1408 differentiis
1166 1345 1588 1408 vocabulorum
1647 1345 1832 1408 multa
1888 1363 1922 1406 a
1974 1348 2372 1426 grammaticis
2435 1347 2659 1426 scripta
2723 1353 2888 1427 sunt,
2952 1363 3025 1406 ex

425 1452 642 1534 quibus
697 1471 765 1514 ea
820 1471 971 1533 quae
1025 1452 1346 1514 Putschius
1399 1472 1457 1534 p.
1514 1450 1687 1515 2191
1747 1471 1874 1533 sqq.
1932 1452 2117 1514 edidit
2171 1455 2398 1535 recepi,
2462 1452 2683 1533 nequid
2738 1451 2897 1532 quod
2952 1450 3024 1512 ab

423 1559 523 1620 illo
570 1560 796 1621 editum
843 1568 1003 1621 esset
1046 1562 1110 1622 in
1156 1578 1306 1621 nova
1349 1563 1872 1640 grammaticorum
1909 1559 2168 1622 editione
2206 1563 2336 1623 iure
2376 1560 2817 1622 desideraretur
2848 1608 2861 1621 .
2891 1577 3025 1620 nam

424 1667 657 1729 Alcuini
710 1671 1176 1750 grammaticam,
1242 1686 1419 1748 quam
1473 1670 1671 1751 omisi,
1737 1687 1855 1729 non
1921 1676 2066 1749 puto
2122 1686 2154 1728 a
2211 1686 2508 1749 quoquam
2574 1670 2731 1729 inter
2793 1677 3025 1729 veteres

422 1778 837 1854 grammaticos
902 1775 1230 1837 desiderari
1287 1823 1300 1836 .
1356 1776 1608 1837 alterum
1672 1783 1870 1837 autem
1928 1775 2000 1836 de
2056 1774 2407 1836 differentiis
2460 1774 2707 1856 librum,
2773 1776 2875 1855 qui
2935 1783 3026 1835 est

423 1880 579 1962 apud
632 1881 983 1944 Putschium
1037 1901 1093 1963 p.
1149 1879 1324 1944 2203
1380 1901 1535 1965 sqq.,
1597 1881 1877 1962 Hagenus
1932 1882 2135 1944 anecd.
2191 1881 2415 1944 Helvet.
2470 1900 2526 1962 p.
2582 1878 2714 1944 275
2768 1899 2897 1961 sqq.
2953 1899 3026 1942 ex

422 1986 828 2051 Beruensihus
874 1989 1180 2052 codicibus
1226 1998 1467 2051 auctum
1514 1988 1699 2050 edidit
1739 2037 1752 2049 .
1791 1989 1948 2051 idem
1988 1990 2061 2051 de
2099 1989 2227 2050 aliis
2265 1989 2531 2050 eiusdem
2576 1991 2814 2069 generis
2859 1988 3028 2049 libris

423 2097 623 2156 infima
668 2105 860 2159 aetate
906 2099 1149 2178 scriptis
1194 2105 1256 2158 et
1301 2095 1374 2157 de
1421 2094 1726 2157 codicibus
1772 2097 1835 2157 in
1882 2095 2100 2176 quibus
2146 2098 2190 2157 ii
2235 2099 2459 2158 inventi
2514 2103 2656 2158 sunt
2709 2096 3029 2177 disputavit

423 2204 607 2283 praef.
653 2223 709 2285 p.
756 2202 958 2265 CXVII
1003 2222 1132 2285 sqq.
1223 2202 1328 2264 sed
1374 2202 1472 2263 illa
1518 2220 1668 2282 quae
1727 2203 1850 2264 dixi
1903 2205 1965 2264 in
2019 2212 2219 2264 vetere
2275 2203 2478 2264 codice
2525 2200 2804 2263 Bobiensi
2867 2220 3028 2263 nunc

422 2309 804 2391 Neapolitano
841 2310 916 2372 IV
954 2312 1000 2370 A
1040 2308 1082 2374 8
1117 2319 1254 2391 post
1290 2309 1542 2371 Charisii
1586 2312 1732 2371 artis
1768 2311 2183 2390 grammaticae
2220 2309 2438 2371 librum
2486 2311 2760 2389 quintum
2805 2310 3026 2389 scripta

423 2426 590 2498 sunt,
670 2417 774 2479 ubi
845 2418 1053 2479 ordine
1129 2416 1602 2479 membranarum
1685 2415 2034 2497 perturbato
2107 2426 2168 2478 et
2239 2418 2607 2497 interpositis
2682 2417 3026 2496 fragmentis

424 2522 674 2584 Charisii
720 2533 780 2585 et
828 2519 1017 2585 Servii
1064 2523 1137 2585 de
1185 2527 1418 2606 metriS,
1464 2526 1620 2584 sicut
1664 2525 1725 2583 in
1772 2521 2172 2604 descriptione
2220 2499 2367 2586 eius*
2388 2523 2611 2585 codicis
2649 2542 2892 2604 gramm.
2929 2524 3025 2586 lat.

423 2649 475 2690 v.
520 2629 546 2691 1
591 2649 646 2711 p.
695 2630 775 2691 XI
822 2649 950 2711 sqq.
997 2631 1144 2712 dixi,
1189 2634 1250 2692 in
1297 2630 1491 2693 tribus
1536 2632 1765 2711 paginis
1815 2630 1852 2690 s.
1890 2628 2027 2692 37*
2074 2639 2135 2692 et
2181 2631 2218 2691 s.
2265 2628 2350 2693 39
2399 2630 2680 2712 leguntur
2727 2680 2740 2693 .
2787 2633 2848 2691 in
2896 2634 3025 2712 ipso

424 2747 620 2800 tamen
665 2738 1137 2801 differentiarum
1182 2736 1380 2801 libello
1428 2739 1539 2799 ista
1585 2735 2066 2799 membranarum
2103 2737 2551 2819 perturbatione
2590 2738 2738 2800 nihil
2773 2740 3025 2820 periisse

423 2863 495 2905 ex
542 2820 617 2907 iis
663 2864 814 2925 quae
862 2845 961 2906 illo
1005 2846 1137 2907 loco
1184 2846 1340 2907 dicta
1388 2854 1530 2907 sunt
1584 2853 1829 2926 apparet
1876 2893 1888 2905 .
1937 2864 2074 2906 nam
2127 2852 2189 2906 et
2242 2847 2632 2925 praescriptio
2689 2847 2879 2926 posita
2935 2853 3028 2906 est

423 2955 483 3014 in
541 2961 805 3015 extrema
861 2955 1071 3034 pagina
1128 2953 1165 3013 s.
1212 2950 1295 3014 37
1345 2971 1413 3031 r.,
1468 2949 1635 3030 iucif)
1688 2951 1767 3013 n-c·
1814 2955 1910 3030 ρι’
1966 2953 2169 3014 Sec-un
2226 2954 2375 3028 diffe'
2426 2955 2616 3013 uerbo
2659 2960 2720 3014 et
2762 2956 3026 3026 nomina,

422 3059 479 3120 h.
519 3079 569 3121 e.
613 3064 915 3138 incipiunt
957 3062 1121 3121 hunc
1158 3063 1348 3137 plura
1393 3062 1726 3121 secundum
1773 3061 2187 3135 differentiam
2232 3063 2555 3121 verborum
2601 3067 2659 3120 et
2703 3063 3026 3135 nominum,

424 3170 521 3229 cui
576 3166 790 3228 deinde
846 3165 1225 3228 subiciuntur
1281 3166 1649 3228 differentiae
1708 3167 1744 3227 s.
1800 3164 1938 3228 37*
1996 3168 2169 3227 Inter
2223 3171 2507 3228 ultionem
2564 3184 2717 3248 sqq.,
2777 3173 2838 3226 et
2892 3166 3027 3226 finis

424 3276 720 3355 scriptura
765 3272 990 3334 codicis
1033 3273 1271 3335 videtur
1317 3274 1682 3353 significatus
1728 3291 1860 3335 esse
1909 3274 1946 3334 s.
1993 3269 2130 3335 39*
2186 3277 2384 3336 hostia
2438 3277 2636 3335 minor
2680 3307 2752 3332 ω
2796 3307 2867 3331 Ν
2912 3307 2983 3331 Ν
3011 3320 3025 3333 .

599 3379 687 3441 Ex
734 3379 943 3441 eodem
990 3380 1194 3441 codice
1242 3378 1332 3440 vel
1369 3398 1439 3440 ex
1479 3380 1817 3460 apographo
1856 3399 1928 3441 ex
1967 3399 2038 3441 eo
2076 3380 2230 3442 facto
2267 3379 2442 3442 Ianus
2478 3379 2830 3441 Parrhasius
2866 3380 3026 3442 hunc
3104 3370 3117 3377 ’

423 3488 643 3550 librum
689 3505 810 3549 una
857 3504 994 3548 cum
1040 3489 1332 3549 institutis
1367 3488 1586 3549 artium
1624 3497 1685 3548 et
1722 3487 2028 3549 catholicis
2063 3486 2247 3548 Probi
2283 3489 2512 3568 primus
2549 3486 2734 3548 edidit
2769 3485 3025 3548 Vicetiae

423 3614 472 3656 a.
524 3590 691 3657 1509
741 3596 916 3674 eique
962 3593 1282 3655 Frontonis
1328 3613 1542 3656 nomen
1590 3597 2003 3676 praescripsit,
2056 3596 2323 3656 Cornelii
2357 3596 2681 3656 Frontonis
2719 3597 2795 3655 de
2840 3598 3023 3656 nomi-

423 3720 564 3764 num
610 3703 1051 3778 verborumque
1095 3702 1487 3776 differentiis:
1533 3702 1608 3763 cf.
1654 3719 1898 3781 gramm.
1945 3701 2041 3763 lat.
2081 3721 2131 3762 v.
2169 3700 2245 3761 IV
2289 3719 2345 3781 p.
2384 3700 2464 3761 IX
2503 3749 2516 3762 .
2555 3703 2822 3781 quamvis
2867 3704 3026 3762 enim

424 3811 720 3890 scriptura
766 3808 990 3871 codicis
1026 3810 1086 3869 in
1126 3807 1285 3870 edito
1323 3808 1645 3889 exemplari
1680 3808 1853 3889 plane
1893 3816 2167 3870 accurate
2207 3826 2485 3889 expressa
2522 3827 2642 3869 non
2679 3810 2782 3890 sit,
2829 3817 3025 3869 tamen

423 3935 495 3977 ex
550 3916 663 3977 hoc
719 3934 839 3977 uno
895 3915 1100 3977 codice
1158 3914 1477 3976 editionem
1533 3914 1771 3977 ductam
1828 3934 1960 3977 esse
2016 3922 2249 3976 certum
2305 3924 2396 3976 est
2452 3962 2465 3975 .
2522 3915 2832 3976 manifesta
2897 3917 3026 3975 eius

423 4026 512 4084 rei
558 4024 774 4085 indicia
830 4032 1068 4104 praeter
1124 4022 1494 4103 corruptelas
1550 4032 1610 4084 et
1663 4022 1904 4084 lacunas
1961 4022 2183 4083 codicis
2238 4024 2297 4082 in
2346 4020 2605 4083 editione
2654 4022 2938 4102 repetitas
2983 4022 3025 4081 ii

424 4133 671 4191 maxime
718 4130 834 4191 loci
879 4129 1194 4211 praebent,
1249 4132 1312 4190 in
1368 4129 1585 4210 quibus
1631 4130 1847 4192 detrita
1891 4129 1984 4190 vel
2029 4128 2220 4190 deleta
2267 4128 2503 4190 defectu
2548 4126 3025 4193 membranarum

424 4240 719 4318 scriptura
766 4255 886 4298 non
935 4244 1098 4298 recte
1137 4235 1209 4297 ab
1247 4236 1475 4298 editore
1513 4235 1786 4318 suppleta
1822 4236 1913 4297 vel
1952 4235 2129 4297 verba
2166 4237 2532 4316 grammatici
2571 4252 2690 4295 non
2727 4233 3027 4296 intellecta

424 4346 678 4427 ratione,
726 4337 840 4424 qua
877 4347 939 4405 in
977 4342 1294 4405 scribendo
1331 4343 1610 4406 librarius
1649 4346 1737 4406 uti
1775 4352 2194 4417 consueverat,
2234 4344 2589 4423 transposita
2629 4350 2769 4403 sunt
2797 4389 2810 4402 .
2841 4359 3024 4421 quare

425 4449 683 4512 dubitari
730 4453 936 4531 nequit
981 4452 1127 4530 quin
1174 4469 1242 4511 ea
1288 4453 1484 4512 omnia
1542 4470 1693 4531 quae
1747 4454 1810 4512 in
1863 4453 2135 4532 principe
2191 4449 2449 4510 editione
2506 4448 2676 4510 aliter
2730 4458 2909 4528 atque
2964 4450 3026 4509 in

425 4575 600 4619 manu
666 4559 890 4638 scripto
954 4556 1107 4618 libro
1172 4556 1433 4619 exhibita
1496 4567 1637 4620 sunt
1701 4560 2078 4619 coniecturae
2143 4554 2234 4617 vel
2298 4555 2705 4636 neglegentiae
2780 4555 3026 4616 editoris

426 4664 737 4726 tribuenda
802 4667 940 4726 sint.
1030 4663 1330 4726 Parrhasii
1397 4665 1577 4726 editio
1639 4667 1848 4744 paucis
1912 4661 2575 4741 mutationibusstactis
2637 4664 2699 4722 in
2764 4662 3024 4723 editione

425 4773 783 4833 Ascensiana
828 4770 1126 4833 Diomedis
1172 4770 1542 4852 aliorumque
1588 4773 2107 4851 grammaticorum
2144 4788 2193 4830 a.
2237 4765 2406 4832 1516
2453 4771 2706 4850 repetita
2753 4777 2844 4830 est
2891 4817 2904 4830 .
2952 4787 3025 4829 ex

424 4878 533 4940 hac
598 4898 876 4960 expressa
941 4888 1035 4940 est
1096 4876 1454 4939 Basileensis
1518 4897 1568 4939 a.
1639 4872 1804 4939 1527
1867 4891 1895 4940 9
1944 4879 2019 4940 cf.
2083 4894 2324 4957 gramm.
2390 4877 2484 4938 lat.
2553 4896 2605 4937 V.
2671 4874 2744 4936 vl
2806 4896 2863 4956 p.
2928 4874 3023 4936 IX.
