3613 5528
1178 461 1529 522 EXEMPLA
1564 457 2100 521 emovi-lom
2815 453 2947 524 505

334 585 384 626 p.
414 567 508 611 25⁷.
537 570 617 611 258
643 565 696 610 12.
2590 595 2599 618 χ

518 656 722 728 Quoad
771 674 880 735 pro
926 655 1143 737 donec3
1189 653 1358 734 Verg.
1408 654 1549 715 Aen.
1598 651 1703 713 XII
1750 652 1940 727 (147)
1998 650 2227 732 quoad
2285 652 2434 711 visa
2489 658 2598 712 est
2655 650 2947 711 fortuna

340 766 519 846 pati,
567 762 679 824 Sal.
729 762 850 842 lug.
900 763 1146 841 (41,10)
1193 761 1427 842 quoad
1474 770 1699 822 semet
1743 763 1899 840 ipsa
1944 759 2462 839 praecipitavit
2507 805 2520 818 .

522 869 677 941 Quid
725 869 982 931 hominis
1028 880 1120 931 est
1164 888 1273 950 pro
1322 868 1513 948 qualis
1567 867 1744 928 homo
1798 877 1916 949 est,
1976 865 2109 927 Ter.
2157 864 2333 946 Hecy.
2382 867 2451 938 (I
2461 865 2513 925 V
2551 864 2723 940 421)
2780 863 2946 943 quid

345 976 677 1039 mulieris
723 995 1014 1039 uxorem
1062 974 1324 1038 habes?

292 1095 318 1135 δ
523 1084 787 1156 Quadrat
831 1087 892 1145 in
950 1083 1141 1166 illum,
1200 1083 1319 1144 Cic.
1365 1101 1475 1163 pro
1523 1081 1719 1143 Caelio
1768 1081 2021 1157 (29,69)
2078 1083 2220 1141 nisi
2274 1082 2506 1141 omnia
2563 1097 2740 1159 quae
2795 1097 2949 1141 cum

347 1190 802 1272 turpitudine
842 1191 1080 1270 aliqua
1118 1189 1545 1251 dicerentur
1581 1191 1652 1251 in
1689 1191 1897 1251 istam
1935 1187 2288 1268 quadrare
2318 1196 2478 1268 apte
2509 1186 2949 1248 viderentur.

525 1297 792 1378 Quisque
837 1316 977 1360 suos
1025 1302 1343 1376 patiamur
1387 1316 1507 1375 pro
1565 1305 1801 1378 nostros
1856 1298 2175 1377 patiamur,
2230 1294 2398 1375 Verg.
2445 1297 2587 1356 Aen.
2637 1294 2709 1355 VI
2756 1296 2950 1370 (743)

349 1407 655 1484 quisque
703 1424 870 1467 suos
915 1407 1270 1486 patiamur
1314 1423 1606 1466 amores,
1647 1407 1656 1480 Ι

525 1511 842 1592 Relegatus
888 1515 950 1573 in
997 1511 1162 1574 illum
1208 1512 1434 1593 locum,
1481 1512 1595 1572 Sal.
1641 1510 1776 1574 hist.
1825 1510 1850 1571 1
1899 1511 2209 1590 relegati
2253 1512 2322 1571 in
2369 1509 2685 1591 paludes

179 1673 194 1682 .
274 1634 324 1672 10
524 1619 830 1681 Recordor
875 1619 948 1681 de
994 1619 1125 1700 illo,
1173 1619 1290 1681 Cic.
1338 1639 1447 1700 pro
1495 1619 1720 1681 Scauro
1768 1619 1913 1693 (49)
1960 1618 2043 1680 de
2090 1628 2157 1680 te
2214 1617 2561 1678 recordor
2608 1664 2620 1677 .
2670 1617 2953 1677 recordor

352 1725 544 1808 illum,
590 1726 759 1807 Verg.
807 1727 948 1789 Aen.
997 1726 1126 1787 VIII
1176 1728 1361 1802 (156)

671 1841 740 1894 et
787 1852 1025 1894 vocem
1073 1833 1424 1895 Anchisae
1472 1836 1704 1913 magni
1749 1833 2169 1912 vultumque
2216 1831 2565 1893 recordor
2612 1881 2624 1893 .

527 1939 789 2002 Resonat
833 1959 1073 2002 carmen
1116 1941 1312 2023 locus,
1357 1941 1525 2021 Verg.
1572 1940 1704 2002 buc.
1753 1941 1909 2019 (1,5)

744 2049 1123 2109 formosam
1172 2067 1512 2110 resonare
1559 2048 1772 2109 doces
1818 2047 2247 2128 Amaryllida
2292 2047 2511 2109 silvas
2557 2096 2571 2110 .

276 2169 328 2209 ιε»
357 2162 593 2216 resonat
656 2157 915 2216 carmine
990 2155 1182 2232 locus,
1255 2156 1412 2217 idem
1476 2156 1618 2218 Aen.
1682 2154 1789 2215 1111
1854 2155 2049 2229 (668)
2122 2149 2447 2216 resonat*
2488 2154 2954 2235 plangoribus

357 2259 605 2322 aether
643 2309 657 2322 .
696 2272 935 2323 resonat
968 2261 1066 2323 ille
1106 2265 1366 2324 carmine
1404 2262 1567 2324 illum
1607 2261 1829 2343 locum,
1874 2262 2031 2321 idem
2072 2261 2210 2323 Aen.
2241 2261 2340 2322 VII
2370 2263 2502 2336 (11)
2540 2264 2955 2324 inaccessos

359 2367 478 2429 ubi
526 2367 713 2430 Solis
761 2370 917 2430 filia
964 2369 1164 2430 lucos
1210 2369 1498 2430 assiduo
1545 2377 1839 2430 resonat
1885 2377 2095 2430 cantu
2145 2416 2159 2429 .

536 2474 775 2554 Refugit
830 2475 902 2537 ab
959 2476 1057 2537 illa
1113 2495 1207 2558 re,
1261 2475 1430 2554 Verg.
1486 2475 1627 2536 Aen.
1686 2473 1765 2535 ΠΙ
1823 2475 2014 2549 (536)
2079 2476 2495 2557 refugitque
2560 2477 2641 2538 ab
2702 2477 2955 2539 littore

358 2580 697 2663 templum
735 2632 748 2645 .
787 2585 1010 2664 refugit
1052 2583 1210 2645 illam
1258 2601 1411 2665 rem,
1459 2582 1614 2644 idem
1651 2582 1792 2643 Aen.
1833 2581 1933 2642 vn
1971 2582 2155 2657 (618)
2201 2602 2641 2665 aversusque
2687 2588 2960 2666 refugit

280 2705 337 2746 so
362 2691 568 2753 foeda
612 2694 1024 2754 ministeria
1066 2740 1079 2753 .
1129 2693 1349 2772 refugit
1385 2690 1485 2752 illa
1522 2693 1615 2752 sui
1651 2700 1851 2773 parte,
1895 2690 2054 2751 idem
2090 2710 2249 2772 geor.
2287 2689 2312 2750 1
2352 2692 2541 2766 (442)
2580 2694 2956 2774 medioque

362 2800 722 2879 refugerit
767 2798 942 2861 orbe
992 2847 1003 2861 .

539 2905 771 2968 Recens
815 2907 887 2968 ab
933 2906 1030 2967 illa
1077 2925 1171 2987 re,
1218 2904 1388 2985 Verg.
1434 2907 1575 2973 Aen,
1625 2904 1695 2965 vl
1744 2906 1938 2980 (450)
1994 2923 2251 2967 recens
2298 2924 2331 2966 a
2376 2905 2672 2969 vulnere
2720 2908 2897 2969 Dido
2945 2956 2958 2969 .

269 3072 274 3078 .
363 3030 574 3074 recens
619 3013 718 3074 illo
765 3012 922 3094 loco,
969 3012 1088 3075 Cic.
1135 3012 1344 3093 Philip.
1392 3011 1417 3072 1
1465 3012 1624 3087 (228)
1671 3032 1750 3073 ex
1806 3013 1918 3073 his
1973 3012 2256 3092 quidam
2302 3012 2514 3075 Roma
2561 3026 2900 3077 recentes
2947 3064 2960 3077 .

540 3119 870 3199 Requiesco
916 3119 1058 3181 illud
1110 3130 1368 3201 tempuS,
1415 3119 1584 3200 Verg.
1631 3120 1763 3181 buc.
1812 3122 2015 3197 (1,80)

284 3240 338 3281 25
586 3228 697 3289 hic
747 3235 976 3289 tamen
1022 3227 1200 3289 hanc
1245 3246 1513 3288 mecum
1559 3230 1838 3307 poteris
1884 3231 2355 3308 requiescere
2404 3238 2688 3291 noctem
2733 3252 2749 3292 :

547 3470 725 3527 Codex
761 3471 1055 3563 Rarrhasii
1127 3477 1159 3526 ὅ
1197 3470 1478 3537 Quadrate
1515 3472 1574 3526 in
1609 3471 1766 3526 illam
1794 3488 1932 3528 corr.
1963 3471 2216 3538 Quadrat
2238 3473 2299 3528 in
2326 3474 2487 3529 illum
2630 3481 2663 3529 6
2692 3475 2965 3544 quadrare

367 3625 518 3695 apud
553 3625 611 3679 te
646 3624 929 3680 videretur
1082 3631 1111 3678 7
1152 3625 1399 3695 Quisque
1437 3627 1652 3680 nostros
1689 3625 1974 3695 patiamur
2011 3666 2023 3680 .
2062 3642 2212 3695 verg.
2251 3643 2371 3681 aen.
2411 3625 2464 3680 V
2623 3632 2655 3681 9
2699 3556 2969 3698 {5325}ss

366 3704 427 3759 in
462 3705 621 3759 illum
656 3705 842 3760 locum
881 3747 894 3760 .
933 3705 1031 3760 sal.
1070 3704 1199 3761 hist.
1239 3707 1284 3761 1-
1323 3705 1562 3775 Relegat
1595 3704 1655 3760 in
1690 3705 1953 3777 paludes!
2002 3707 2066 3760 in
2102 3708 2286 3775 primo
2321 3722 2480 3761 versu
2514 3723 2686 3762 novae
2722 3709 2968 3779 payimze

370 3786 544 3840 solum
578 3786 797 3857 relegat
830 3787 1123 3855 scriptum,
1158 3788 1372 3857 reliqua
1398 3802 1540 3855 pars
1573 3801 1759 3841 versus
1792 3803 1973 3842 vacua
2007 3787 2199 3841 relicta
2233 3792 2311 3842 est
2454 3792 2522 3842 14
2557 3787 2861 3844 formosum

372 3873 437 3922 16
473 3864 595 3938 ille]
633 3867 733 3921 illo
877 3865 1006 3937 VII]
1046 3864 1177 3920 VIII
1320 3866 1604 3922 inacessos
1747 3872 1818 3921 20
1854 3867 1905 3939 Ι]
1944 3866 1998 3921 Π
2139 3872 2207 3920 22
2244 3864 2347 3938 VI]
2384 3866 2491 3921 VII

548 4076 576 4124 1
617 4088 732 4139 qua.
773 4072 896 4128 visa
943 4075 1029 4127 est
1072 4073 1275 4128 codices
1322 4071 1576 4141 Vergilii,
1623 4072 1683 4126 et
1728 4068 1960 4140 quidam
1996 4073 2197 4140 putant,
2231 4069 2543 4142 Vergilium
2594 4072 2804 4142 ‘quoad
2851 4072 2970 4129 visa.

370 4153 458 4205 est
492 4150 742 4206 fortuna’
783 4151 1099 4222 reliquisse,
1148 4155 1213 4207 ut
1256 4152 1332 4207 sit
1379 4152 1584 4221 ‘quoad
1621 4152 1742 4207 visa
1777 4150 1885 4205 est’
1925 4168 2100 4220 usque
2137 4169 2204 4208 eo
2242 4152 2466 4207 Servius
2626 4160 2659 4208 6
2696 4154 2968 4223 quadrare

370 4232 501 4300 apte
545 4230 867 4286 viderentur
915 4230 1100 4287 Cicero
1268 4238 1297 4285 7
1340 4232 1586 4302 Quisque
1631 4232 1887 4287 nostrum
1930 4231 2177 4300 patimur
2222 4231 2376 4301 Virg.
2426 4233 2563 4288 Aen.
2609 4232 2688 4287 VI
2733 4231 2968 4301 quisque

369 4326 500 4365 suos
535 4310 783 4380 patimur
818 4327 1000 4366 mores
1036 4328 1102 4365 ex
1143 4310 1193 4365 G
1230 4312 1402 4366 edidit
1429 4311 1849 4367 Lindemannus
1990 4317 2023 4365 8
2062 4311 2297 4380 quisque
2335 4328 2461 4366 suos
2495 4310 2742 4381 patimur
2777 4329 2969 4368 manes

382 4389 658 4461 Verqilius
827 4397 859 4446 9
899 4390 1136 4460 Relegat
1169 4392 1228 4446 in
1264 4391 1425 4445 illum
1462 4390 1646 4447 locum
1686 4390 1796 4446 Sal.
1836 4390 1965 4446 hist.
2004 4391 2029 4443 I
2063 4390 2303 4461 Relegat
2336 4391 2395 4445 in
2432 4391 2664 4461 paludes
2703 4393 2778 4446 M
2810 4393 2970 4448 Rele-

369 4470 473 4539 gat
513 4469 598 4524 illi
645 4470 768 4526 loco
806 4471 959 4541 Virg.
1002 4472 1136 4526 Aen.
1174 4469 1278 4525 VII
1324 4470 1398 4524 Et
1432 4471 1726 4542 Nymphae
1762 4470 2000 4541 Egeriae
2036 4470 2363 4541 nemorique
2398 4470 2764 4541 (memorique
2800 4473 2974 4527 edidit

372 4550 811 4621 Lindemannus)
874 4552 1094 4621 relegat
1154 4552 1395 4622 Relegat
1465 4551 1524 4605 in
1595 4551 1756 4605 illum
1821 4550 2007 4607 locum
2071 4550 2203 4606 Sall.
2268 4550 2472 4608 Histor.
2530 4551 2555 4604 Ι
2609 4551 2850 4623 Relegat
2912 4551 2971 4606 in

371 4630 605 4699 paludes
652 4631 703 4685 G
743 4675 753 4686 .
793 4633 977 4688 eadem
1023 4633 1276 4701 loquutur
1319 4635 1384 4686 in
1430 4632 1610 4686 codice
1657 4629 2025 4685 Perizoniano
2073 4671 2084 4684 .
2132 4631 2418 4699 lacunam,
2463 4648 2603 4701 quae
2646 4632 2711 4685 in
2754 4630 2971 4700 Neapo-

374 4713 549 4766 litano
595 4713 774 4767 codice
817 4713 1108 4768 videbatur
1152 4713 1402 4767 indicata
1449 4728 1583 4778 esse,
1637 4711 1827 4765 addito
1876 4712 2114 4779 exemplo
2171 4710 2402 4780 Veryilii
2443 4711 2605 4776 (Aen.
2663 4709 2798 4764 VII
2840 4712 2975 4777 775)

371 4791 758 4861 suppleverunt
796 4794 940 4849 Itali
1086 4792 1196 4848 Sal.
1235 4791 1363 4848 hist.
1401 4791 1448 4861 Ι]
1485 4793 1551 4845 in
1585 4791 1833 4845 oratione
1867 4790 2070 4860 Lepidi
2094 4791 2136 4861 5
2164 4795 2241 4846 23
2277 4790 2515 4860 relegat-i
2549 4790 2609 4845 in
2647 4792 2879 4860 paludes
2916 4795 2976 4849 et

373 4872 545 4928 silvas
693 4879 755 4928 15
793 4874 1020 4930 resonat
1055 4872 1271 4941 magnis
1309 4871 1671 4943 plangoribus
1707 4872 1904 4926 aether
1950 4870 2225 4941 Veryiliue
2384 4869 2739 4941 clangoribus
2780 4869 2831 4923 G

377 4959 444 5008 16
483 4956 705 5008 resonat
732 4953 829 5010 ille
858 4951 1105 5008 carmine
1131 4950 1294 5006 illum
1321 4952 1507 5006 locum
1535 4951 1837 5006 Houvemcs
1854 4968 1915 5020 p.
1946 4955 2020 5005 42
2164 4955 2233 5008 25
2262 4952 2487 5020 poteras
2514 4951 2718 5006 codices
2746 4951 2978 5020 Veryilii

484 5061 793 5093 omn-1101
821 5062 994 5093 rmum
1033 5061 1118 5093 vn.
2483 5045 2550 5094 33
