3613 5528
1368 447 1464 503 DE
1505 446 2081 503 ORTHOGRAPHIA
2951 445 3032 507 13

430 563 472 600 p.
499 552 615 592 2251.
642 551 696 591 52
722 550 772 590 Ρ.

602 635 870 698 Redditis
916 654 1058 715 ergo
1108 635 1383 695 vitiorum
1431 634 1620 695 modis
1667 642 1728 694 et
1784 633 2215 695 emendationis
2271 630 2474 711 regula
2521 634 2817 712 exposita,
2872 637 3034 691 ante-

431 761 599 823 quam
638 742 709 804 ad
741 762 809 804 ea
850 745 1172 823 veniamus,
1201 744 1358 802 circa
1397 758 1547 820 quae
1586 739 1974 802 scribentium
2017 757 2188 801 error
2216 741 2384 818 argui
2423 737 2591 819 solet,
2628 739 3036 799 necessarium

425 859 701 931 putamus
755 858 892 911 ante
960 850 1370 928 cognationem
1431 846 1729 927 explicare
1798 847 2161 928 litterarum,
2221 847 2497 924 quoniam
2557 844 2735 906 huius
2795 861 3033 923 quoque

425 958 635 1019 notitia
678 954 1109 1018 haesitantibus
1155 973 1331 1035 saepe
1379 963 1707 1016 succurrat.
1790 953 2024 1014 vocales
2070 955 2268 1032 itaque
2313 954 2471 1013 inter
2518 970 2582 1012 se
2628 953 2853 1014 mutuis
2898 952 3037 1010 vici-

374 1072 399 1113 ⁶
424 1063 537 1126 bus
584 1068 646 1126 in
684 1063 1077 1125 declinatione
1118 1063 1475 1144 funguntur,
1520 1070 1589 1123 ut
1627 1079 1734 1140 ago
1775 1062 1785 1138 Ι
1829 1063 1948 1141 egi,
1997 1068 2172 1139 tango
2210 1060 2409 1142 tetigi,
2456 1059 2590 1120 salit
2628 1059 2809 1141 exilit,
2848 1056 3041 1118 salsus

426 1170 705 1232 insulsus.
779 1169 939 1250 quod
990 1187 1109 1231 non
1147 1169 1344 1228 minus
1392 1169 1452 1229 in
1491 1166 1966 1229 extremitatibus
2004 1169 2307 1228 nominum
2348 1175 2616 1248 apparet,
2665 1184 2800 1228 cum
2848 1167 3045 1226 iustus

425 1279 565 1339 iusti
619 1280 776 1340 iusto
831 1278 991 1338 iuste
1048 1276 1301 1337 dicimus
1348 1276 1451 1335 uni
1510 1273 1741 1336 litterae
1791 1272 2044 1334 subinde
2092 1271 2553 1334 succedentibus
2600 1273 2837 1333 ceteris.
2933 1289 3045 1331 nec

428 1386 623 1446 minus
668 1391 1096 1463 consonantes,
1144 1391 1212 1443 ut
1258 1383 1285 1441 l·
1324 1389 1384 1441 et
1431 1379 1496 1441 h:
1544 1389 1797 1460 utraque
1839 1382 1993 1440 enim
2044 1385 2135 1439 est
2181 1378 2372 1440 ssatus.
2446 1397 2629 1458 quare
2676 1397 2853 1458 quem
2892 1378 3043 1437 anti-

428 1493 528 1569 qui
582 1491 821 1573 iircum,
880 1508 992 1551 nos
1046 1488 1312 1568 hircum,
1365 1497 1426 1547 et
1472 1504 1647 1566 quam
1694 1486 1906 1547 Falisci
1965 1485 2202 1567 habam,
2258 1503 2368 1545 nos
2424 1482 2614 1545 sabam
2663 1482 3045 1564 appellamus,

358 1610 405 1647 10
430 1606 487 1659 et
532 1616 710 1677 quem
756 1599 988 1676 antiqui
1034 1595 1334 1675 sariolum,
1380 1611 1490 1654 nos
1534 1592 1845 1655 hariolum.
1927 1596 2070 1654 item
2117 1592 2137 1652 l
2174 1600 2235 1653 et
2271 1589 2306 1650 d
2355 1600 2417 1654 et
2460 1610 2492 1652 r
2530 1600 2591 1653 et
2627 1610 2687 1673 s,
2733 1593 2906 1652 cuius
2953 1592 3042 1652 rei

433 1706 747 1765 maximum
795 1712 1212 1783 argumentum
1250 1709 1374 1782 est,
1419 1699 1578 1779 quod
1626 1698 1810 1781 balbi,
1856 1701 1961 1778 qui
2007 1718 2038 1759 r
2084 1700 2418 1778 exprimere
2455 1717 2576 1759 non
2621 1705 2892 1778 possunt,
2938 1705 3041 1757 aut

431 1809 449 1870 l
493 1810 701 1872 dicunt
746 1819 849 1871 aut
893 1828 951 1890 s,
998 1827 1109 1870 nec
1156 1809 1352 1868 minus
1409 1806 1567 1886 quod
1623 1824 1797 1886 capra
1860 1824 1967 1886 per
2025 1805 2492 1866 deminutionem
2557 1804 2776 1884 capella
2829 1803 3049 1864 dicitur

375 1998 383 2005 .
433 1925 492 1977 et
538 1917 721 1977 l'rater
767 1915 1050 1977 fretellus.
1123 1918 1265 1976 item
1303 1913 1515 1976 Furios
1561 1913 1815 1973 dicimus
1862 1930 2013 1991 quos
2058 1911 2286 1989 antiqui
2322 1909 2561 1990 Fusios,
2606 1920 2668 1972 et
2719 1929 2851 1971 aras
2904 1928 3050 1989 quas

433 2022 517 2083 illi
561 2042 717 2104 asas,
763 2029 824 2083 et
872 2022 1024 2083 lares
1071 2040 1224 2102 quos
1271 2026 1361 2083 illi
1402 2020 1581 2103 lases,
1629 2022 1771 2081 item
1822 2019 2023 2080 sellam
2072 2035 2248 2098 quam
2295 2017 2379 2078 illi
2424 2017 2665 2078 seddam
2714 2016 2803 2094 [et
2849 2017 3047 2079 attulit

362 2142 411 2182 1⁵
438 2131 646 2191 attinet
692 2139 717 2192 t
770 2148 881 2210 pro
928 2130 965 2190 d
1023 2125 1459 2205 substitutum}
1544 2126 1758 2188 deinde
1805 2143 1866 2186 m
1913 2133 1974 2187 et
2019 2143 2058 2185 n
2105 2126 2487 2186 consentiunt
2552 2131 2612 2187 et
2658 2143 2845 2204 paene
2892 2124 3050 2186 idem

438 2245 674 2318 sonant,
724 2236 879 2298 unde
926 2233 1483 2316 distinguendorum
1531 2250 1817 2294 sonorum
1876 2233 2187 2312 utriusque
2244 2230 2475 2292 litterae
2523 2249 2699 2293 causa
2745 2250 2804 2292 m
2850 2231 3051 2292 dicere

438 2345 662 2423 antiqui
725 2344 1125 2423 praepositam
1186 2361 1225 2402 n
1290 2341 1522 2402 litterae
1588 2356 1764 2417 quam
1828 2357 1867 2400 n
1934 2337 2287 2399 maluerunt.
2377 2337 2491 2399 hoc
2554 2337 2810 2418 probant
2874 2339 3049 2398 etiam

438 2449 677 2532 Graeci,
753 2450 883 2530 qui,
958 2447 1059 2508 ubi
1136 2466 1245 2508 nos
1310 2464 1367 2506 m
1441 2438 1699 2506 litteram
1771 2447 2080 2526 ponimuS,
2153 2463 2192 2504 n
2271 2454 2529 2527 ponunt,
2598 2456 2667 2506 ut
2737 2443 3047 2524 graphium

578 2638 582 2642 *
615 2644 647 2693 6
674 2638 734 2692 in
763 2637 1209 2692 extremitatibus
1236 2637 1522 2692 nominum
1545 2653 1604 2707 p.
1626 2639 1721 2700 24,
1739 2639 1812 2689 19
1927 2641 1959 2688 8
1987 2632 2017 2686 f
2039 2634 2099 2687 et
2125 2634 2164 2687 h
2183 2638 2412 2702 p.11,4.
2435 2639 2617 2702 23,18
2757 2640 2819 2687 13
2849 2631 3048 2688 Furios

430 2734 493 2787 p.
529 2721 624 2785 23,
652 2722 723 2772 16
871 2722 937 2772 14
973 2716 1172 2773 sellam
1204 2733 1262 2785 p.
1301 2720 1396 2783 23,
1428 2720 1517 2772 17·
1645 2713 1864 2771 attullit
1889 2730 1951 2784 p.
1989 2718 2088 2781 26,
2118 2717 2189 2768 14

514 2838 667 2845 -fiffl

614 2903 647 2950 3
703 2895 1083 2966 cognitionem
1128 2895 1183 2948 Β
1372 2900 1407 2948 4
1460 2892 1723 2949 notitiam
1768 2891 2175 2948 haesitantibus
2219 2908 2385 2961 saepe
2432 2891 2753 2963 succupirat
2798 2894 2914 2947 ωΡ

440 2977 664 3030 mutuus
698 2975 780 3041 B,
827 2992 967 3031 corr.
1003 2974 1216 3031 mutuis
1263 2976 1295 3028 b
1425 2981 1455 3030 7
1504 2974 1603 3028 uni
1648 2973 1875 3028 litterae
1916 2972 2023 3026 Ρω
2060 2972 2178 3027 uim
2214 2972 2438 3028 litterae
2475 2974 2546 3030 Β.
2604 2992 2683 3029 an
2716 2991 2754 3027 u
2791 2972 3054 3027 litterae?

521 3067 601 3096 Suc

548 3107 874 3164 cedentibus
911 3107 967 3160 Β
1111 3114 1144 3163 8
1181 3109 1247 3162 ut
1282 3106 1309 3160 f
1341 3110 1401 3162 et
1434 3108 1473 3161 h
1516 3108 1622 3161 Ρω
1660 3108 1724 3161 ut
1757 3106 1899 3161 haec
1936 3105 2007 3159 Β.
2078 3104 2346 3160 Varronis
2381 3108 2448 3162 de
2482 3107 2511 3160 f
2542 3108 2728 3161 littera
2757 3111 3056 3176 praecepta

442 3190 696 3258 leyuntur
740 3188 808 3241 de
857 3188 892 3241 l.
931 3187 967 3241 l.
1017 3184 1069 3239 V
1109 3191 1184 3241 97
1227 3191 1278 3241 et
1324 3188 1481 3255 apud
1527 3186 1739 3241 Veliam
1784 3186 2040 3254 Longum
2084 3204 2146 3255 p.
2184 3191 2344 3242 2230
2389 3189 2672 3257 eodemque
2716 3193 2937 3242 auctore
2980 3188 3055 3240 ib.

434 3285 493 3337 Ρ.
522 3271 681 3324 2238
718 3266 868 3322 Serv.
907 3268 972 3320 in
1018 3266 1174 3335 Very.
1212 3268 1352 3322 Aen.
1402 3266 1535 3319 VII
1569 3271 1681 3321 695
1827 3265 1978 3321 enim
2015 3269 2081 3321 ut
2115 3266 2282 3321 flatus
2317 3267 2447 3321 BP
2480 3267 2630 3322 enim
2667 3271 2732 3323 ut
2769 3268 2932 3323 flatus
2970 3271 3059 3322 est

444 3369 505 3406 ω,
564 3366 641 3403 an
688 3349 925 3416 utraque
973 3346 1123 3401 enim
1168 3346 1443 3401 adflatur?
1489 3348 1560 3413 cf.
1611 3347 1772 3402 Varr.
1801 3362 1849 3399 r.
1878 3362 1925 3399 r.
1965 3346 2092 3398 ΙΙΙ
2126 3351 2178 3413 1,
2216 3352 2252 3401 6
2288 3365 2420 3403 nam
2458 3347 2653 3419 lingua
2687 3348 2876 3418 prisca.
2902 3350 2962 3401 et
2996 3347 3053 3401 in

443 3427 677 3483 Graecia
713 3425 900 3482 Aeolis
934 3425 1153 3482 Boeotii
1188 3426 1312 3504 sine
1348 3426 1562 3482 adflatu
1607 3428 1812 3481 vocant
1857 3423 2018 3480 collis
2057 3425 2240 3484 Tebas
2443 3436 2509 3484 10
2562 3427 2867 3498 hariolum]
2915 3425 3059 3482 ario-

442 3507 560 3562 lum
595 3508 651 3562 Β
845 3507 905 3562 et
937 3505 975 3560 d
1010 3523 1111 3562 om.
1152 3526 1196 3561 ω
1398 3513 1461 3561 11
1500 3507 1658 3563 balbi
1694 3506 1818 3577 qui]
1857 3505 1994 3561 alibi
2033 3506 2131 3575 qui
2167 3508 2223 3561 Β
2260 3510 2437 3579 aliqui
2476 3510 2600 3567 Ρω.
2656 3510 2726 3576 cf.
2770 3509 3057 3563 Plutarch.

443 3593 643 3659 quaest.
687 3586 846 3642 Rom.
894 3590 963 3641 54
1011 3585 1110 3641 καὶ
1154 3582 1218 3641 τὸ
1266 3589 1297 3641 1.
1342 3582 1513 3643 πάλιν
1557 3594 1677 3650 τοῖς
1722 3581 2200 3642 ἀπολισθαίνουσι
2245 3590 2346 3644 τοῦ
2394 3610 2427 3658 ο
2474 3584 2546 3645 δι’
2586 3583 2913 3660 ἀμβλύτητα
2959 3587 3060 3656 τῆς

357 3710 373 3727 .
444 3663 687 3737 γλώττης
720 3662 1024 3722 ὑπόκειται
1061 3662 1496 3738 τραυλιζόμενον
1660 3673 1726 3722 12
1764 3682 1865 3736 per
1901 3665 2343 3724 deminutionem
2380 3670 2414 3724 b
2449 3685 2551 3739 per
2585 3667 3058 3724 ademinutionem

443 3748 570 3802 BP
601 3766 702 3818 per
737 3745 1168 3803 diminutionem
1206 3766 1248 3800 ω
1462 3747 1669 3803 dicitur
1702 3748 1758 3801 Β
1797 3746 2018 3803 dicatur
2055 3749 2163 3804 Pm
2365 3756 2429 3805 13
2468 3750 2688 3821 Furios]
2727 3750 2919 3804 furnos
2946 3749 3057 3802 Βω

446 3827 657 3884 furuios
688 3828 755 3883 P.
799 3828 870 3894 cf.
911 3825 1074 3882 Varr.
1112 3827 1178 3881 de
1214 3828 1248 3883 l.
1279 3827 1314 3884 l.
1357 3827 1491 3881 VII
1523 3833 1602 3884 26·
1637 3828 1700 3882 in
1734 3828 1932 3883 multis
1966 3827 2178 3898 verbis,
2215 3828 2276 3883 in
2314 3845 2425 3898 quo
2462 3828 2682 3899 antiqui
2719 3830 2983 3885 dicebant
3016 3847 3058 3897 s,

447 3911 642 3977 postea
677 3908 889 3963 dictum
927 3926 955 3961 r
1151 3908 1370 3981 Fusios]
1409 3909 1595 3965 fuscos
1632 3910 1688 3963 Β
1706 3910 1812 3964 Ρω
1851 3911 2066 3966 Fusuos
2104 3908 2406 3963 Putscln'us
2634 3915 2700 3963 14
2736 3910 2882 3965 lares
2920 3928 3061 3980 quos

447 3987 620 4044 lasses
655 3989 780 4043 BP
810 3988 957 4044 lares
994 4004 1133 4056 quos
1180 3986 1323 4043 lases
1360 4008 1403 4042 ω
1618 3989 1704 4044 illi
1749 3991 1982 4046 seddam
2026 3991 2130 4044 Ρω
2177 3990 2265 4045 illi
2313 3990 2543 4045 seddem
2579 3990 2652 4047 Β.
2701 3991 2770 4058 cf.
2811 3992 2962 4046 Serv.
2999 3992 3063 4046 in

2653 4066 2674 4102 t
2886 4067 2907 4103 t

461 4112 611 4184 Vei-9.
642 4113 812 4170 bucol.
842 4118 896 4179 1,
922 4118 962 4169 2
1000 4112 1149 4167 unde
1187 4116 1246 4168 et
1281 4112 1423 4167 sella
1455 4129 1559 4182 pro
1597 4114 1772 4169 sedda
1808 4116 2013 4171 dicitur
2052 4132 2087 4170 a
2122 4116 2365 4171 sedendo
2510 4118 2570 4171 et
2605 4116 2815 4171 adtth
2841 4115 3059 4170 adtinet

452 4192 520 4247 B.
556 4194 752 4249 seclusi
794 4193 957 4247 verba
1003 4207 1070 4245 ex
1106 4192 1460 4247 adnotatione
1504 4194 1570 4248 cle
1605 4194 1643 4248 d
1679 4200 1730 4249 et
1764 4196 1791 4249 t
1827 4196 2049 4262 litteris,
2095 4201 2161 4250 ut
2193 4196 2435 4260 videtur,
2472 4195 2690 4262 relicta,
2724 4197 2817 4251 sed
2853 4196 2923 4250 ab
2960 4196 3058 4249 hoc

456 4272 564 4328 loeo
589 4274 787 4330 aliena.
843 4289 976 4327 nam
1010 4273 1076 4327 de
1102 4273 1422 4341 ooynatione
1447 4278 1726 4328 mutarum
1763 4276 2072 4329 litteras-mn
2100 4280 2294 4344 postea
2329 4275 2552 4332 dicitur.
2603 4276 2787 4331 eadem
2814 4277 3059 4345 exempla

445 4353 628 4420 posita
661 4357 792 4408 sinit
818 4370 880 4421 p.
908 4356 1006 4417 26,
1036 4356 1105 4405 15
1142 4353 1209 4407 de
1243 4354 1544 4408 mutatione
1573 4356 2046 4424 praepositionum
2191 4361 2256 4409 15
2294 4353 2657 4410 substitutum
2694 4355 2895 4411 deinde
2932 4359 2992 4411 et
3025 4361 3062 4408 ῑι

452 4432 505 4484 Β
537 4433 898 4489 substitutum
937 4433 1137 4488 deinde
1173 4435 1234 4488 et
1268 4450 1381 4489 non
1420 4433 1476 4486 P
1508 4434 1740 4490 subtuto
1778 4453 1838 4489 m
1873 4434 2076 4490 deinde
2113 4437 2172 4490 et
2205 4453 2242 4490 ιι
2280 4454 2324 4489 ω
2533 4442 2597 4489 16
2636 4435 2807 4506 unde]
2846 4435 2911 4488 ut
2950 4434 3057 4489 Ρω

454 4513 510 4566 et
540 4513 596 4566 Β
792 4530 993 4569 causae
1030 4516 1217 4584 (cause
1257 4514 1334 4582 P)
1382 4512 1568 4567 dicere
1604 4514 1823 4583 antiqui
1868 4517 2222 4586 praepositae
2259 4514 2601 4585 (praeposite
2643 4515 2720 4585 P)
2757 4515 2778 4569 l
2815 4531 2983 4584 quam
3021 4534 3058 4569 n

455 4593 766 4649 maluerunt
800 4594 928 4652 ΒΡ
961 4609 1130 4648 causa
1165 4592 1348 4648 dicere
1385 4592 1604 4662 antiqui
1639 4594 1966 4664 praeposita
1999 4597 2020 4648 l
2058 4611 2226 4665 quam
2263 4614 2300 4650 n
2337 4595 2658 4650 maluerunt
2693 4614 2754 4649 ω.
2810 4595 2942 4650 haec
2976 4597 3059 4651 ita

456 4675 683 4742 corraei,
728 4680 791 4729 ut
837 4676 913 4729 ad
956 4690 1013 4726 m
1059 4674 1297 4727 litteram
1341 4677 1587 4743 sequente
1629 4691 1666 4728 ιι
1712 4675 1777 4730 in
1812 4677 2036 4730 eandem
2071 4693 2108 4730 ιι
2145 4676 2381 4730 litteram
2416 4674 2579 4742 vulyo
2623 4678 2891 4730 mutatam
2932 4692 3059 4745 per·

458 4753 707 4821 timeret,
742 4755 810 4809 de
844 4771 957 4823 qua
989 4754 1288 4808 mutatione
1324 4751 1697 4808 anteit-Velius
1730 4755 1960 4825 Lonyus
1991 4774 2049 4825 p.
2077 4759 2265 4821 2237,
2302 4769 2428 4808 cum
2466 4751 2593 4808 dico
2634 4753 2830 4810 ‘etiam
2866 4760 3059 4828 nunc’‚

461 4833 704 4902 quamvis
749 4851 852 4904 per
897 4853 953 4889 m
1001 4833 1264 4900 scribam,
1309 4830 1498 4887 neseio
1547 4850 1657 4902 quo
1702 4834 1872 4891 modo
1918 4837 2108 4889 tamen
2155 4833 2465 4903 exprimere
2511 4849 2622 4887 non
2670 4849 2898 4904 possum

465 4919 527 4968 18
560 4914 800 4986 ponunt]
840 4919 1055 4984 ponant
1093 4914 1150 4967 P
