3613 5528
607 411 741 477 354
1742 411 2058 468 AVDACIS

605 524 650 563 p,
679 515 743 556 aa.
775 514 829 554 ³4
854 514 914 555 11.

607 599 747 658 item
813 600 1107 659 adversus
1172 598 1462 676 significat
1525 606 1585 660 et
1645 600 2027 679 participium
2086 646 2099 660 .
2156 603 2391 661 circum
2458 599 2750 678 significat
2811 606 2872 659 et
2929 616 3143 659 nomen
3193 646 3206 659 .

604 712 841 786 praeter
905 697 1195 784 significat
1256 713 1317 766 et
1380 704 1749 789 adverbium,
1823 714 1888 768 ut
1952 706 2106 787 apud
2173 705 2516 768 Sallustium
2581 700 2904 785 ‘praeter
2967 723 3209 766 rerum

605 811 1022 893 capitalium
1097 807 1626 874 condemnatis’
1693 859 1705 872 .
1772 820 1910 893 post
1974 813 2264 893 significat
2336 820 2398 873 et
2468 812 2840 894 adverbium,
2913 820 2981 874 ut
3050 812 3207 893 apud

604 919 908 1000 Virgilium
957 915 1203 999 ‘longo
1249 928 1413 1000 post
1458 928 1523 981 te
1541 938 1783 1002 mpore
1832 915 2060 982 venit'
2102 969 2113 980 .
2153 927 2357 981 contra
2406 921 2699 1001 significat
2743 929 2804 983 et
2847 919 3207 1001 adverbium,

604 1035 671 1090 ut
715 1035 858 1107 puta
904 1022 1134 1088 econtra
1179 1022 1425 1089 saciens'
1473 1077 1485 1089 .
1535 1047 1670 1090 cum
1717 1028 2009 1109 significat
2046 1035 2107 1089 et
2144 1027 2513 1110 adverbium,
2561 1037 2628 1090 ut
2664 1026 2819 1109 apud
2858 1026 3206 1088 Ciceronem
3234 1045 3263 1086 5

606 1130 794 1196 ‘cum
839 1135 966 1195 hos
1012 1130 1415 1196 audiebam'
1464 1183 1477 1196 .
1524 1153 1664 1215 prae
1712 1136 2005 1215 significat
2050 1143 2110 1196 et
2147 1135 2519 1217 adverbium,
2565 1144 2632 1198 ut
2669 1136 2822 1216 apud
2860 1135 3207 1197 Terentium

605 1237 624 1266 ‘
636 1259 803 1322 prae
842 1249 918 1302 ut
953 1237 1204 1302 huius'
1235 1289 1248 1302 .
1278 1245 1405 1304 sine
1438 1235 1446 1325 Ι
1479 1244 1769 1322 significat
1796 1251 1858 1304 et
1886 1242 2132 1305 verbum
2160 1289 2174 1303 .
2204 1261 2385 1323 super
2423 1245 2713 1323 significat
2749 1250 2810 1303 et
2847 1241 3208 1323 adverbium,

606 1358 672 1410 ut
700 1349 855 1430 apud
885 1347 1191 1429 Virgilium
1231 1345 1482 1430 ‘super
1528 1352 1669 1430 ipsi
1715 1349 2164 1411 Dardanidae
2209 1344 2515 1411 infensi’
2546 1398 2560 1411 .
2589 1368 2655 1411 re
2693 1359 2756 1411 et
2790 1368 2874 1431 se,
2912 1351 2961 1410 si
2997 1367 3208 1430 presso

605 1466 854 1519 accentu
919 1460 1409 1540 pronuntientur,
1474 1460 1945 1539 praepositiones
2009 1477 2140 1519 esse
2206 1460 2620 1539 reperiuntur,
2684 1465 2752 1519 ut
2809 1465 2952 1537 puta
3007 1457 3204 1518 refero

604 1565 790 1647 refer,
837 1573 1106 1645 separato
1154 1583 1402 1627 securus
1451 1565 1686 1627 seduxit
1733 1613 1746 1627 .
1796 1573 1857 1627 at
1902 1583 2041 1626 vero
2088 1584 2153 1626 re
2201 1573 2263 1627 et
2307 1584 2399 1647 se,
2457 1567 2509 1625 si
2555 1572 2728 1625 acuto
2775 1573 3023 1626 accentu
3070 1583 3205 1645 pro·
3238 1581 3289 1620 ιο

603 1673 982 1753 nuntientur,
1037 1690 1154 1732 non
1211 1675 1707 1755 praepositioneS,
1767 1672 1872 1733 sed
1926 1671 2041 1733 hoc
2096 1672 2251 1753 quod
2309 1672 2644 1752 significant
2688 1671 3084 1753 appellantur,
3138 1681 3209 1733 ut

603 1785 746 1859 puta
792 1778 995 1859 regula
1042 1781 1189 1840 retia
1236 1782 1408 1860 retis,
1465 1779 1643 1840 sedeo
1691 1782 1864 1840 senui
1911 1798 2130 1859 sequor
2177 1826 2189 1839 .
2239 1781 2326 1840 sic
2381 1788 2442 1841 et
2496 1782 2557 1840 in
2614 1780 2830 1841 ceteris
2877 1777 3093 1839 talibus
3140 1797 3206 1839 re

606 1894 667 1946 et
703 1904 785 1967 se,
831 1886 1066 1965 quando
1107 1888 1226 1947 sint
1271 1888 1739 1966 praepositiones
1787 1893 1848 1946 et
1894 1886 2128 1966 quando
2166 1886 2295 1948 aliis
2333 1885 2601 1967 partibus
2639 1886 2922 1947 orationis
2959 1904 3204 1966 respon·

605 1991 808 2066 deant,
853 2010 963 2072 per
1009 2002 1363 2055 accentuum
1410 2013 1588 2056 sonos
1636 1993 2038 2056 dinoscentur.

781 2099 984 2162 Tenus
1020 2104 1517 2182 praepositionem
1547 2101 1825 2182 Virgilius
1856 2104 2032 2163 metri
2070 2105 2423 2164 necessitate
2461 2104 2732 2183 genetivo
2771 2104 2934 2164 casui
2971 2103 3206 2163 numeri
3237 2117 3288 2158 ιε

604 2207 849 2288 pluralis
893 2211 1263 2291 praeposuit,
1309 2219 1377 2271 ut

1074 2334 1367 2377 crurum
1414 2325 1624 2379 tenus
1671 2335 1703 2377 a
1750 2324 1986 2378 mento
2033 2316 2358 2397 palearia
2404 2317 2735 2399 pendent.

782 2439 944 2502 Inter
991 2459 1190 2502 coram
1238 2449 1299 2503 et
1343 2442 1534 2523 palam
1579 2443 2050 2523 praepositiones
2094 2442 2246 2505 hanc
2291 2444 2497 2506 volunt
2541 2442 2722 2522 aliqui
2762 2461 2895 2504 esse
2932 2442 3205 2504 differen-

605 2548 773 2630 tiam,
819 2556 887 2608 ut
922 2547 1111 2628 palam
1151 2549 1306 2609 notis
1345 2549 1436 2609 vel
1471 2552 1688 2629 ignotis
1726 2550 2108 2632 respondeat,
2146 2560 2214 2613 ut
2250 2561 2390 2632 puta
2430 2551 2619 2632 palam
2658 2550 2959 2632 omnibus,
3006 2568 3205 2611 coram

608 2661 805 2715 autem
852 2657 1009 2716 notis
1056 2663 1285 2717 tantum
1332 2656 1715 2739 respondeat,
1761 2665 1829 2719 ut
1873 2667 2016 2738 puta
2064 2678 2263 2720 coram
2308 2667 2504 2740 patre,
2551 2676 2749 2719 coram
2797 2660 2999 2718 amico.
3234 2673 3287 2713 20

785 2781 908 2842 Con
974 2793 1034 2843 et
1096 2783 1157 2844 in
1222 2784 1720 2865 praepositiones,
1784 2785 1835 2843 si
1892 2801 1921 2844 s
1980 2782 2071 2843 vel
2130 2784 2158 2844 l'
2213 2783 2429 2845 litteris
2492 2793 2967 2865 praeponuntur,
3032 2792 3205 2845 acuto

606 2898 855 2952 accentu
886 2892 1374 2972 pronuntiantur,
1419 2899 1487 2952 ut
1523 2897 1665 2971 puta
1700 2889 1963 2951 insolens
2002 2890 2281 2973 infestus,
2326 2909 2699 2971 consequens
2737 2892 3074 2974 confessu83
3120 2893 3207 2952 sic

604 3004 665 3058 et
711 3005 908 3059 cetera
958 2997 1109 3059 talia.

780 3104 846 3165 In
904 3113 963 3166 et
1017 3104 1088 3166 ad
1144 3108 1613 3185 praepositiones
1668 3104 1985 3167 voluerunt
2038 3104 2188 3165 hanc
2244 3104 2423 3185 aliqui
2486 3104 2704 3166 habere
2771 3103 3207 3186 discretionem,

603 3212 716 3274 hoc
764 3220 856 3273 est
902 3220 969 3273 ut
1023 3215 1209 3293 siquis
1265 3212 1422 3273 dicat
1478 3207 1562 3273 ‘in
1620 3212 1814 3272 forum
1863 3205 1975 3293 eo’,
2030 3214 2091 3272 in
2147 3214 2341 3292 ipsum
2398 3213 2593 3275 sorum
2641 3231 2704 3273 se
2751 3214 2838 3272 ire
2886 3212 3284 3293 significet325

603 3329 663 3382 at
709 3339 848 3381 vero
896 3322 1084 3399 siquis
1131 3319 1287 3381 dicat
1334 3339 1397 3381 se
1444 3319 1516 3381 ad
1563 3320 1758 3381 sorum
1795 3321 1913 3401 ire,
1960 3319 2030 3379 ad
2069 3319 2264 3380 locum
2302 3323 2405 3400 qui
2443 3328 2536 3381 est
2571 3321 2731 3381 quta
2771 3318 2965 3379 forum
3004 3320 3206 3379 venire

605 3427 896 3506 significet
933 3474 947 3488 .
988 3427 1091 3488 sed
1127 3427 1241 3488 hoc
1283 3427 1491 3488 Cicero
1530 3424 1883 3506 improbavit
1918 3427 1978 3486 in
2016 3427 2321 3487 invectivis
2358 3426 2564 3487 dicens
2611 3420 2828 3505 ‘quod
2873 3423 3206 3485 vitandae

603 3536 1050 3615 suspicionis
1097 3553 1310 3596 causa
1357 3534 1438 3595 ad
1486 3533 1801 3595 Marcum
1843 3531 2186 3614 Lepidum
2232 3543 2300 3596 te
2337 3533 2669 3596 habitare
2708 3529 2891 3592 velle
2928 3529 3209 3613 dixisti,

784 3783 809 3831 1
852 3776 989 3832 item
1028 3777 1308 3848 significat
1341 3777 1704 3848 participium
1739 3777 2024 3848 significat
2060 3821 2072 3833 .
2112 3777 2393 3849 significat,
2437 3780 2496 3834 et,
2540 3793 2740 3832 nomen
2788 3793 2891 3848 per
2934 3773 3214 3845 significat

604 3859 664 3914 elz
717 3856 1045 3913 aduerbium
1091 3859 1149 3912 et
1194 3857 1347 3927 apud
1389 3857 1708 3913 sallustium
1753 3874 1854 3929 per
1896 3874 2081 3913 rerum
2125 3858 2181 3912 Β
2196 3880 2213 3911 .·
2266 3858 2638 3927 supplementa
2679 3856 2949 3926 praebuit
2996 3854 3213 3911 Probus

598 3954 655 4007 p.
704 3941 865 4003 149‚4
1017 3943 1049 3990 2
1109 3939 1353 4010 praeter]
1401 3939 1628 3994 Sallust.
1680 3937 1840 3994 Catil.
1890 3943 2024 4005 3032
2181 3945 2214 3992 4
2260 3938 2455 4009 longo]
2517 3938 2670 4007 Very.
2719 3936 2900 3995 bucol.
2944 3940 3072 4002 1,30

605 4018 797 4072 contra
824 4015 1105 4087 significat
1133 4018 1459 4074 aduerbium
1487 4019 1543 4072 Β
1686 4026 1718 4074 6
1754 4034 1890 4089 prae
1927 4017 2207 4089 significat
2242 4022 2301 4075 et
2326 4019 2654 4075 aduerbium
2681 4020 2740 4073 et
2771 4017 2924 4090 apud
2951 4014 3174 4088 pfatuus
3199 4059 3211 4071 .

606 4097 735 4153 Sine
783 4097 1062 4168 significat
1090 4084 1434 4153 ‘aduerbium
1469 4098 1551 4152 B:
1597 4115 1732 4168 prae
1778 4097 2060 4168 significat
2104 4102 2162 4155 et
2197 4099 2548 4167 adverbium,
2596 4100 2661 4154 ut
2695 4100 2853 4169 apud
2891 4096 3211 4153 Terentium

608 4179 765 4248 ‘prae
801 4181 868 4233 ut.
911 4178 1077 4233 huius
1112 4177 1317 4233 rabies'
1359 4220 1372 4233 .
1412 4178 1530 4233 sine
1568 4178 1848 4247 significat
1883 4181 1940 4233 et
1975 4179 2231 4247 verbum,
2279 4183 2343 4234 ut
2379 4180 2529 4250 apud
2564 4179 2889 4234 Terentium
2939 4176 3084 4232 ‘sine
3120 4194 3208 4231 me

601 4258 891 4328 pervenire
928 4275 1039 4328 quo
1074 4259 1225 4315 volo’
1273 4258 1491 4314 Probus
1518 4276 1577 4327 p.
1618 4263 1818 4326 149,17
1968 4274 2101 4328 prae
2139 4260 2227 4331 ut]
2273 4260 2483 4316 Terent.
2522 4260 2780 4315 Eunuch.
2821 4260 2907 4314 II
2938 4263 3066 4325 3,10

606 4345 639 4394 8
678 4354 844 4409 super
879 4338 990 4409 ipsi
1028 4338 1261 4394 dardani
1298 4381 1310 4394 .
1352 4357 1392 4396 s.
1432 4340 1501 4394 de
1537 4338 1740 4394 infensi
1775 4338 1869 4392 B:
1898 4337 2052 4409 Very.
2089 4339 2229 4396 Aen.
2261 4340 2345 4393 II
2370 4345 2437 4395 71
2586 4345 2653 4393 10
2689 4341 2947 4409 separato
2985 4354 3209 4393 securus

603 4418 843 4489 seduxit]
883 4417 1048 4474 sedeo
1086 4418 1243 4474 senui
1281 4435 1481 4488 sequor
1516 4417 1572 4471 Β
1600 4438 1617 4471 .-
1644 4419 1714 4486 cf.
1742 4419 1903 4485 infra
1928 4423 2005 4475 12
2152 4426 2213 4474 11
2254 4419 2385 4491 hoc]
2423 4419 2515 4474 hic
2540 4419 2597 4473 B
2743 4423 2808 4472 12
2847 4418 3012 4473 sedeo
3050 4418 3208 4473 senui

602 4499 826 4571 sequor]
865 4500 1123 4569 separato
1163 4515 1385 4554 securus
1421 4499 1643 4555 seduxit
1668 4499 1724 4553 B
1752 4519 1769 4553 .-
1797 4500 1866 4567 cf.
1896 4516 2069 4570 supra
2095 4505 2167 4555 10
2308 4498 2366 4553 in
2403 4498 2603 4554 ceteris
2639 4497 2768 4553 aliis
2802 4499 2858 4552 Β
3004 4504 3071 4552 14
3106 4515 3208 4568 per

602 4582 893 4635 accentum
930 4595 1092 4634 sonos
1119 4578 1175 4631 Β
1322 4585 1384 4635 17
1424 4598 1615 4635 crurus
1650 4580 1815 4632 tenus
1842 4579 1925 4632 B:
1965 4579 2121 4650 Very.
2149 4596 2326 4650 yeory.
2357 4580 2483 4632 III
2508 4584 2579 4634 53
2726 4584 2791 4633 18
2828 4579 2983 4635 Inter
3019 4595 3208 4634 coram

602 4659 793 4728 palam
830 4658 1261 4729 praepositionis
1295 4659 1443 4714 hanc
1479 4660 1680 4716 uolunt
1715 4658 1894 4730 aliqui
1931 4677 2047 4716 esse
2084 4658 2528 4730 praepositiones
2563 4662 2629 4714 ut
2653 4658 2709 4713 B
2851 4665 2921 4714 20
2956 4658 3206 4731 tantum]

578 4741 793 4793 autem
828 4740 884 4793 Β
1010 4747 1077 4795 23
1117 4742 1303 4795 cetera
1338 4740 1453 4794 alia.
1478 4741 1534 4794 Β
1660 4747 1730 4795 25
1770 4758 1830 4796 se
1865 4741 1970 4812 ire]
2012 4757 2070 4795 se
2099 4741 2238 4796 scire
2264 4741 2321 4794 Β
2447 4746 2513 4794 27
2552 4739 2877 4808 inprobauit
2909 4738 3210 4795 inuectiuis

601 4818 686 4872 B.-
723 4819 836 4874 Cic.
874 4820 939 4874 in
977 4820 1140 4876 Catil.
1179 4822 1221 4874 I
1256 4826 1382 4889 8,19
1420 4843 1439 4875 .·
1475 4822 1544 4888 cf.
1593 4821 1746 4891 Sery.
1784 4822 2003 4891 ent-plan.
2051 4816 2126 4877 ἐπ’
2158 4822 2305 4877 Don.
2359 4838 2414 4891 p.
2474 4824 2682 4891 51732
2863 4828 2932 4877 28
2988 4820 3207 4893 dixisti]

604 4898 769 4954 existi
802 4898 858 4953 B
