3613 5528
662 437 794 501 534
1495 440 2007 497 FRAGMENTVM
2045 441 2450 498 PARISINVM
2488 460 2498 471 ·

661 538 932 585 p.1ss.1ss
961 538 1017 579 R.

660 659 747 666 —
785 623 991 684 obelus
1038 624 1386 705 adpunctus,
1462 633 1628 697 -—<
1664 626 1873 688 obelus
1921 646 2057 689 cum
2104 646 2322 688 aversa.
2386 636 2456 698 >
2493 628 2650 709 diple
2699 649 2957 711 superne
3015 631 3265 695 obelata.

669 737 737 800 >
779 737 847 801 <
883 739 1042 793 recta
1092 739 1152 793 et
1196 751 1400 794 aversa
1447 752 1703 814 superne
1750 733 2033 796 obelatae.
2085 724 2159 799 ><
2200 734 2296 795 chi
2342 744 2403 796 et
2449 754 2533 799 ro.
2580 740 2619 822 ᾧ
2666 738 2706 798 fi
2754 747 2814 799 et
2859 757 2944 799 ro.
2994 733 3004 822 Ι
3046 758 3267 801 ancora

662 840 952 918 superior.
1004 832 1011 922 Ι
1055 858 1271 900 ancora
1315 841 1579 901 inferior.
1627 840 1849 920 alogus.

833 944 940 1010 His
987 945 1129 1007 solis
1174 949 1236 1007 in
1285 946 1758 1009 adnotationibus
1804 948 1981 1010 Ennii
2026 949 2239 1023 Lucilii
2286 959 2346 1012 et
2403 950 2823 1038 historicorum
2882 955 2976 1013 usi
3031 962 3174 1014 sunt
3218 951 3268 1032 †

659 1070 873 1113 uarrus
926 1052 1184 1136 hennius
1239 1053 1465 1116 haelius
1520 1074 1742 1135 aequae
1798 1065 1860 1117 et
1914 1066 2215 1137 postremo
2262 1057 2521 1139 Probus,
2576 1059 2680 1138 qui
2734 1059 2862 1121 illas
2907 1064 2971 1122 in
3017 1060 3261 1142 Virgilio
3322 1075 3349 1114 5

659 1168 719 1220 et
763 1159 1006 1222 Horatio
1053 1169 1115 1222 et
1158 1159 1439 1224 Lucretio
1487 1166 1788 1246 apposuit,
1836 1173 1903 1225 ut
1949 1169 2010 1225 in
2058 1164 2315 1226 Homero
2362 1166 2759 1227 Aristarchus

836 1301 918 1311 —-
967 1267 1174 1330 obelus
1220 1269 1491 1331 versibus
1537 1273 1855 1350 apponitur
1900 1270 2009 1332 hac
2060 1291 2253 1334 causa.
2342 1272 2693 1334 Pisistratus
2738 1272 3035 1352 quondam
3082 1274 3261 1335 Athe-

660 1375 958 1435 niensium
1021 1384 1307 1454 tyrannus
1371 1376 1703 1438 inordinata
1767 1386 1829 1437 et
1892 1379 2139 1440 confusa
2202 1378 2393 1441 adhuc
2458 1382 2625 1459 poesi
2688 1379 2931 1441 Homeri
2995 1383 3261 1461 praemio

657 1480 974 1542 sollicitare
1040 1484 1352 1563 proposuit
1406 1502 1508 1543 eos
1567 1485 1670 1563 qui
1724 1502 1866 1548 eam
1914 1484 2260 1547 ordinarent
2320 1488 2514 1565 iisque
2579 1490 2827 1567 praemii
2894 1490 3132 1548 nomine
3195 1491 3260 1550 in

658 1587 921 1667 singulos
966 1607 1176 1650 versus
1214 1588 1479 1669 singulos
1516 1589 1721 1651 obolos
1760 1593 2084 1654 constituit.
2160 1591 2434 1654 mercede
2470 1594 2644 1656 multi
2678 1594 2909 1657 inducti
2945 1614 3259 1676 pauperes„
3292 1611 3347 1649 ιο

662 1694 879 1772 quibus
925 1698 1228 1776 ingenium
1276 1695 1581 1780 affluebat,
1626 1702 1908 1778 quoniam
1954 1709 2056 1760 aut
2101 1701 2367 1761 invenire
2415 1709 2516 1763 aut
2561 1701 2877 1782 disponere
2915 1700 2965 1781 †
3008 1702 3263 1766 debebat

655 1820 775 1862 non
830 1811 1131 1886 poterant,
1194 1802 1468 1883 fingendo
1531 1804 1823 1885 plurimos
1876 1799 2086 1868 sersus
2142 1811 2341 1888 operis
2407 1807 2774 1870 nobilitatem
2838 1819 3258 1890 corruperunt.

658 1907 814 1969 unde
861 1914 1082 1986 evenit,
1129 1920 1197 1973 ut
1241 1921 1447 1991 postea
1491 1911 1910 1991 prudentiores
1956 1915 2093 1995 viri,
2150 1933 2408 1994 quorum
2454 1934 2721 1977 summus
2767 1919 2829 1977 in
2875 1917 2986 1978 hac
3032 1937 3098 1979 re
3146 1920 3260 1980 fuit

653 2016 1060 2100 Aristarchus,
1105 2020 1381 2097 quotiens
1426 2017 1815 2098 inprobarent
1860 2037 2070 2080 versus
2117 2022 2286 2099 quasi
2332 2030 2435 2082 aut
2472 2022 2655 2084 malos
2693 2031 2795 2085 aut
2830 2042 2950 2085 non
2989 2024 3289 2086 Homeri·-

651 2140 781 2204 coS,
825 2122 997 2184 obelo
1042 2127 1418 2205 potissimum
1466 2126 1754 2187 notandos
1801 2129 2225 2190 existimarent.
2316 2148 2450 2191 nam
2498 2140 2558 2192 et
2603 2134 2792 2213 ipsius
2827 2131 3071 2193 Homeri
3116 2152 3253 2213 pro·
3286 2143 3339 2184 ¹⁵

651 2232 814 2308 prios
861 2230 965 2292 sed
1012 2250 1134 2291 non
1179 2250 1250 2293 eo
1296 2232 1507 2312 dignos
1556 2232 1775 2294 eadem
1805 2233 1916 2293 hac
1963 2241 2102 2294 nota
2148 2235 2633 2299 condemnarunt.
2675 2239 2686 2313 Ι

831 2335 906 2412 ·,>’<-
939 2341 1290 2400 asteriscum
1326 2339 1751 2420 Aristophanes
1790 2339 2122 2419 apponebat
2157 2340 2273 2402 illis
2312 2342 2457 2404 locis
2497 2343 2715 2424 quibus
2759 2363 2973 2407 sensus
3003 2346 3257 2429 deesset,

648 2444 1027 2506 Aristarchus
1073 2454 1271 2507 autem
1318 2445 1387 2506 ad
1437 2464 1568 2529 eos,
1623 2447 1725 2526 qui
1779 2448 1843 2507 in
1900 2447 2013 2507 hoc
2068 2457 2211 2527 puta
2266 2448 2395 2510 loco
2452 2454 2631 2531 positi
2676 2461 2875 2533 erant,
2932 2472 3069 2515 cum
3125 2454 3256 2515 aliis

650 2549 877 2612 scilicet
922 2570 1042 2614 non
1090 2560 1253 2614 recte
1301 2561 1684 2633 ponerentur.
1775 2556 1920 2615 item
1965 2552 2199 2616 Probus
2246 2564 2306 2617 et
2352 2560 2579 2639 antiqui
2627 2563 2834 2621 nostri.

791 2696 972 2753 Codex
1011 2698 1313 2755 Parisinus
1388 2705 1413 2751 1
1454 2697 1607 2769 diple
1636 2673 1801 2769 super
1830 2699 2054 2757 obelata
2078 2707 2233 2767 >—-
2262 2705 2417 2757 reeta
2447 2704 2505 2756 et
2530 2719 2727 2758 auersa
2754 2720 2992 2774 superne
3029 2705 3255 2761 obelata

754 2828 786 2877 2
823 2770 971 2896 11]Φῆ
1007 2825 1191 2881 littera
1223 2841 1422 2896 qraeea
1459 2824 1578 2880 alia
1611 2840 1811 2891 manu,
1848 2830 1912 2880 ut
1944 2826 2187 2894 videtur,
2222 2829 2594 2898 superscripta
2745 2830 2990 2885 anchora
3025 2835 3255 2901 utroque

651 2947 765 3001 loeo
891 2955 923 3003 3
953 2948 1215 3020 alongus,
1242 2955 1305 3004 ut
1332 2950 1575 3020 videtwr,
1603 2967 1740 3007 corr.
1771 2951 1969 3021 alogus
2093 2957 2127 3005 4
2154 2950 2346 3006 hennii
2373 2952 2508 3008 lucii
2616 2960 2649 3009 ὅ
2679 2918 2869 3009 uari-gs
2986 2962 3019 3010 6
3048 2955 3106 3010 in
3124 2961 3253 3025 post

645 3029 710 3082 ut
731 3043 832 3081 om.
924 3034 957 3083 8
979 3028 1229 3084 comfusa
1248 3030 1431 3084 adhuc
1449 2993 1638 3100 poe'esi
1736 3037 1767 3084 9
1788 3029 1923 3100 quia
1941 3029 2290 3086 ordinassent
2390 3038 2456 3087 10
2475 3034 2667 3089 obelos
2778 3040 2844 3088 14
2862 3035 3183 3104 inprobaret

650 3113 715 3162 15
755 3109 977 3163 obelum
1015 3110 1303 3179 potissime
1340 3111 1647 3167 notandum
1684 3110 2072 3166 exhistimaret
2217 3117 2281 3166 16
2320 3111 2444 3185 sed]
2482 3115 2542 3168 et
2686 3119 2750 3168 17
2790 3114 3118 3170 aristofanes

835 3241 862 3289 1
901 3233 1053 3304 diple
1091 3251 1330 3305 superne
1368 3234 1593 3291 obelata
1629 3236 2110 3304 Reifferscheidius
2263 3242 2295 3289 2
2332 3239 2488 3291 recta
2524 3240 2583 3293 et
2619 3254 2814 3293 aversa
2850 3255 3084 3309 superne
3121 3241 3249 3296 obe·

644 3313 794 3369 latae
831 3314 1309 3382 Reifferscheidius
1475 3323 1507 3371 3
1554 3315 1778 3387 alogus]
1828 3317 2033 3371 Isidor.
2082 3317 2216 3385 oriy.
2267 3316 2312 3368 I
2352 3319 2529 3382 2027
2576 3317 2773 3387 alogus
2824 3321 2959 3374 nota
2996 3335 3140 3388 quae
3177 3320 3248 3376 ad

643 3393 874 3448 mendas
912 3392 1237 3461 adhibetur,
1273 3394 1423 3451 Serv.
1461 3397 1525 3450 in
1572 3396 1728 3466 Vero.
1765 3397 1903 3452 Aen.
1939 3396 2000 3450 X
2034 3401 2141 3451 444
2177 3396 2320 3451 adeo
2358 3398 2423 3450 ut
2456 3396 2671 3451 Probus
2707 3398 2935 3469 alogum
2971 3401 3248 3467 posuerit:

642 3475 711 3541 cf.
749 3474 989 3529 Ribbeck
1014 3476 1221 3545 proley.
1259 3477 1323 3530 in
1367 3475 1521 3546 Very.
1557 3493 1613 3545 p.
1651 3481 1756 3531 151
1937 3483 1973 3531 4
2017 3476 2106 3531 his
2161 3478 2220 3531 et
2273 3475 2408 3531 olim
2463 3476 2524 3532 in
2580 3477 3035 3534 adnotationibus
3084 3480 3251 3535 Ennii

642 3552 847 3608 Lucilii
903 3557 961 3609 et
1015 3555 1392 3609 scaenicorum
1447 3557 1533 3611 usi
1589 3561 1720 3612 sunt
1771 3556 2149 3627 Vargunteius
2205 3555 2541 3626 Laeliusque
2594 3559 2653 3613 et
2705 3561 2989 3627 postremo
3035 3559 3248 3614 Probus

639 3631 969 3688 Ribbeckius
986 3635 1192 3703 proley.
1223 3635 1287 3688 in
1325 3635 1479 3706 Vei-9.
1501 3638 1685 3705 praef.
1705 3654 1767 3707 p.
1789 3637 1897 3690 IX
2022 3635 2190 3691 Ennii
2208 3634 2412 3690 Lucilii
2429 3636 2703 3708 Berykius
2826 3637 3245 3709 historicorum]

640 3714 1015 3769 scaenicorum
1054 3715 1125 3770 L.
1168 3715 1472 3770 Muellerus
1506 3716 1697 3771 annal.
1729 3716 1920 3784 philol.
1960 3734 2012 3771 a.
2051 3719 2199 3771 1863
2230 3732 2290 3783 p.
2328 3720 2438 3771 176
2609 3723 2640 3771 5
2678 3723 2940 3786 corrupta
2974 3735 3245 3788 yrmnma·

640 3793 872 3849 tieorum
907 3796 1162 3859 nomina,
1213 3811 1443 3864 quorum
1475 3795 1782 3864 probabilis
1818 3795 2120 3850 emendatio
2154 3798 2380 3852 inventa
2422 3813 2537 3852 non
2581 3803 2683 3867 est,
2727 3797 2809 3851 sic
2852 3803 2916 3853 ut
2957 3799 3023 3852 in
3066 3799 3248 3854 codice

637 3875 846 3943 scripta
871 3879 1003 3928 sunt
1030 3875 1256 3930 exhibui
1287 3917 1299 3929 .
1327 3874 1708 3945 Vargunteius
1736 3873 1959 3930 Laelius
1987 3877 2295 3932 Archelaus
2326 3879 2386 3932 et
2421 3880 2703 3947 postremo
2729 3877 2945 3934 Probus
2971 3878 3246 3948 Bequius

638 3954 754 4010 coll.
794 3954 943 4009 Suet.
981 3956 1046 4010 de
1079 3971 1305 4026 gramm.
1343 3961 1384 4011 2
1400 3997 1417 4021 ,
1461 3954 1842 4026 Vargunteius
1886 3954 2099 4010 Ennius
2146 3956 2337 4012 Aelius
2382 3974 2561 4025 aeque
2608 3959 2666 4013 et
2710 3960 2990 4027 postremo
3027 3958 3243 4014 Probus

640 4033 900 4089 Hertzius
937 4034 1196 4093 Zeitsehr.
1235 4037 1277 4103 f.
1315 4036 1713 4091 Alterthumsw.
1753 4040 1901 4091 1845
1928 4051 1988 4104 p.
2029 4040 2166 4104 395,
2203 4038 2302 4107 qui
2336 4037 2589 4092 Ennium
2623 4040 3040 4107 yrammatieum
3073 4039 3243 4108 siqni-

642 4115 804 4182 ficari
838 4116 1011 4170 voluit
1046 4117 1166 4171 coll.
1203 4116 1352 4172 Suet.
1389 4117 1456 4171 de
1490 4132 1716 4186 yramm.
1753 4120 1793 4171 2
1832 4120 1883 4169 et
1919 4115 2125 4170 Isidor.
2163 4117 2298 4186 on’q.
2339 4118 2383 4170 I
2414 4123 2571 4185 21,1,
2618 4117 2994 4190 Vargunteius
3030 4117 3242 4175 Ennius

637 4195 939 4264 Aeliusque
995 4197 1053 4250 et
1106 4199 1389 4266 postremo
1443 4196 1658 4251 Probus
1711 4193 2214 4265 Reifferscheidiuffi
2278 4197 2497 4252 Marcus
2560 4197 2772 4254 Ennius
2826 4198 3129 4268 Aeliusque
3184 4202 3244 4255 et

638 4277 919 4344 postremo
963 4276 1177 4331 Probus
1223 4277 1445 4332 Riesius
1481 4277 1671 4332 annal.
1701 4277 1894 4345 philol.
1935 4293 1986 4330 a.
2025 4280 2176 4330 1866
2204 4293 2264 4344 p.
2304 4281 2441 4348 466,
2488 4278 2664 4333 Varro
2702 4278 2895 4334 Aelius
2932 4279 3140 4348 Aquila
3185 4283 3244 4336 et

637 4359 916 4426 postremo
953 4355 1169 4412 Probus
1212 4356 1497 4425 Osanna-s,
1546 4355 1721 4411 Varro
1762 4354 1986 4411 Sinnius
2021 4355 2213 4409 Aelius
2263 4372 2439 4426 aeque
2476 4375 2544 4413 ae
2581 4362 2777 4427 (aeque
2814 4360 2880 4412 ut
2918 4358 3241 4427 Muellerus)

636 4438 916 4506 postremo
970 4435 1186 4491 Probus
1232 4437 1299 4492 L.
1351 4436 1655 4491 Muellerus
1714 4437 1748 4489 l.
1795 4452 1840 4490 e.
1889 4440 1939 4490 et
1981 4433 2276 4490 Nauekius
2321 4478 2333 4491 .
2381 4438 2500 4492 alia
2543 4438 2823 4509 temptavit
2872 4437 3135 4507 Steupius
3176 4440 3243 4495 de

641 4516 843 4573 Probi-s
876 4518 1250 4587 yrammaticis
1277 4534 1337 4586 p.
1367 4522 1442 4573 37
1468 4534 1575 4587 sqq.
1739 4516 1838 4586 qui
1872 4516 2002 4571 illas
2038 4516 2176 4571 item
2212 4514 2462 4586 Vergilio
2493 4518 2753 4588 Steupius
2913 4524 2945 4572 9
2982 4518 3079 4586 qui
3115 4534 3239 4573 eam

635 4598 956 4652 ordinarent
989 4597 1493 4665 Reifferscheidius‚
1529 4597 1622 4668 qui
1662 4597 1984 4652 ordinarent
2023 4596 2281 4652 Osanna-‘3
2427 4603 2492 4651 10
2531 4598 2723 4653 obolos
2759 4596 3242 4665 Reifferscheidius

737 4684 798 4731 11
855 4679 921 4731 ut
975 4676 1215 4733 debebat
1267 4677 1769 4745 Reifferscheidius,
1824 4677 1889 4730 ut
1938 4675 2218 4731 debebant
2270 4675 2528 4732 Osannus
2576 4722 2586 4733 .
2632 4680 2864 4746 fortasse
2908 4677 3169 4732 decenter

639 4762 706 4810 14
730 4756 1094 4827 inprobarent
1124 4757 1383 4813 Osannus
1519 4764 1582 4812 15
1613 4757 1775 4813 obelo
1803 4756 2094 4825 potissime
2119 4757 2397 4812 notandos
2425 4758 2715 4813 Nauckius
2857 4758 3241 4814 existimarent

639 4838 896 4891 Osannus
1041 4844 1105 4892 16
1144 4836 1242 4892 sed
1279 4855 1391 4893 non
1426 4838 1903 4906 Reifferscheidius
2066 4842 2131 4891 18
2170 4838 2243 4892 ad
2280 4854 2374 4892 eos
2411 4855 2628 4908 versus,
2666 4838 2761 4907 qui
2797 4838 2906 4894 hoc
2939 4840 3077 4909 puta
3113 4839 3237 4894 loeo

635 4917 786 4970 recte
820 4916 993 4985 positi
1028 4919 1190 4972 erant
1223 4917 1700 4985 Reifferscheidius
