3613 5528
1404 364 1500 419 DE
1539 364 2117 421 ORTHOGRAPHIA
2506 389 2519 395 ·
2932 368 3062 432 279

458 485 499 521 ρ.
526 468 645 509 2790.
672 469 722 509 οι
749 466 801 508 P.

565 579 578 586 ·
632 553 791 614 Metu
840 554 926 615 tui
971 559 1033 612 et
1080 558 1198 614 tuo.

629 660 903 721 Materies
959 660 1343 721 artificiorum
1400 668 1516 741 est,
1574 662 1818 720 materia
1874 659 2273 720 consiliorum.
2360 649 2457 720 alii
2519 668 2726 722 contra
2790 662 3063 722 referunt

455 769 757 828 materiem
818 786 951 828 esse
1011 769 1218 848 animi,
1271 764 1280 849 Ι
1336 769 1640 827 materiam
1707 766 1965 848 arboris;
2042 768 2347 882 materiem
2406 766 2748 846 qualitatem
2822 768 3060 849 ingenii,

455 868 756 934 materiam
804 872 987 934 fabris
1034 881 1244 953 aptam.

398 997 424 1036 ο
627 981 749 1042 Mas
784 984 846 1042 in
884 983 1207 1072 positione,
1254 980 1554 1041 masculus
1591 983 1650 1041 in
1690 979 2112 1061 diminutione,
2159 998 2276 1040 non
2308 979 2647 1062 mascelluS,
2695 989 2760 1042 ut
2797 980 3053 1073 quidam.

624 1088 892 1171 MuscuS,
946 1088 1130 1150 herba
1186 1106 1336 1168 quae
1394 1090 1455 1148 in
1501 1086 1829 1168 parietibus
1877 1086 1964 1146 vel
2023 1089 2082 1146 in
2132 1085 2455 1147 corticibus
2501 1086 2781 1148 arborum
2828 1086 3054 1168 haetet,

448 1194 827 1274 singulariter
890 1203 1118 1257 tantum
1173 1197 1448 1277 effertur,
1515 1196 1797 1254 memoria
1858 1193 2075 1253 malitia
2136 1210 2408 1253 murmur
2467 1192 2755 1255 similiter.
2841 1196 3053 1276 minae,

448 1302 783 1385 manubiae,
839 1305 1101 1384 moenia,
1154 1300 1427 1383 mapalia,
1489 1319 1641 1381 quae
1697 1309 1839 1362 sunt
1906 1318 2074 1391 casae
2132 1299 2432 1381 Afrorum,
2498 1300 2745 1379 pluralia
2798 1319 3050 1381 semper.

448 1427 606 1470 mare
661 1409 950 1490 pluralem
1006 1428 1323 1470 numerum
1369 1427 1487 1468 non
1543 1407 1721 1469 habet
1776 1409 1892 1468 nisi
1946 1414 2178 1468 tantum
2233 1408 2432 1468 maria.
2507 1406 2623 1468 mel
2679 1415 2739 1468 et
2793 1407 3049 1469 mulsum

370 1532 419 1570 10
445 1525 504 1577 et
552 1519 768 1598 muria,
814 1515 871 1576 id
913 1523 1006 1577 est
1049 1535 1250 1597 garos,
1298 1523 1358 1576 et
1395 1524 1593 1628 cetera
1631 1514 1852 1594 liquida
1889 1511 2148 1595 pretiosa
2187 1520 2416 1574 tantum
2454 1514 2800 1597 singularia,
2847 1533 3047 1594 quam-

446 1625 531 1682 vis
577 1623 748 1684 mella
793 1630 854 1683 et
900 1625 1031 1683 vina
1078 1623 1357 1702 legamus.

618 1730 846 1791 Mature
878 1732 1167 1791 maturius
1195 1730 1594 1792 maturissime
1624 1727 1960 1789 dicendum.
1998 1729 2332 1789 invenimus
2364 1736 2557 1789 tamen
2588 1729 2741 1808 apud
2771 1736 3046 1791 auctores

444 1838 618 1897 etiam
662 1838 1009 1898 maturrime
1055 1836 1297 1898 dictum.

615 1944 815 2004 Munio
864 1947 1062 2005 munis
1106 1946 1439 2026 perfectum
1488 1945 1628 2005 facit
1673 1945 1860 2004 munii
1906 1952 1968 2003 et
2014 1945 2252 2003 munivi.

367 2065 418 2105 15
615 2051 855 2112 Memini
893 2053 1214 2113 meministi
1252 2054 1519 2113 meminit
1560 2053 1934 2112 meminimus
1964 2051 2316 2111 meministis
2345 2051 2746 2110 meminerunt
2778 2057 2838 2110 et
2875 2068 3043 2129 prae-

444 2160 591 2219 senti
638 2166 905 2238 tempore
953 2167 1014 2220 et
1057 2162 1380 2239 praeterito
1426 2159 1691 2239 perfecto
1739 2176 1860 2218 uno
1899 2155 2227 2236 eodemque
2268 2155 2441 2216 modo
2489 2153 2835 2215 declinatur.
2908 2154 3043 2216 ideo

442 2273 788 2347 corruptum
835 2267 956 2326 sive
1004 2265 1360 2327 defectivum
1409 2276 1667 2326 vocatur.

612 2372 841 2434 Mulceo
888 2380 949 2434 et
993 2372 1228 2453 mulgeo
1274 2374 1336 2432 in
1374 2389 1562 2432 unum
1606 2372 1941 2450 perfectum
1989 2372 2233 2430 veniunt
2281 2370 2472 2431 mulsi.

610 2479 883 2540 Maiestas
930 2498 1067 2540 cum
1113 2478 1328 2540 scribis
1375 2486 1478 2538 aut
1523 2477 1701 2559 dicis,
1747 2495 1776 2536 s
1824 2475 2120 2537 secundae
2158 2475 2411 2557 syllabae
2450 2476 2790 2557 complicari
2836 2476 3042 2560 debet3

362 2599 413 2639 πο
437 2586 521 2646 sic
566 2588 626 2647 in
673 2586 982 2648 similibus

610 2692 893 2755 Miramur
938 2711 1146 2776 opera,
1192 2679 1554 2753 admiramur
1601 2694 1868 2754 virtutes,

609 2802 869 2863 Minores
915 2820 1048 2863 esse
1086 2820 1195 2862 -res
1253 2801 1477 2881 aliquas
1524 2808 1626 2861 aut
1680 2799 1952 2860 homines
2009 2798 2287 2880 dicimuS,
2333 2799 2581 2859 minoris
2627 2808 2891 2880 emptum
2939 2809 3040 2861 aut

435 2910 803 2971 aestimatum
852 2911 1155 2990 quippiam
1202 2916 1364 2971 recte
1413 2908 1748 2969 scribimus

606 3020 877 3086 ‘Memini
924 3043 1017 3085 me
1067 3020 1293 3086 facere'
1342 3024 1541 3086 dicere
1579 3024 1895 3105 debemus,
1940 3041 2061 3083 non
2109 3018 2383 3083 ‘memini
2423 3040 2514 3084 me
2562 3018 2823 3085 secisse’.
2905 3042 3037 3084 nam

355 3143 405 3183 25
431 3132 672 3192 memini
709 3139 1038 3192 sermo.est
1073 3139 1235 3193 totus
1272 3133 1581 3210 praeteriti
1620 3133 1924 3211 temporis,
1952 3131 2055 3209 qui
2092 3137 2226 3191 ante
2256 3137 2445 3191 actam
2486 3148 2613 3191 rem
2651 3133 2711 3191 in
2749 3149 3033 3211 praesens

429 3247 704 3318 revocat,
749 3245 809 3299 et
863 3241 914 3300 si
970 3238 1191 3299 dixeris
1238 3234 1510 3299 ‘memini
1567 3256 1659 3298 me
1718 3232 1981 3318 fecisse',
2035 3235 2153 3297 duo
2208 3239 2531 3317 praeterita
2576 3237 2751 3298 simul
2798 3240 3027 3318 iungis:

429 3342 719 3424 Vergilius
767 3364 885 3406 uno
931 3352 1160 3406 tantum
1209 3344 1339 3406 loco
1387 3337 1622 3427 (qeorq.
1672 3345 1823 3404 IIII
1860 3341 2013 3422 125)

744 3478 1042 3550 namque
1091 3469 1220 3531 sub
1268 3469 1607 3531 Oebaliae
1652 3470 1946 3530 memini
1991 3487 2093 3529 me
2142 3468 2470 3530 turribus
2517 3469 2684 3531 altis

745 3576 1124 3657 Corycium
1170 3579 1437 3640 vidisse
1487 3570 1753 3660 senem,

347 3714 399 3753 ³0
424 3699 580 3778 quod
627 3708 837 3779 poetae
884 3720 993 3782 pro
1038 3704 1389 3765 necessitate
1435 3705 1613 3765 metri
1660 3721 1949 3782 usurpare
1995 3702 2178 3764 licuit.

601 3969 627 4015 1
670 3964 825 4018 metu
854 3965 929 4018 M
958 3963 1113 4018 meto
1142 3965 1297 4022 §PL
1404 3972 1436 4019 2
1475 3963 1835 4020 consiliarum
1861 3963 1920 4017 P
2018 3966 2075 4017 et
2112 3963 2210 4018 alii
2250 3965 2446 4018 contra
2485 3964 2560 4017 M
2664 3971 2696 4018 3
2735 3965 3029 4020 materiam

424 4055 540 4094 esse
585 4039 761 4095 animi
806 4045 1101 4100 materiam
1147 4045 1361 4101 arboris
1409 4044 1616 4116 (arbori
1664 4044 1766 4113 M)
1816 4043 1953 4097 PM
2004 4042 2293 4098 materiem
2343 4058 2463 4098 esse
2508 4043 2682 4098 animi
2735 4044 3023 4099 materiem

423 4119 633 4175 arboris
668 4121 720 4173 L
865 4129 898 4177 4
935 4123 1160 4179 fabricis
1198 4125 1251 4178 L
1395 4133 1427 4180 ὃ
1464 4125 1524 4179 in
1558 4122 1969 4196 praepositione
2009 4123 2066 4176 P
2208 4131 2240 4178 6
2277 4124 2474 4179 haeret
2509 4124 2568 4177 et
2604 4123 2805 4194 singul.
2844 4123 2903 4176 P

426 4205 454 4253 7
499 4199 704 4257 militia
743 4203 799 4256 P
939 4203 1199 4259 similiter
1244 4204 1389 4275 plur.
1436 4222 1655 4276 semper
1700 4220 1855 4259 mare
1901 4202 2048 4273 plur.
2085 4221 2234 4258 num.
2274 4221 2387 4259 non
2434 4204 2607 4259 habet
2652 4203 2760 4258 nisi
2805 4205 3024 4257 tantum

423 4279 598 4335 maria
629 4282 879 4352 mapalia
914 4283 1139 4339 moenia
1174 4284 1359 4338 minae
1403 4284 1702 4339 manubiae
1747 4282 1899 4352 quod
1946 4285 2078 4337 sunt
2122 4300 2282 4338 casae
2329 4284 2574 4338 afrorum
2608 4282 2753 4353 plur.
2791 4298 3025 4351 semper.

383 4420 389 4427 ,
423 4357 532 4413 Mel
570 4360 627 4413 P
787 4368 855 4417 10
899 4381 1063 4435 garos
1105 4364 1161 4417 P
1201 4380 1369 4434 garns
1409 4363 1541 4416 ML
1583 4359 1762 4431 γάρον
1808 4379 1916 4419 exc.
1958 4362 2119 4419 Char.
2158 4381 2219 4433 p.
2259 4368 2386 4429 550,
2423 4368 2521 4431 31,
2565 4379 2762 4433 garum
2813 4360 3022 4416 Choria.

416 4454 474 4505 p.
510 4443 599 4507 34,
634 4445 708 4497 30
853 4451 917 4498 11
955 4443 1197 4513 legimus
1236 4442 1292 4497 P
1432 4449 1495 4497 12
1533 4443 1831 4515 maturius]
1872 4446 2122 4499 maturus
2163 4443 2219 4495 P
2359 4441 2657 4497 dicendum
2692 4456 2793 4496 om.
2833 4439 2889 4492 P

425 4520 608 4574 tamen
644 4536 745 4576 om.
787 4523 864 4577 Μ
990 4524 1142 4592 apud
1181 4538 1282 4577 om,
1321 4521 1374 4574 L
1521 4528 1585 4577 13
1623 4522 1860 4595 dictum]
1901 4522 2194 4579 dicendum
2238 4522 2294 4576 P
2436 4527 2504 4575 14
2539 4520 2679 4574 facit
2713 4518 2889 4578 munii
2927 4520 3025 4576 ⁴311

424 4597 557 4654 facit
591 4601 747 4656 muni
784 4602 921 4656 PM
1061 4608 1129 4657 16
1166 4600 1519 4657 declinantur
1554 4602 1611 4656 P
1749 4610 1814 4659 17
1853 4601 2254 4657 defectatiuum
2291 4601 2427 4654 PM
2583 4607 2648 4655 18
2686 4599 2921 4655 ueniunt
2954 4598 3030 4652 M

425 4681 752 4747 perueniunt
786 4681 897 4734 PL
1049 4687 1116 4735 19
1155 4680 1493 4751 complicare
1536 4683 1593 4736 P
1743 4690 1813 4737 24
1850 4681 2145 4739 dicendum
2181 4697 2293 4735 non
2330 4678 2533 4734 fecisse
2568 4680 2621 4732 L
2763 4684 2832 4734 25
2868 4682 3023 4734 totus

423 4759 508 4813 est
544 4760 619 4813 M
756 4767 823 4816 27
861 4779 1035 4816 unum
1070 4762 1291 4815 tantum
1328 4760 1384 4815 P
1546 4771 1614 4820 28
1653 4766 1756 4820 sub
1792 4765 2006 4820 aeoliae
2044 4763 2140 4822 §L
2280 4767 2349 4816 29
2388 4758 2698 4830 corryeium
2737 4759 2813 4814 M
2854 4759 3024 4814 curri-

428 4835 565 4893 cium
596 4840 653 4894 P
759 4846 830 4895 30
868 4841 1043 4913 quod]
1082 4842 1180 4912 qni
1216 4842 1273 4895 P
1381 4845 1635 4915 usurpari
1674 4845 1750 4900 M
1990 4864 2005 4879 ¹
