<?xml version="1.0" encoding="UTF-8"?>
<!DOCTYPE html PUBLIC "-//W3C//DTD XHTML 1.0 Transitional//EN"
    "http://www.w3.org/TR/xhtml1/DTD/xhtml1-transitional.dtd">
<html xmlns="http://www.w3.org/1999/xhtml" xml:lang="en" lang="en">
 <head>
  <title>
</title>
<meta http-equiv="Content-Type" content="text/html;charset=utf-8" />
  <meta name='ocr-system' content='tesseract 3.04.00' />
  <meta name='ocr-capabilities' content='ocr_page ocr_carea ocr_par ocr_line ocrx_word'/>
</head>
<body>
  <div class='ocr_page' id='page_1' title='image "./grammaticilatin09keilgoog_0207.png"; bbox 0 0 3613 5528; ppageno 0'>
   <div class='ocr_carea' id='block_1_1' title="bbox 490 387 3100 540">
    <p class='ocr_par' dir='ltr' id='par_1_1' title="bbox 490 387 3100 540">
     <span class='ocr_line' id='line_1_1' title="bbox 1439 387 3100 456; baseline -0.001 -13"><span class='ocrx_word' id='word_1_1' title='bbox 1439 388 1534 444; x_wconf 81' lang='lat' dir='ltr'><strong>DE</strong></span> <span class='ocrx_word' id='word_1_2' title='bbox 1573 387 2151 444; x_wconf 81' lang='lat' dir='ltr'><strong><em>ORTHOGRAPHIA</em></strong></span> <span class='ocrx_word' id='word_1_3' title='bbox 2978 392 3100 456; x_wconf 78' lang='grc'><strong>197</strong></span> 
     </span>
     <span class='ocr_line' id='line_1_2' title="bbox 490 490 838 540; baseline 0.003 -12"><span class='ocrx_word' id='word_1_4' title='bbox 490 503 534 540; x_wconf 78' lang='lat' dir='ltr'><strong>p.</strong></span> <span class='ocrx_word' id='word_1_5' title='bbox 561 491 677 530; x_wconf 62' lang='lat' dir='ltr'><strong>asos.</strong></span> <span class='ocrx_word' id='word_1_6' title='bbox 709 492 762 531; x_wconf 82' lang='grc' dir='ltr'><strong>ιο</strong></span> <span class='ocrx_word' id='word_1_7' title='bbox 789 490 838 529; x_wconf 79' lang='lat' dir='ltr'><strong>P.</strong></span> 
     </span>
    </p>
   </div>
   <div class='ocr_carea' id='block_1_2' title="bbox 414 573 3105 1831">
    <p class='ocr_par' dir='ltr' id='par_1_2' title="bbox 491 573 3105 976">
     <span class='ocr_line' id='line_1_3' title="bbox 491 573 3105 657; baseline 0.001 -23"><span class='ocrx_word' id='word_1_8' title='bbox 491 574 739 654; x_wconf 78' lang='lat' dir='ltr'>syllabae</span> <span class='ocrx_word' id='word_1_9' title='bbox 801 576 1167 653; x_wconf 78' lang='lat' dir='ltr'><strong>posteritatis</strong></span> <span class='ocrx_word' id='word_1_10' title='bbox 1227 576 1358 636; x_wconf 91' lang='lat' dir='ltr'><strong>iure</strong></span> <span class='ocrx_word' id='word_1_11' title='bbox 1421 574 1679 635; x_wconf 77' lang='lat' dir='ltr'><strong>detinuit</strong></span> <span class='ocrx_word' id='word_1_12' title='bbox 1738 573 2018 653; x_wconf 87' lang='lat' dir='ltr'><strong>regulam.</strong></span> <span class='ocrx_word' id='word_1_13' title='bbox 2127 573 2316 653; x_wconf 91' lang='lat' dir='ltr'><strong>probo</strong></span> <span class='ocrx_word' id='word_1_14' title='bbox 2378 577 2536 636; x_wconf 88' lang='lat' dir='ltr'><strong>enim</strong></span> <span class='ocrx_word' id='word_1_15' title='bbox 2601 585 2745 656; x_wconf 89' lang='lat' dir='ltr'><strong>puto</strong></span> <span class='ocrx_word' id='word_1_16' title='bbox 2810 575 2925 637; x_wconf 91' lang='lat' dir='ltr'><strong>dici</strong></span> <span class='ocrx_word' id='word_1_17' title='bbox 2996 596 3105 657; x_wconf 87' lang='lat' dir='ltr'><strong>per</strong></span> 
     </span>
     <span class='ocr_line' id='line_1_4' title="bbox 493 680 3104 765; baseline 0 -23"><span class='ocrx_word' id='word_1_18' title='bbox 493 680 914 742; x_wconf 78' lang='lat' dir='ltr'><strong>detractionem</strong></span> <span class='ocrx_word' id='word_1_19' title='bbox 953 700 984 741; x_wconf 90' lang='lat' dir='ltr'><strong>r</strong></span> <span class='ocrx_word' id='word_1_20' title='bbox 1026 680 1284 764; x_wconf 83' lang='lat' dir='ltr'><strong>litterae,</strong></span> <span class='ocrx_word' id='word_1_21' title='bbox 1331 701 1465 743; x_wconf 89' lang='lat' dir='ltr'><strong>cum</strong></span> <span class='ocrx_word' id='word_1_22' title='bbox 1505 684 1873 742; x_wconf 87' lang='lat' dir='ltr'><strong>contrarium</strong></span> <span class='ocrx_word' id='word_1_23' title='bbox 1910 683 2040 743; x_wconf 86' lang='lat' dir='ltr'><strong>eius</strong></span> <span class='ocrx_word' id='word_1_24' title='bbox 2077 681 2373 761; x_wconf 83' lang='lat' dir='ltr'><strong>exprobro</strong></span> <span class='ocrx_word' id='word_1_25' title='bbox 2411 691 2820 765; x_wconf 87' lang='lat' dir='ltr'><strong>nuncupatur,</strong></span> <span class='ocrx_word' id='word_1_26' title='bbox 2866 693 2927 744; x_wconf 89' lang='lat' dir='ltr'><strong>et</strong></span> <span class='ocrx_word' id='word_1_27' title='bbox 2971 684 3104 744; x_wconf 86' lang='lat' dir='ltr'><strong>ideo</strong></span> 
     </span>
     <span class='ocr_line' id='line_1_5' title="bbox 493 765 3104 868; baseline 0.001 -22"><span class='ocrx_word' id='word_1_28' title='bbox 493 787 529 846; x_wconf 92' lang='lat' dir='ltr'><strong>b</strong></span> <span class='ocrx_word' id='word_1_29' title='bbox 590 796 807 849; x_wconf 89' lang='lat' dir='ltr'><strong>mutam</strong></span> <span class='ocrx_word' id='word_1_30' title='bbox 870 787 1128 849; x_wconf 83' lang='lat' dir='ltr'><strong>arbitror</strong></span> <span class='ocrx_word' id='word_1_31' title='bbox 1187 788 1595 868; x_wconf 87' lang='lat' dir='ltr'><strong>apponendam</strong></span> <span class='ocrx_word' id='word_1_32' title='bbox 1665 789 1829 848; x_wconf 86' lang='lat' dir='ltr'><strong>iuxta</strong></span> <span class='ocrx_word' id='word_1_33' title='bbox 1887 765 2152 867; x_wconf 81' lang='lat' dir='ltr'><strong>regulam</strong></span> <span class='ocrx_word' id='word_1_34' title='bbox 2212 806 2390 868; x_wconf 87' lang='lat' dir='ltr'><strong>quam</strong></span> <span class='ocrx_word' id='word_1_35' title='bbox 2458 790 2520 849; x_wconf 92' lang='lat' dir='ltr'><strong>in</strong></span> <span class='ocrx_word' id='word_1_36' title='bbox 2592 789 2930 850; x_wconf 87' lang='lat' dir='ltr'><strong>nominibus</strong></span> <span class='ocrx_word' id='word_1_37' title='bbox 2994 808 3104 850; x_wconf 92' lang='lat' dir='ltr'><strong>nos</strong></span> 
     </span>
     <span class='ocr_line' id='line_1_6' title="bbox 491 894 3105 976; baseline 0.001 -22"><span class='ocrx_word' id='word_1_38' title='bbox 491 894 720 955; x_wconf 84' lang='lat' dir='ltr'><strong>dedisse</strong></span> <span class='ocrx_word' id='word_1_39' title='bbox 769 897 1161 956; x_wconf 84' lang='lat' dir='ltr'><strong>meminimus.</strong></span> <span class='ocrx_word' id='word_1_40' title='bbox 1237 903 1298 956; x_wconf 90' lang='lat' dir='ltr'><strong>et</strong></span> <span class='ocrx_word' id='word_1_41' title='bbox 1356 894 1474 955; x_wconf 92' lang='lat' dir='ltr'><strong>libo</strong></span> <span class='ocrx_word' id='word_1_42' title='bbox 1522 913 1554 956; x_wconf 89' lang='lat' dir='ltr'><strong>a</strong></span> <span class='ocrx_word' id='word_1_43' title='bbox 1609 913 1824 975; x_wconf 86' lang='lat' dir='ltr'><strong>graeco</strong></span> <span class='ocrx_word' id='word_1_44' title='bbox 1880 894 2229 956; x_wconf 89' lang='lat' dir='ltr'><strong>translatum</strong></span> <span class='ocrx_word' id='word_1_45' title='bbox 2285 913 2418 955; x_wconf 90' lang='lat' dir='ltr'><strong>esse</strong></span> <span class='ocrx_word' id='word_1_46' title='bbox 2465 895 2842 976; x_wconf 78' lang='lat' dir='ltr'><strong>confidimnS,</strong></span> <span class='ocrx_word' id='word_1_47' title='bbox 2898 903 2966 956; x_wconf 90' lang='lat' dir='ltr'><strong>ut</strong></span> <span class='ocrx_word' id='word_1_48' title='bbox 3012 901 3105 956; x_wconf 89' lang='lat' dir='ltr'><strong>est</strong></span> 
     </span>
    </p>

    <p class='ocr_par' dir='ltr' id='par_1_3' title="bbox 437 991 3103 1506">
     <span class='ocr_line' id='line_1_7' title="bbox 437 991 3101 1082; baseline -0 -21"><span class='ocrx_word' id='word_1_49' title='bbox 437 1011 463 1050; x_wconf 84' lang='lat'><strong>5</strong></span> <span class='ocrx_word' id='word_1_50' title='bbox 492 993 592 1061; x_wconf 82' lang='grc' dir='ltr'><strong>ἐπὶ</strong></span> <span class='ocrx_word' id='word_1_51' title='bbox 648 991 707 1060; x_wconf 74' lang='grc' dir='ltr'><strong>δ’</strong></span> <span class='ocrx_word' id='word_1_52' title='bbox 753 1001 1008 1061; x_wconf 76' lang='grc' dir='ltr'><strong><em>αἴθοπα</em></strong></span> <span class='ocrx_word' id='word_1_53' title='bbox 1056 991 1248 1062; x_wconf 84' lang='grc' dir='ltr'><strong><em>οἶνον</em></strong></span> <span class='ocrx_word' id='word_1_54' title='bbox 1295 1001 1487 1082; x_wconf 79' lang='grc' dir='ltr'><strong><em>λεῖβε.</em></strong></span> <span class='ocrx_word' id='word_1_55' title='bbox 1563 1011 1871 1082; x_wconf 88' lang='lat' dir='ltr'><strong>praeterea</strong></span> <span class='ocrx_word' id='word_1_56' title='bbox 1920 1004 2290 1082; x_wconf 82' lang='lat' dir='ltr'><strong>quaerimuS,</strong></span> <span class='ocrx_word' id='word_1_57' title='bbox 2346 1019 2529 1081; x_wconf 82' lang='lat' dir='ltr'><strong>quare</strong></span> <span class='ocrx_word' id='word_1_58' title='bbox 2586 1001 2833 1062; x_wconf 80' lang='lat' dir='ltr'><strong>verbum</strong></span> <span class='ocrx_word' id='word_1_59' title='bbox 2882 1020 3101 1063; x_wconf 83' lang='lat' dir='ltr'><strong>enervo</strong></span> 
     </span>
     <span class='ocr_line' id='line_1_8' title="bbox 492 1097 3102 1192; baseline 0.002 -27"><span class='ocrx_word' id='word_1_60' title='bbox 492 1106 906 1186; x_wconf 81' lang='lat' dir='ltr'><strong>disyllaborum</strong></span> <span class='ocrx_word' id='word_1_61' title='bbox 963 1108 1424 1187; x_wconf 87' lang='lat' dir='ltr'><strong>supergrediens</strong></span> <span class='ocrx_word' id='word_1_62' title='bbox 1484 1126 1797 1170; x_wconf 86' lang='lat' dir='ltr'><strong>numerum</strong></span> <span class='ocrx_word' id='word_1_63' title='bbox 1857 1116 1916 1168; x_wconf 88' lang='lat' dir='ltr'><strong>et</strong></span> <span class='ocrx_word' id='word_1_64' title='bbox 1973 1097 2410 1186; x_wconf 72' lang='lat' dir='ltr'><strong>con&#39;iugationis</strong></span> <span class='ocrx_word' id='word_1_65' title='bbox 2468 1110 2693 1192; x_wconf 72' lang='lat' dir='ltr'><strong>primae</strong></span> <span class='ocrx_word' id='word_1_66' title='bbox 2751 1126 2818 1168; x_wconf 89' lang='lat' dir='ltr'><strong>ac</strong></span> <span class='ocrx_word' id='word_1_67' title='bbox 2877 1110 3102 1188; x_wconf 83' lang='lat' dir='ltr'><strong>primae</strong></span> 
     </span>
     <span class='ocr_line' id='line_1_9' title="bbox 493 1212 3100 1294; baseline 0.001 -22"><span class='ocrx_word' id='word_1_68' title='bbox 493 1215 706 1292; x_wconf 90' lang='lat' dir='ltr'><strong>speciei</strong></span> <span class='ocrx_word' id='word_1_69' title='bbox 736 1216 1070 1275; x_wconf 85' lang='lat' dir='ltr'><strong>consistens</strong></span> <span class='ocrx_word' id='word_1_70' title='bbox 1100 1234 1218 1275; x_wconf 92' lang='lat' dir='ltr'><strong>non</strong></span> <span class='ocrx_word' id='word_1_71' title='bbox 1246 1233 1357 1294; x_wconf 90' lang='lat' dir='ltr'><strong>per</strong></span> <span class='ocrx_word' id='word_1_72' title='bbox 1385 1215 1424 1275; x_wconf 91' lang='lat' dir='ltr'><strong>b</strong></span> <span class='ocrx_word' id='word_1_73' title='bbox 1463 1222 1684 1276; x_wconf 88' lang='lat' dir='ltr'><strong>mutam</strong></span> <span class='ocrx_word' id='word_1_74' title='bbox 1724 1213 1828 1275; x_wconf 91' lang='lat' dir='ltr'><strong>sed</strong></span> <span class='ocrx_word' id='word_1_75' title='bbox 1867 1232 1975 1294; x_wconf 88' lang='lat' dir='ltr'><strong>per</strong></span> <span class='ocrx_word' id='word_1_76' title='bbox 2004 1233 2037 1272; x_wconf 87' lang='lat' dir='ltr'>v</span> <span class='ocrx_word' id='word_1_77' title='bbox 2075 1212 2386 1294; x_wconf 85' lang='lat' dir='ltr'><strong>scribitur,</strong></span> <span class='ocrx_word' id='word_1_78' title='bbox 2424 1223 2484 1275; x_wconf 90' lang='lat' dir='ltr'><strong>et</strong></span> <span class='ocrx_word' id='word_1_79' title='bbox 2524 1213 2777 1275; x_wconf 89' lang='lat' dir='ltr'><strong>dicimus</strong></span> <span class='ocrx_word' id='word_1_80' title='bbox 2807 1216 3100 1294; x_wconf 89' lang='lat' dir='ltr'><strong>quaestio-</strong></span> 
     </span>
     <span class='ocr_line' id='line_1_10' title="bbox 493 1320 3103 1403; baseline 0.001 -24"><span class='ocrx_word' id='word_1_81' title='bbox 493 1337 623 1379; x_wconf 90' lang='lat' dir='ltr'><strong>nem</strong></span> <span class='ocrx_word' id='word_1_82' title='bbox 671 1320 994 1403; x_wconf 78' lang='lat' dir='ltr'><strong>solventeS,</strong></span> <span class='ocrx_word' id='word_1_83' title='bbox 1040 1323 1178 1401; x_wconf 87' lang='lat' dir='ltr'><strong>quia</strong></span> <span class='ocrx_word' id='word_1_84' title='bbox 1223 1340 1256 1382; x_wconf 94' lang='lat' dir='ltr'><strong>e</strong></span> <span class='ocrx_word' id='word_1_85' title='bbox 1304 1320 1476 1401; x_wconf 87' lang='lat' dir='ltr'><strong>longa</strong></span> <span class='ocrx_word' id='word_1_86' title='bbox 1521 1323 1882 1401; x_wconf 87' lang='lat' dir='ltr'><strong>praepositio</strong></span> <span class='ocrx_word' id='word_1_87' title='bbox 1929 1328 2048 1401; x_wconf 90' lang='lat' dir='ltr'><strong>est,</strong></span> <span class='ocrx_word' id='word_1_88' title='bbox 2096 1329 2156 1381; x_wconf 88' lang='lat' dir='ltr'><strong>et</strong></span> <span class='ocrx_word' id='word_1_89' title='bbox 2202 1320 2335 1381; x_wconf 90' lang='lat' dir='ltr'><strong>ideo</strong></span> <span class='ocrx_word' id='word_1_90' title='bbox 2384 1320 2801 1401; x_wconf 76' lang='lat' dir='ltr'><strong>disyllaborum</strong></span> <span class='ocrx_word' id='word_1_91' title='bbox 2849 1323 3103 1401; x_wconf 85' lang='lat' dir='ltr'><strong>arripuit</strong></span> 
     </span>
     <span class='ocr_line' id='line_1_11' title="bbox 492 1427 766 1506; baseline 0.007 -19"><span class='ocrx_word' id='word_1_92' title='bbox 492 1427 766 1506; x_wconf 87' lang='lat' dir='ltr'><strong>regulam.</strong></span> 
     </span>
    </p>

    <p class='ocr_par' dir='ltr' id='par_1_4' title="bbox 414 1533 3101 1831">
     <span class='ocr_line' id='line_1_12' title="bbox 414 1533 3101 1615; baseline -0.001 -16"><span class='ocrx_word' id='word_1_93' title='bbox 414 1545 465 1585; x_wconf 87' lang='lat'><strong>¹⁰</strong></span> <span class='ocrx_word' id='word_1_94' title='bbox 622 1583 636 1599; x_wconf 85' lang='lat'><strong>.</strong></span> <span class='ocrx_word' id='word_1_95' title='bbox 665 1534 779 1595; x_wconf 90' lang='lat' dir='ltr'><strong>Sed</strong></span> <span class='ocrx_word' id='word_1_96' title='bbox 840 1537 977 1615; x_wconf 84' lang='lat' dir='ltr'><strong>quia</strong></span> <span class='ocrx_word' id='word_1_97' title='bbox 1035 1534 1281 1611; x_wconf 73' lang='lat' dir='ltr'><strong>evenit!</strong></span> <span class='ocrx_word' id='word_1_98' title='bbox 1323 1535 1608 1615; x_wconf 87' lang='lat' dir='ltr'><strong>quaedam</strong></span> <span class='ocrx_word' id='word_1_99' title='bbox 1667 1536 1843 1596; x_wconf 81' lang='lat' dir='ltr'><strong>verba</strong></span> <span class='ocrx_word' id='word_1_100' title='bbox 1902 1539 1961 1596; x_wconf 91' lang='lat' dir='ltr'><strong>in</strong></span> <span class='ocrx_word' id='word_1_101' title='bbox 2011 1535 2215 1597; x_wconf 91' lang='lat' dir='ltr'><strong>ultima</strong></span> <span class='ocrx_word' id='word_1_102' title='bbox 2268 1533 2509 1615; x_wconf 89' lang='lat' dir='ltr'><strong>quidem</strong></span> <span class='ocrx_word' id='word_1_103' title='bbox 2555 1543 2659 1596; x_wconf 89' lang='lat' dir='ltr'><strong>aut</strong></span> <span class='ocrx_word' id='word_1_104' title='bbox 2714 1536 3101 1596; x_wconf 83' lang='lat' dir='ltr'><strong>antecedente</strong></span> 
     </span>
     <span class='ocr_line' id='line_1_13' title="bbox 491 1639 3101 1723; baseline 0.001 -24"><span class='ocrx_word' id='word_1_105' title='bbox 491 1639 702 1719; x_wconf 85' lang='lat' dir='ltr'><strong>syllaba</strong></span> <span class='ocrx_word' id='word_1_106' title='bbox 751 1643 976 1720; x_wconf 87' lang='lat' dir='ltr'><strong>primae</strong></span> <span class='ocrx_word' id='word_1_107' title='bbox 1022 1660 1312 1722; x_wconf 89' lang='lat' dir='ltr'><strong>personae</strong></span> <span class='ocrx_word' id='word_1_108' title='bbox 1350 1661 1385 1700; x_wconf 85' lang='lat' dir='ltr'>v</span> <span class='ocrx_word' id='word_1_109' title='bbox 1430 1642 1689 1704; x_wconf 88' lang='lat' dir='ltr'><strong>litteram</strong></span> <span class='ocrx_word' id='word_1_110' title='bbox 1728 1661 1848 1703; x_wconf 91' lang='lat' dir='ltr'><strong>non</strong></span> <span class='ocrx_word' id='word_1_111' title='bbox 1895 1641 2142 1723; x_wconf 88' lang='lat' dir='ltr'><strong>babere,</strong></span> <span class='ocrx_word' id='word_1_112' title='bbox 2189 1644 2250 1703; x_wconf 87' lang='lat' dir='ltr'><strong>in</strong></span> <span class='ocrx_word' id='word_1_113' title='bbox 2298 1640 2558 1703; x_wconf 88' lang='lat' dir='ltr'><strong>secunda</strong></span> <span class='ocrx_word' id='word_1_114' title='bbox 2605 1660 2746 1701; x_wconf 83' lang='lat' dir='ltr'><strong>vero</strong></span> <span class='ocrx_word' id='word_1_115' title='bbox 2793 1644 3101 1703; x_wconf 88' lang='lat' dir='ltr'><strong>continere</strong></span> 
     </span>
     <span class='ocr_line' id='line_1_14' title="bbox 489 1748 3100 1831; baseline 0.001 -26"><span class='ocrx_word' id='word_1_116' title='bbox 489 1764 770 1828; x_wconf 89' lang='lat' dir='ltr'><strong>persona,</strong></span> <span class='ocrx_word' id='word_1_117' title='bbox 815 1755 883 1808; x_wconf 89' lang='lat' dir='ltr'><strong>ut</strong></span> <span class='ocrx_word' id='word_1_118' title='bbox 927 1748 1059 1809; x_wconf 85' lang='lat' dir='ltr'><strong>volo</strong></span> <span class='ocrx_word' id='word_1_119' title='bbox 1105 1750 1221 1830; x_wconf 68' lang='grc' dir='ltr'><strong>νίς,</strong></span> <span class='ocrx_word' id='word_1_120' title='bbox 1268 1749 1420 1810; x_wconf 89' lang='lat' dir='ltr'><strong>malo</strong></span> <span class='ocrx_word' id='word_1_121' title='bbox 1469 1752 1680 1831; x_wconf 84' lang='lat' dir='ltr'><strong>mavis,</strong></span> <span class='ocrx_word' id='word_1_122' title='bbox 1727 1749 2014 1829; x_wconf 89' lang='lat' dir='ltr'><strong>quaedam</strong></span> <span class='ocrx_word' id='word_1_123' title='bbox 2060 1751 2123 1809; x_wconf 86' lang='lat' dir='ltr'><strong>in</strong></span> <span class='ocrx_word' id='word_1_124' title='bbox 2168 1750 2490 1829; x_wconf 86' lang='lat' dir='ltr'><strong>praeterito</strong></span> <span class='ocrx_word' id='word_1_125' title='bbox 2539 1756 2766 1809; x_wconf 88' lang='lat' dir='ltr'><strong>tantum</strong></span> <span class='ocrx_word' id='word_1_126' title='bbox 2815 1748 3100 1828; x_wconf 77' lang='lat' dir='ltr'><strong>perfecto,</strong></span> 
     </span>
    </p>
   </div>
   <div class='ocr_carea' id='block_1_3' title="bbox 492 1855 3207 1948">
    <p class='ocr_par' dir='ltr' id='par_1_5' title="bbox 492 1855 3207 1948">
     <span class='ocr_line' id='line_1_15' title="bbox 492 1855 3207 1948; baseline 0 -35"><span class='ocrx_word' id='word_1_127' title='bbox 492 1871 605 1913; x_wconf 89' lang='lat' dir='ltr'><strong>non</strong></span> <span class='ocrx_word' id='word_1_128' title='bbox 645 1861 839 1914; x_wconf 88' lang='lat' dir='ltr'><strong>tamen</strong></span> <span class='ocrx_word' id='word_1_129' title='bbox 879 1856 939 1915; x_wconf 92' lang='lat' dir='ltr'><strong>in</strong></span> <span class='ocrx_word' id='word_1_130' title='bbox 978 1857 1271 1934; x_wconf 88' lang='lat' dir='ltr'><strong>positione</strong></span> <span class='ocrx_word' id='word_1_131' title='bbox 1311 1874 1444 1937; x_wconf 89' lang='lat' dir='ltr'><strong>sua,</strong></span> <span class='ocrx_word' id='word_1_132' title='bbox 1482 1864 1548 1917; x_wconf 90' lang='lat' dir='ltr'><strong>ut</strong></span> <span class='ocrx_word' id='word_1_133' title='bbox 1592 1855 1820 1935; x_wconf 81' lang='lat' dir='ltr'><strong>gaudeo</strong></span> <span class='ocrx_word' id='word_1_134' title='bbox 1858 1858 2093 1935; x_wconf 86' lang='lat' dir='ltr'><strong>gavisus</strong></span> <span class='ocrx_word' id='word_1_135' title='bbox 2132 1875 2292 1938; x_wconf 90' lang='lat' dir='ltr'><strong>sum,</strong></span> <span class='ocrx_word' id='word_1_136' title='bbox 2330 1863 2391 1916; x_wconf 90' lang='lat' dir='ltr'><strong>et</strong></span> <span class='ocrx_word' id='word_1_137' title='bbox 2428 1873 2639 1916; x_wconf 88' lang='lat' dir='ltr'><strong>rursus</strong></span> <span class='ocrx_word' id='word_1_138' title='bbox 2676 1856 2738 1914; x_wconf 89' lang='lat' dir='ltr'><strong>in</strong></span> <span class='ocrx_word' id='word_1_139' title='bbox 2776 1856 3099 1933; x_wconf 88' lang='lat' dir='ltr'><strong>praeterito</strong></span> <span class='ocrx_word' id='word_1_140' title='bbox 3194 1937 3207 1948; x_wconf 23' lang='grc' dir='ltr'>χ</span> 
     </span>
    </p>
   </div>
   <div class='ocr_carea' id='block_1_4' title="bbox 493 1949 3098 2043">
    <p class='ocr_par' dir='ltr' id='par_1_6' title="bbox 493 1949 3098 2043">
     <span class='ocr_line' id='line_1_16' title="bbox 493 1949 3098 2043; baseline 0 -24"><span class='ocrx_word' id='word_1_141' title='bbox 493 1959 753 2038; x_wconf 82' lang='lat' dir='ltr'><strong>perfecto</strong></span> <span class='ocrx_word' id='word_1_142' title='bbox 790 1981 823 2020; x_wconf 88' lang='lat' dir='ltr'>v</span> <span class='ocrx_word' id='word_1_143' title='bbox 872 1959 1127 2023; x_wconf 68' lang='lat' dir='ltr'><strong>litteram</strong></span> <span class='ocrx_word' id='word_1_144' title='bbox 1174 1965 1413 2043; x_wconf 89' lang='lat' dir='ltr'><strong>penitus</strong></span> <span class='ocrx_word' id='word_1_145' title='bbox 1452 1982 1570 2024; x_wconf 90' lang='lat' dir='ltr'><strong>non</strong></span> <span class='ocrx_word' id='word_1_146' title='bbox 1601 1949 1872 2024; x_wconf 76' lang='lat' dir='ltr'><strong>⁴habente</strong></span> <span class='ocrx_word' id='word_1_147' title='bbox 1920 1962 2063 2023; x_wconf 87' lang='lat' dir='ltr'><strong>alias</strong></span> <span class='ocrx_word' id='word_1_148' title='bbox 2109 1981 2396 2043; x_wconf 88' lang='lat' dir='ltr'><strong>personas</strong></span> <span class='ocrx_word' id='word_1_149' title='bbox 2442 1963 2503 2022; x_wconf 92' lang='lat' dir='ltr'><strong>in</strong></span> <span class='ocrx_word' id='word_1_150' title='bbox 2551 1959 2923 2040; x_wconf 86' lang='lat' dir='ltr'><strong>temporibus</strong></span> <span class='ocrx_word' id='word_1_151' title='bbox 2969 1960 3098 2021; x_wconf 89' lang='lat' dir='ltr'><strong>aliis</strong></span> 
     </span>
    </p>
   </div>
   <div class='ocr_carea' id='block_1_5' title="bbox 497 2073 828 2082">
    <p class='ocr_par' dir='ltr' id='par_1_7' title="bbox 497 2073 828 2082">
     <span class='ocr_line' id='line_1_17' title="bbox 497 2073 828 2082; baseline 0 3446"><span class='ocrx_word' id='word_1_152' title='bbox 497 2073 828 2082; x_wconf 95' lang='lat' dir='ltr'><strong> </strong></span> 
     </span>
    </p>
   </div>
   <div class='ocr_carea' id='block_1_6' title="bbox 490 2111 3123 2505">
    <p class='ocr_par' dir='ltr' id='par_1_8' title="bbox 490 2111 3123 2505">
     <span class='ocr_line' id='line_1_18' title="bbox 669 2111 3100 2186; baseline -0.001 -18"><span class='ocrx_word' id='word_1_153' title='bbox 669 2121 693 2168; x_wconf 86' lang='lat'>1</span> <span class='ocrx_word' id='word_1_154' title='bbox 732 2114 991 2170; x_wconf 73' lang='lat' dir='ltr'><strong>detenuit</strong></span> <span class='ocrx_word' id='word_1_155' title='bbox 1024 2115 1140 2170; x_wconf 80' lang='lat' dir='ltr'><strong>AG</strong></span> <span class='ocrx_word' id='word_1_156' title='bbox 1171 2115 1404 2171; x_wconf 77' lang='lat' dir='ltr'><strong>retinuit</strong></span> <span class='ocrx_word' id='word_1_157' title='bbox 1439 2117 1494 2170; x_wconf 92' lang='lat' dir='ltr'><em>B</em></span> <span class='ocrx_word' id='word_1_158' title='bbox 1638 2122 1670 2171; x_wconf 81' lang='lat'><strong>2</strong></span> <span class='ocrx_word' id='word_1_159' title='bbox 1709 2116 1956 2186; x_wconf 85' lang='lat' dir='ltr'><strong>exprobo</strong></span> <span class='ocrx_word' id='word_1_160' title='bbox 1993 2116 2048 2170; x_wconf 99' lang='grc' dir='ltr'><strong><em>Β</em></strong></span> <span class='ocrx_word' id='word_1_161' title='bbox 2210 2123 2242 2169; x_wconf 88' lang='lat'>3</span> <span class='ocrx_word' id='word_1_162' title='bbox 2280 2116 2341 2170; x_wconf 86' lang='lat' dir='ltr'><strong>in</strong></span> <span class='ocrx_word' id='word_1_163' title='bbox 2376 2113 2697 2171; x_wconf 87' lang='lat' dir='ltr'><strong>hominibus</strong></span> <span class='ocrx_word' id='word_1_164' title='bbox 2735 2114 2788 2167; x_wconf 99' lang='lat' dir='ltr'><strong><em>A</em></strong></span> <span class='ocrx_word' id='word_1_165' title='bbox 2826 2112 2885 2166; x_wconf 85' lang='lat' dir='ltr'><strong>in</strong></span> <span class='ocrx_word' id='word_1_166' title='bbox 2922 2111 3100 2168; x_wconf 88' lang='lat' dir='ltr'><strong>omni-</strong></span> 
     </span>
     <span class='ocr_line' id='line_1_19' title="bbox 490 2192 3123 2269; baseline 0.002 -23"><span class='ocrx_word' id='word_1_167' title='bbox 490 2192 591 2246; x_wconf 83' lang='lat' dir='ltr'><strong>bus</strong></span> <span class='ocrx_word' id='word_1_168' title='bbox 635 2193 752 2247; x_wconf 84' lang='lat' dir='ltr'><strong>BC</strong></span> <span class='ocrx_word' id='word_1_169' title='bbox 927 2202 962 2250; x_wconf 84' lang='lat'>4</span> <span class='ocrx_word' id='word_1_170' title='bbox 1007 2198 1071 2249; x_wconf 79' lang='lat' dir='ltr'><strong>ut</strong></span> <span class='ocrx_word' id='word_1_171' title='bbox 1119 2228 1187 2235; x_wconf 89' lang='lat'><strong>—</strong></span> <span class='ocrx_word' id='word_1_172' title='bbox 1234 2196 1410 2269; x_wconf 79' lang='grc' dir='ltr'><strong><em>λεῖβε]</em></strong></span> <span class='ocrx_word' id='word_1_173' title='bbox 1457 2197 1522 2250; x_wconf 80' lang='lat' dir='ltr'><strong>ut</strong></span> <span class='ocrx_word' id='word_1_174' title='bbox 1566 2200 1597 2249; x_wconf 76' lang='grc' dir='ltr'><em>ὃ</em></span> <span class='ocrx_word' id='word_1_175' title='bbox 1645 2194 1737 2249; x_wconf 87' lang='lat' dir='ltr'><strong>eni</strong></span> <span class='ocrx_word' id='word_1_176' title='bbox 1785 2196 1854 2250; x_wconf 83' lang='lat' dir='ltr'><strong>de</strong></span> <span class='ocrx_word' id='word_1_177' title='bbox 1902 2192 2374 2256; x_wconf 70' lang='grc' dir='ltr'>ΕΟΠὸΟΙΝΟὸΒΕ</span> <span class='ocrx_word' id='word_1_178' title='bbox 2421 2196 2586 2250; x_wconf 73' lang='lat' dir='ltr'><strong>codex</strong></span> <span class='ocrx_word' id='word_1_179' title='bbox 2633 2194 2932 2249; x_wconf 70' lang='lat' dir='ltr'><strong>Bermnsis</strong></span> <span class='ocrx_word' id='word_1_180' title='bbox 2967 2198 3123 2266; x_wconf 38' lang='lat'><strong>243,-</strong></span> 
     </span>
     <span class='ocr_line' id='line_1_20' title="bbox 491 2269 3097 2344; baseline 0.001 -16"><span class='ocrx_word' id='word_1_181' title='bbox 491 2269 1175 2331; x_wconf 70' lang='grc' dir='ltr'>ΕΠΙΔΕΘΟΠὸΟΙΝΟΛΒΕ</span> <span class='ocrx_word' id='word_1_182' title='bbox 1211 2274 1267 2328; x_wconf 91' lang='grc' dir='ltr'><strong><em>Β</em></strong></span> <span class='ocrx_word' id='word_1_183' title='bbox 1305 2272 2005 2335; x_wconf 75' lang='grc' dir='ltr'>ΜΕΤΙΔΕΦΠὸΟΙΝΟΝΒΕ</span> <span class='ocrx_word' id='word_1_184' title='bbox 2042 2277 2124 2344; x_wconf 86' lang='lat' dir='ltr'><strong>A,</strong></span> <span class='ocrx_word' id='word_1_185' title='bbox 2163 2292 2263 2330; x_wconf 83' lang='lat' dir='ltr'><strong>om.</strong></span> <span class='ocrx_word' id='word_1_186' title='bbox 2305 2275 2391 2333; x_wconf 82' lang='grc' dir='ltr'><strong>Ος</strong></span> <span class='ocrx_word' id='word_1_187' title='bbox 2515 2282 2547 2330; x_wconf 90' lang='lat'>8</span> <span class='ocrx_word' id='word_1_188' title='bbox 2585 2273 2718 2344; x_wconf 84' lang='lat' dir='ltr'><strong>quia.</strong></span> <span class='ocrx_word' id='word_1_189' title='bbox 2754 2276 2921 2343; x_wconf 77' lang='lat' dir='ltr'><strong>(qnae</strong></span> <span class='ocrx_word' id='word_1_190' title='bbox 2957 2290 3097 2330; x_wconf 80' lang='lat' dir='ltr'><strong>corr.</strong></span> 
     </span>
     <span class='ocr_line' id='line_1_21' title="bbox 491 2353 3101 2425; baseline 0 -18"><span class='ocrx_word' id='word_1_191' title='bbox 491 2353 619 2422; x_wconf 74' lang='lat' dir='ltr'><strong>quia</strong></span> <span class='ocrx_word' id='word_1_192' title='bbox 653 2370 682 2408; x_wconf 91' lang='lat' dir='ltr'><strong>e</strong></span> <span class='ocrx_word' id='word_1_193' title='bbox 723 2353 795 2421; x_wconf 83' lang='lat'><strong>0)</strong></span> <span class='ocrx_word' id='word_1_194' title='bbox 844 2356 931 2408; x_wconf 77' lang='lat' dir='ltr'><strong>est.</strong></span> <span class='ocrx_word' id='word_1_195' title='bbox 974 2353 1145 2423; x_wconf 83' lang='lat' dir='ltr'><strong>longa.</strong></span> <span class='ocrx_word' id='word_1_196' title='bbox 1191 2354 1533 2424; x_wconf 81' lang='lat' dir='ltr'><strong>praepositio</strong></span> <span class='ocrx_word' id='word_1_197' title='bbox 1571 2358 1630 2411; x_wconf 77' lang='lat' dir='ltr'><strong>et</strong></span> <span class='ocrx_word' id='word_1_198' title='bbox 1673 2355 1800 2410; x_wconf 90' lang='lat' dir='ltr'><strong>ideo</strong></span> <span class='ocrx_word' id='word_1_199' title='bbox 1838 2356 1893 2408; x_wconf 89' lang='lat' dir='ltr'><strong><em>A</em></strong></span> <span class='ocrx_word' id='word_1_200' title='bbox 1910 2353 1957 2408; x_wconf 81' lang='lat'><em>0</em></span> <span class='ocrx_word' id='word_1_201' title='bbox 2123 2362 2189 2411; x_wconf 88' lang='lat'><strong>10</strong></span> <span class='ocrx_word' id='word_1_202' title='bbox 2236 2354 2337 2410; x_wconf 84' lang='lat' dir='ltr'><strong>sed</strong></span> <span class='ocrx_word' id='word_1_203' title='bbox 2374 2372 2482 2424; x_wconf 87' lang='lat' dir='ltr'><strong>que</strong></span> <span class='ocrx_word' id='word_1_204' title='bbox 2520 2358 2679 2425; x_wconf 80' lang='lat' dir='ltr'><strong>(corr.</strong></span> <span class='ocrx_word' id='word_1_205' title='bbox 2720 2354 2871 2423; x_wconf 81' lang='lat' dir='ltr'><strong>quia.)</strong></span> <span class='ocrx_word' id='word_1_206' title='bbox 2909 2354 3101 2408; x_wconf 80' lang='lat' dir='ltr'><strong>euenit</strong></span> 
     </span>
     <span class='ocr_line' id='line_1_22' title="bbox 490 2428 2919 2505; baseline -0 -18"><span class='ocrx_word' id='word_1_207' title='bbox 490 2435 538 2500; x_wconf 81' lang='lat' dir='ltr'><strong>(t.</strong></span> <span class='ocrx_word' id='word_1_208' title='bbox 569 2435 700 2502; x_wconf 75' lang='lat' dir='ltr'><strong>ras.)</strong></span> <span class='ocrx_word' id='word_1_209' title='bbox 735 2433 792 2486; x_wconf 90' lang='grc' dir='ltr'><strong><em>Β</em></strong></span> <span class='ocrx_word' id='word_1_210' title='bbox 830 2433 928 2488; x_wconf 81' lang='lat' dir='ltr'><strong>sed</strong></span> <span class='ocrx_word' id='word_1_211' title='bbox 965 2428 1158 2489; x_wconf 69' lang='lat' dir='ltr'><strong>eue&#39;nit,</strong></span> <span class='ocrx_word' id='word_1_212' title='bbox 1193 2435 1246 2488; x_wconf 88' lang='lat' dir='ltr'><strong><em>A</em></strong></span> <span class='ocrx_word' id='word_1_213' title='bbox 1287 2434 1386 2489; x_wconf 86' lang='lat' dir='ltr'><strong>sed</strong></span> <span class='ocrx_word' id='word_1_214' title='bbox 1422 2451 1567 2505; x_wconf 79' lang='lat' dir='ltr'><strong>quae</strong></span> <span class='ocrx_word' id='word_1_215' title='bbox 1604 2434 1828 2490; x_wconf 86' lang='lat' dir='ltr'><strong>euenire</strong></span> <span class='ocrx_word' id='word_1_216' title='bbox 1867 2433 1915 2488; x_wconf 82' lang='grc' dir='ltr'><em>Ο</em></span> <span class='ocrx_word' id='word_1_217' title='bbox 2055 2440 2118 2488; x_wconf 85' lang='lat'><strong>12</strong></span> <span class='ocrx_word' id='word_1_218' title='bbox 2157 2434 2390 2503; x_wconf 81' lang='lat' dir='ltr'><strong>quidam</strong></span> <span class='ocrx_word' id='word_1_219' title='bbox 2425 2434 2483 2488; x_wconf 89' lang='lat' dir='ltr'><strong>in</strong></span> <span class='ocrx_word' id='word_1_220' title='bbox 2519 2433 2826 2504; x_wconf 76' lang='lat' dir='ltr'><strong>praeterito</strong></span> <span class='ocrx_word' id='word_1_221' title='bbox 2864 2433 2919 2486; x_wconf 92' lang='lat' dir='ltr'><em>B</em></span> 
     </span>
    </p>
   </div>
   <div class='ocr_carea' id='block_1_7' title="bbox 1389 2682 2200 2741">
    <p class='ocr_par' dir='ltr' id='par_1_9' title="bbox 1389 2682 2200 2741">
     <span class='ocr_line' id='line_1_23' title="bbox 1389 2682 2200 2741; baseline 0.002 -4"><span class='ocrx_word' id='word_1_222' title='bbox 1389 2682 1758 2739; x_wconf 84' lang='lat' dir='ltr'>MARTYRII</span> <span class='ocrx_word' id='word_1_223' title='bbox 1793 2684 1892 2739; x_wconf 88' lang='lat' dir='ltr'><strong>DE</strong></span> <span class='ocrx_word' id='word_1_224' title='bbox 1931 2685 1977 2739; x_wconf 92' lang='lat' dir='ltr'>B</span> <span class='ocrx_word' id='word_1_225' title='bbox 2014 2685 2111 2741; x_wconf 82' lang='lat' dir='ltr'><strong>ET</strong></span> <span class='ocrx_word' id='word_1_226' title='bbox 2149 2685 2200 2739; x_wconf 89' lang='lat' dir='ltr'><strong>V</strong></span> 
     </span>
    </p>
   </div>
   <div class='ocr_carea' id='block_1_8' title="bbox 407 2830 3104 4618">
    <p class='ocr_par' dir='ltr' id='par_1_10' title="bbox 407 2830 3104 4618">
     <span class='ocr_line' id='line_1_24' title="bbox 489 2830 3097 2915; baseline 0 -24"><span class='ocrx_word' id='word_1_227' title='bbox 489 2832 763 2911; x_wconf 59' lang='lat' dir='ltr'><strong>regulam}</strong></span> <span class='ocrx_word' id='word_1_228' title='bbox 838 2832 1025 2912; x_wconf 89' lang='lat' dir='ltr'><strong>probo</strong></span> <span class='ocrx_word' id='word_1_229' title='bbox 1072 2834 1229 2894; x_wconf 91' lang='lat' dir='ltr'><strong>enim</strong></span> <span class='ocrx_word' id='word_1_230' title='bbox 1281 2842 1426 2913; x_wconf 89' lang='lat' dir='ltr'><strong>puto</strong></span> <span class='ocrx_word' id='word_1_231' title='bbox 1472 2833 1588 2894; x_wconf 89' lang='lat' dir='ltr'><strong>dici</strong></span> <span class='ocrx_word' id='word_1_232' title='bbox 1648 2853 1758 2915; x_wconf 90' lang='lat' dir='ltr'><strong>per</strong></span> <span class='ocrx_word' id='word_1_233' title='bbox 1803 2834 2233 2896; x_wconf 87' lang='lat' dir='ltr'><strong>detractionem</strong></span> <span class='ocrx_word' id='word_1_234' title='bbox 2280 2854 2312 2896; x_wconf 92' lang='lat' dir='ltr'><strong>r</strong></span> <span class='ocrx_word' id='word_1_235' title='bbox 2356 2835 2617 2915; x_wconf 88' lang='lat' dir='ltr'><strong>litterae,</strong></span> <span class='ocrx_word' id='word_1_236' title='bbox 2674 2830 2809 2895; x_wconf 84' lang='lat' dir='ltr'><strong>cum</strong></span> <span class='ocrx_word' id='word_1_237' title='bbox 2866 2841 3097 2893; x_wconf 90' lang='lat' dir='ltr'><strong>contra·</strong></span> 
     </span>
     <span class='ocr_line' id='line_1_25' title="bbox 488 2939 3099 3029; baseline 0 -32"><span class='ocrx_word' id='word_1_238' title='bbox 488 2939 635 2999; x_wconf 88' lang='lat' dir='ltr'><strong>rium</strong></span> <span class='ocrx_word' id='word_1_239' title='bbox 681 2942 813 3000; x_wconf 91' lang='lat' dir='ltr'><strong>eius</strong></span> <span class='ocrx_word' id='word_1_240' title='bbox 870 2939 1165 3021; x_wconf 87' lang='lat' dir='ltr'><strong>exprobro</strong></span> <span class='ocrx_word' id='word_1_241' title='bbox 1221 2949 1627 3022; x_wconf 89' lang='lat' dir='ltr'><strong>nuncupatur,</strong></span> <span class='ocrx_word' id='word_1_242' title='bbox 1681 2951 1741 3002; x_wconf 88' lang='lat' dir='ltr'><strong>et</strong></span> <span class='ocrx_word' id='word_1_243' title='bbox 1798 2940 1931 3002; x_wconf 89' lang='lat' dir='ltr'><strong>ideo</strong></span> <span class='ocrx_word' id='word_1_244' title='bbox 1986 2940 2025 3001; x_wconf 94' lang='lat' dir='ltr'><strong>b</strong></span> <span class='ocrx_word' id='word_1_245' title='bbox 2083 2950 2304 3002; x_wconf 90' lang='lat' dir='ltr'><strong>mutam</strong></span> <span class='ocrx_word' id='word_1_246' title='bbox 2361 2940 2621 3029; x_wconf 84' lang='lat' dir='ltr'><strong>arbitror</strong></span> <span class='ocrx_word' id='word_1_247' title='bbox 2680 2942 2740 3000; x_wconf 93' lang='lat' dir='ltr'><strong>in</strong></span> <span class='ocrx_word' id='word_1_248' title='bbox 2802 2940 3099 3018; x_wconf 89' lang='lat' dir='ltr'><strong>scriptura</strong></span> 
     </span>
     <span class='ocr_line' id='line_1_26' title="bbox 487 3044 3099 3125; baseline -0.001 -19"><span class='ocrx_word' id='word_1_249' title='bbox 487 3053 684 3107; x_wconf 85' lang='lat' dir='ltr'><strong>tenere</strong></span> <span class='ocrx_word' id='word_1_250' title='bbox 739 3049 902 3107; x_wconf 87' lang='lat' dir='ltr'><strong>iuxta</strong></span> <span class='ocrx_word' id='word_1_251' title='bbox 957 3045 1221 3125; x_wconf 86' lang='lat' dir='ltr'><strong>regulam</strong></span> <span class='ocrx_word' id='word_1_252' title='bbox 1277 3065 1455 3125; x_wconf 89' lang='lat' dir='ltr'><strong>quam</strong></span> <span class='ocrx_word' id='word_1_253' title='bbox 1509 3049 1570 3108; x_wconf 90' lang='lat' dir='ltr'><strong>in</strong></span> <span class='ocrx_word' id='word_1_254' title='bbox 1627 3046 1967 3109; x_wconf 86' lang='lat' dir='ltr'><strong>nominibus</strong></span> <span class='ocrx_word' id='word_1_255' title='bbox 2023 3046 2256 3108; x_wconf 87' lang='lat' dir='ltr'><strong>dedisse</strong></span> <span class='ocrx_word' id='word_1_256' title='bbox 2317 3048 2710 3108; x_wconf 80' lang='lat' dir='ltr'><strong>meminimus,</strong></span> <span class='ocrx_word' id='word_1_257' title='bbox 2786 3053 2846 3106; x_wconf 89' lang='lat' dir='ltr'><strong>et</strong></span> <span class='ocrx_word' id='word_1_258' title='bbox 2900 3044 3019 3105; x_wconf 88' lang='lat' dir='ltr'><strong>libo</strong></span> <span class='ocrx_word' id='word_1_259' title='bbox 3066 3063 3099 3104; x_wconf 92' lang='lat' dir='ltr'><strong>a</strong></span> 
     </span>
     <span class='ocr_line' id='line_1_27' title="bbox 487 3143 3097 3235; baseline -0.001 -23"><span class='ocrx_word' id='word_1_260' title='bbox 487 3170 693 3232; x_wconf 91' lang='lat' dir='ltr'><strong>graeco</strong></span> <span class='ocrx_word' id='word_1_261' title='bbox 748 3153 1102 3215; x_wconf 88' lang='lat' dir='ltr'><strong>translatum</strong></span> <span class='ocrx_word' id='word_1_262' title='bbox 1159 3172 1290 3214; x_wconf 89' lang='lat' dir='ltr'><strong>esse</strong></span> <span class='ocrx_word' id='word_1_263' title='bbox 1348 3153 1726 3235; x_wconf 80' lang='lat' dir='ltr'><strong>confidimuS,</strong></span> <span class='ocrx_word' id='word_1_264' title='bbox 1794 3163 1864 3216; x_wconf 88' lang='lat' dir='ltr'><strong>ut</strong></span> <span class='ocrx_word' id='word_1_265' title='bbox 1917 3162 2010 3215; x_wconf 90' lang='lat' dir='ltr'><strong>est</strong></span> <span class='ocrx_word' id='word_1_266' title='bbox 2065 3148 2169 3215; x_wconf 79' lang='grc' dir='ltr'><strong>ἐπὶ</strong></span> <span class='ocrx_word' id='word_1_267' title='bbox 2226 3144 2286 3215; x_wconf 77' lang='grc' dir='ltr'><strong>δ’</strong></span> <span class='ocrx_word' id='word_1_268' title='bbox 2339 3155 2595 3215; x_wconf 75' lang='grc' dir='ltr'><em>αἴθοπα</em></span> <span class='ocrx_word' id='word_1_269' title='bbox 2653 3143 2846 3213; x_wconf 78' lang='grc' dir='ltr'>οἶνον</span> <span class='ocrx_word' id='word_1_270' title='bbox 2902 3149 3097 3230; x_wconf 80' lang='grc' dir='ltr'><em>λεῖβε.</em></span> 
     </span>
     <span class='ocr_line' id='line_1_28' title="bbox 433 3256 3099 3340; baseline -0.001 -22"><span class='ocrx_word' id='word_1_271' title='bbox 433 3271 461 3311; x_wconf 75' lang='lat'><strong>5</strong></span> <span class='ocrx_word' id='word_1_272' title='bbox 488 3268 787 3338; x_wconf 86' lang='lat' dir='ltr'><strong>praeterea</strong></span> <span class='ocrx_word' id='word_1_273' title='bbox 860 3262 1231 3340; x_wconf 73' lang='lat' dir='ltr'><strong>quaerimuS,</strong></span> <span class='ocrx_word' id='word_1_274' title='bbox 1297 3278 1482 3339; x_wconf 90' lang='lat' dir='ltr'><strong>qnare</strong></span> <span class='ocrx_word' id='word_1_275' title='bbox 1551 3261 1799 3322; x_wconf 89' lang='lat' dir='ltr'><strong>verbum</strong></span> <span class='ocrx_word' id='word_1_276' title='bbox 1861 3278 2079 3321; x_wconf 81' lang='lat' dir='ltr'><strong>enervo</strong></span> <span class='ocrx_word' id='word_1_277' title='bbox 2149 3259 2566 3340; x_wconf 84' lang='lat' dir='ltr'><strong>disyllaborum</strong></span> <span class='ocrx_word' id='word_1_278' title='bbox 2639 3256 3099 3337; x_wconf 85' lang='lat' dir='ltr'><strong>supergrediens</strong></span> 
     </span>
     <span class='ocr_line' id='line_1_29' title="bbox 487 3362 3097 3447; baseline -0.001 -22"><span class='ocrx_word' id='word_1_279' title='bbox 487 3383 797 3426; x_wconf 89' lang='lat' dir='ltr'><strong>numerum</strong></span> <span class='ocrx_word' id='word_1_280' title='bbox 846 3374 906 3426; x_wconf 89' lang='lat' dir='ltr'><strong>et</strong></span> <span class='ocrx_word' id='word_1_281' title='bbox 952 3368 1383 3445; x_wconf 87' lang='lat' dir='ltr'><strong>coniugationis</strong></span> <span class='ocrx_word' id='word_1_282' title='bbox 1429 3371 1657 3447; x_wconf 90' lang='lat' dir='ltr'><strong>primae</strong></span> <span class='ocrx_word' id='word_1_283' title='bbox 1704 3385 1772 3428; x_wconf 84' lang='lat' dir='ltr'><strong>ac</strong></span> <span class='ocrx_word' id='word_1_284' title='bbox 1820 3369 2045 3447; x_wconf 89' lang='lat' dir='ltr'><strong>primae</strong></span> <span class='ocrx_word' id='word_1_285' title='bbox 2092 3369 2315 3447; x_wconf 84' lang='lat' dir='ltr'><strong>speciei</strong></span> <span class='ocrx_word' id='word_1_286' title='bbox 2362 3368 2698 3427; x_wconf 88' lang='lat' dir='ltr'><strong>consistens</strong></span> <span class='ocrx_word' id='word_1_287' title='bbox 2745 3383 2864 3425; x_wconf 92' lang='lat' dir='ltr'><strong>non</strong></span> <span class='ocrx_word' id='word_1_288' title='bbox 2910 3382 3019 3444; x_wconf 91' lang='lat' dir='ltr'><strong>per</strong></span> <span class='ocrx_word' id='word_1_289' title='bbox 3060 3362 3097 3421; x_wconf 93' lang='lat' dir='ltr'><strong>b</strong></span> 
     </span>
     <span class='ocr_line' id='line_1_30' title="bbox 485 3471 3098 3556; baseline -0.001 -25"><span class='ocrx_word' id='word_1_290' title='bbox 485 3480 703 3532; x_wconf 85' lang='lat' dir='ltr'><strong>mutam</strong></span> <span class='ocrx_word' id='word_1_291' title='bbox 762 3472 866 3533; x_wconf 89' lang='lat' dir='ltr'><strong>sed</strong></span> <span class='ocrx_word' id='word_1_292' title='bbox 922 3490 1030 3552; x_wconf 87' lang='lat' dir='ltr'><strong>per</strong></span> <span class='ocrx_word' id='word_1_293' title='bbox 1079 3492 1112 3531; x_wconf 82' lang='lat' dir='ltr'>v</span> <span class='ocrx_word' id='word_1_294' title='bbox 1157 3472 1494 3552; x_wconf 84' lang='lat' dir='ltr'><strong>digammon</strong></span> <span class='ocrx_word' id='word_1_295' title='bbox 1553 3474 1866 3556; x_wconf 83' lang='lat' dir='ltr'><strong>scribitur,</strong></span> <span class='ocrx_word' id='word_1_296' title='bbox 1923 3483 1984 3535; x_wconf 91' lang='lat' dir='ltr'><strong>et</strong></span> <span class='ocrx_word' id='word_1_297' title='bbox 2029 3475 2282 3536; x_wconf 88' lang='lat' dir='ltr'><strong>dicimus</strong></span> <span class='ocrx_word' id='word_1_298' title='bbox 2328 3475 2737 3553; x_wconf 84' lang='lat' dir='ltr'><strong>quaestionem</strong></span> <span class='ocrx_word' id='word_1_299' title='bbox 2785 3471 3098 3551; x_wconf 78' lang='lat' dir='ltr'><strong>solventeS,</strong></span> 
     </span>
     <span class='ocr_line' id='line_1_31' title="bbox 487 3576 2895 3660; baseline 0 -23"><span class='ocrx_word' id='word_1_300' title='bbox 487 3577 639 3655; x_wconf 90' lang='lat' dir='ltr'><strong>quod</strong></span> <span class='ocrx_word' id='word_1_301' title='bbox 687 3597 720 3638; x_wconf 89' lang='lat' dir='ltr'><strong>e</strong></span> <span class='ocrx_word' id='word_1_302' title='bbox 767 3578 939 3658; x_wconf 88' lang='lat' dir='ltr'><strong>longa</strong></span> <span class='ocrx_word' id='word_1_303' title='bbox 987 3582 1346 3660; x_wconf 86' lang='lat' dir='ltr'><strong>praepositio</strong></span> <span class='ocrx_word' id='word_1_304' title='bbox 1395 3589 1511 3660; x_wconf 92' lang='lat' dir='ltr'><strong>est,</strong></span> <span class='ocrx_word' id='word_1_305' title='bbox 1558 3588 1619 3640; x_wconf 90' lang='lat' dir='ltr'><strong>et</strong></span> <span class='ocrx_word' id='word_1_306' title='bbox 1663 3580 1797 3641; x_wconf 91' lang='lat' dir='ltr'><strong>ideo</strong></span> <span class='ocrx_word' id='word_1_307' title='bbox 1847 3579 2268 3660; x_wconf 77' lang='lat' dir='ltr'><strong>disyllaborum</strong></span> <span class='ocrx_word' id='word_1_308' title='bbox 2315 3580 2568 3659; x_wconf 85' lang='lat' dir='ltr'><strong>arripuit</strong></span> <span class='ocrx_word' id='word_1_309' title='bbox 2613 3576 2895 3655; x_wconf 87' lang='lat' dir='ltr'><strong>regulam.</strong></span> 
     </span>
     <span class='ocr_line' id='line_1_32' title="bbox 659 3683 3098 3765; baseline -0.001 -20"><span class='ocrx_word' id='word_1_310' title='bbox 659 3684 775 3745; x_wconf 91' lang='lat' dir='ltr'><strong>Sed</strong></span> <span class='ocrx_word' id='word_1_311' title='bbox 844 3686 980 3764; x_wconf 88' lang='lat' dir='ltr'><strong>quia</strong></span> <span class='ocrx_word' id='word_1_312' title='bbox 1038 3688 1233 3747; x_wconf 83' lang='lat' dir='ltr'><strong>evenit</strong></span> <span class='ocrx_word' id='word_1_313' title='bbox 1288 3685 1575 3765; x_wconf 87' lang='lat' dir='ltr'><strong>quaedam</strong></span> <span class='ocrx_word' id='word_1_314' title='bbox 1632 3685 1809 3746; x_wconf 87' lang='lat' dir='ltr'><strong>verba</strong></span> <span class='ocrx_word' id='word_1_315' title='bbox 1868 3688 1930 3746; x_wconf 91' lang='lat' dir='ltr'><strong>in</strong></span> <span class='ocrx_word' id='word_1_316' title='bbox 1984 3685 2189 3746; x_wconf 85' lang='lat' dir='ltr'><strong>ultima</strong></span> <span class='ocrx_word' id='word_1_317' title='bbox 2248 3685 2488 3764; x_wconf 91' lang='lat' dir='ltr'><strong>quidem</strong></span> <span class='ocrx_word' id='word_1_318' title='bbox 2546 3691 2648 3745; x_wconf 89' lang='lat' dir='ltr'><strong>aut</strong></span> <span class='ocrx_word' id='word_1_319' title='bbox 2711 3683 3098 3744; x_wconf 85' lang='lat' dir='ltr'><strong>antecedente</strong></span> 
     </span>
     <span class='ocr_line' id='line_1_33' title="bbox 409 3788 3097 3873; baseline 0.002 -29"><span class='ocrx_word' id='word_1_320' title='bbox 409 3805 460 3843; x_wconf 83' lang='grc' dir='ltr'><strong>ιο</strong></span> <span class='ocrx_word' id='word_1_321' title='bbox 487 3788 697 3868; x_wconf 78' lang='lat' dir='ltr'><strong>syllaba</strong></span> <span class='ocrx_word' id='word_1_322' title='bbox 745 3793 972 3870; x_wconf 89' lang='lat' dir='ltr'><strong>primae</strong></span> <span class='ocrx_word' id='word_1_323' title='bbox 1018 3811 1308 3871; x_wconf 87' lang='lat' dir='ltr'><strong>personae</strong></span> <span class='ocrx_word' id='word_1_324' title='bbox 1346 3811 1382 3851; x_wconf 87' lang='lat' dir='ltr'>v</span> <span class='ocrx_word' id='word_1_325' title='bbox 1428 3792 1685 3853; x_wconf 89' lang='lat' dir='ltr'><strong>litteram</strong></span> <span class='ocrx_word' id='word_1_326' title='bbox 1734 3810 1852 3852; x_wconf 90' lang='lat' dir='ltr'><strong>non</strong></span> <span class='ocrx_word' id='word_1_327' title='bbox 1898 3789 2147 3873; x_wconf 88' lang='lat' dir='ltr'><strong>babere,</strong></span> <span class='ocrx_word' id='word_1_328' title='bbox 2194 3794 2254 3853; x_wconf 89' lang='lat' dir='ltr'><strong>in</strong></span> <span class='ocrx_word' id='word_1_329' title='bbox 2294 3791 2553 3854; x_wconf 89' lang='lat' dir='ltr'><strong>secunda</strong></span> <span class='ocrx_word' id='word_1_330' title='bbox 2602 3809 2741 3851; x_wconf 85' lang='lat' dir='ltr'><strong>vero</strong></span> <span class='ocrx_word' id='word_1_331' title='bbox 2790 3792 3097 3851; x_wconf 87' lang='lat' dir='ltr'><strong>continere</strong></span> 
     </span>
     <span class='ocr_line' id='line_1_34' title="bbox 485 3897 3104 3980; baseline 0.001 -26"><span class='ocrx_word' id='word_1_332' title='bbox 485 3913 759 3978; x_wconf 87' lang='lat' dir='ltr'><strong>persona,</strong></span> <span class='ocrx_word' id='word_1_333' title='bbox 807 3907 873 3958; x_wconf 88' lang='lat' dir='ltr'><strong>ut</strong></span> <span class='ocrx_word' id='word_1_334' title='bbox 921 3897 1051 3958; x_wconf 88' lang='lat' dir='ltr'><strong>volo</strong></span> <span class='ocrx_word' id='word_1_335' title='bbox 1100 3901 1213 3980; x_wconf 81' lang='lat' dir='ltr'><strong>vis,</strong></span> <span class='ocrx_word' id='word_1_336' title='bbox 1260 3899 1411 3960; x_wconf 90' lang='lat' dir='ltr'><strong>malo</strong></span> <span class='ocrx_word' id='word_1_337' title='bbox 1460 3901 1672 3979; x_wconf 90' lang='lat' dir='ltr'><strong>mavis,</strong></span> <span class='ocrx_word' id='word_1_338' title='bbox 1719 3897 2009 3977; x_wconf 89' lang='lat' dir='ltr'><strong>quaedam</strong></span> <span class='ocrx_word' id='word_1_339' title='bbox 2054 3900 2117 3959; x_wconf 92' lang='lat' dir='ltr'><strong>in</strong></span> <span class='ocrx_word' id='word_1_340' title='bbox 2166 3900 2488 3978; x_wconf 89' lang='lat' dir='ltr'><strong>praeterito</strong></span> <span class='ocrx_word' id='word_1_341' title='bbox 2537 3905 2764 3958; x_wconf 86' lang='lat' dir='ltr'><strong>tantum</strong></span> <span class='ocrx_word' id='word_1_342' title='bbox 2815 3897 3104 3978; x_wconf 79' lang='lat' dir='ltr'><strong>perlecto,</strong></span> 
     </span>
     <span class='ocr_line' id='line_1_35' title="bbox 487 4002 3096 4086; baseline 0 -24"><span class='ocrx_word' id='word_1_343' title='bbox 487 4019 600 4062; x_wconf 91' lang='lat' dir='ltr'><strong>non</strong></span> <span class='ocrx_word' id='word_1_344' title='bbox 640 4012 833 4064; x_wconf 87' lang='lat' dir='ltr'><strong>tamen</strong></span> <span class='ocrx_word' id='word_1_345' title='bbox 873 4006 934 4064; x_wconf 91' lang='lat' dir='ltr'><strong>in</strong></span> <span class='ocrx_word' id='word_1_346' title='bbox 972 4006 1265 4083; x_wconf 88' lang='lat' dir='ltr'><strong>positione</strong></span> <span class='ocrx_word' id='word_1_347' title='bbox 1304 4024 1438 4086; x_wconf 86' lang='lat' dir='ltr'><strong>sua,</strong></span> <span class='ocrx_word' id='word_1_348' title='bbox 1485 4013 1551 4065; x_wconf 87' lang='lat' dir='ltr'><strong>ut</strong></span> <span class='ocrx_word' id='word_1_349' title='bbox 1586 4003 1815 4083; x_wconf 86' lang='lat' dir='ltr'><strong>gaudeo</strong></span> <span class='ocrx_word' id='word_1_350' title='bbox 1852 4006 2088 4083; x_wconf 84' lang='lat' dir='ltr'><strong>gavisus</strong></span> <span class='ocrx_word' id='word_1_351' title='bbox 2125 4022 2288 4086; x_wconf 90' lang='lat' dir='ltr'><strong>sum,</strong></span> <span class='ocrx_word' id='word_1_352' title='bbox 2325 4012 2387 4064; x_wconf 91' lang='lat' dir='ltr'><strong>et</strong></span> <span class='ocrx_word' id='word_1_353' title='bbox 2425 4020 2637 4065; x_wconf 89' lang='lat' dir='ltr'><strong>rursus</strong></span> <span class='ocrx_word' id='word_1_354' title='bbox 2677 4002 2796 4080; x_wconf 89' lang='lat' dir='ltr'><strong>[in]</strong></span> <span class='ocrx_word' id='word_1_355' title='bbox 2836 4010 3096 4082; x_wconf 89' lang='lat' dir='ltr'><strong>praeter-</strong></span> 
     </span>
     <span class='ocr_line' id='line_1_36' title="bbox 484 4107 3093 4191; baseline 0 -25"><span class='ocrx_word' id='word_1_356' title='bbox 484 4109 566 4166; x_wconf 90' lang='lat' dir='ltr'><strong>ito</strong></span> <span class='ocrx_word' id='word_1_357' title='bbox 611 4111 876 4188; x_wconf 79' lang='lat' dir='ltr'><strong>perlecto</strong></span> <span class='ocrx_word' id='word_1_358' title='bbox 923 4130 958 4168; x_wconf 84' lang='lat' dir='ltr'>v</span> <span class='ocrx_word' id='word_1_359' title='bbox 1004 4110 1260 4171; x_wconf 85' lang='lat' dir='ltr'><strong>litteram</strong></span> <span class='ocrx_word' id='word_1_360' title='bbox 1309 4113 1548 4190; x_wconf 89' lang='lat' dir='ltr'><strong>penitus</strong></span> <span class='ocrx_word' id='word_1_361' title='bbox 1596 4129 1713 4171; x_wconf 92' lang='lat' dir='ltr'><strong>non</strong></span> <span class='ocrx_word' id='word_1_362' title='bbox 1759 4110 2043 4191; x_wconf 88' lang='lat' dir='ltr'><strong>habente,</strong></span> <span class='ocrx_word' id='word_1_363' title='bbox 2095 4110 2235 4171; x_wconf 90' lang='lat' dir='ltr'><strong>alias</strong></span> <span class='ocrx_word' id='word_1_364' title='bbox 2281 4129 2567 4190; x_wconf 87' lang='lat' dir='ltr'><strong>personas</strong></span> <span class='ocrx_word' id='word_1_365' title='bbox 2615 4112 2674 4170; x_wconf 88' lang='lat' dir='ltr'><strong>in</strong></span> <span class='ocrx_word' id='word_1_366' title='bbox 2726 4107 3093 4189; x_wconf 87' lang='lat' dir='ltr'><strong>temporibus</strong></span> 
     </span>
     <span class='ocr_line' id='line_1_37' title="bbox 485 4212 3096 4300; baseline -0 -27"><span class='ocrx_word' id='word_1_367' title='bbox 485 4212 608 4274; x_wconf 88' lang='lat' dir='ltr'><strong>aliis</strong></span> <span class='ocrx_word' id='word_1_368' title='bbox 663 4215 909 4276; x_wconf 88' lang='lat' dir='ltr'><strong>eandem</strong></span> <span class='ocrx_word' id='word_1_369' title='bbox 967 4224 1169 4278; x_wconf 88' lang='lat' dir='ltr'><strong>tenere</strong></span> <span class='ocrx_word' id='word_1_370' title='bbox 1227 4218 1512 4300; x_wconf 85' lang='lat' dir='ltr'><strong>litteram,</strong></span> <span class='ocrx_word' id='word_1_371' title='bbox 1567 4226 1634 4278; x_wconf 88' lang='lat' dir='ltr'><strong>ut</strong></span> <span class='ocrx_word' id='word_1_372' title='bbox 1688 4219 1819 4277; x_wconf 80' lang='lat' dir='ltr'><strong>vivo</strong></span> <span class='ocrx_word' id='word_1_373' title='bbox 1875 4219 2018 4297; x_wconf 88' lang='lat' dir='ltr'><strong>vixi,</strong></span> <span class='ocrx_word' id='word_1_374' title='bbox 2088 4217 2398 4278; x_wconf 88' lang='lat' dir='ltr'><strong>sciendum</strong></span> <span class='ocrx_word' id='word_1_375' title='bbox 2455 4217 2612 4295; x_wconf 87' lang='lat' dir='ltr'><strong>quod</strong></span> <span class='ocrx_word' id='word_1_376' title='bbox 2674 4218 2850 4276; x_wconf 89' lang='lat' dir='ltr'><strong>etiam</strong></span> <span class='ocrx_word' id='word_1_377' title='bbox 2908 4214 3001 4275; x_wconf 84' lang='lat' dir='ltr'><strong>illa</strong></span> <span class='ocrx_word' id='word_1_378' title='bbox 3063 4235 3096 4272; x_wconf 82' lang='lat' dir='ltr'>v</span> 
     </span>
     <span class='ocr_line' id='line_1_38' title="bbox 407 4319 3093 4403; baseline 0.001 -26"><span class='ocrx_word' id='word_1_379' title='bbox 407 4335 459 4374; x_wconf 80' lang='lat'><strong>1⁵</strong></span> <span class='ocrx_word' id='word_1_380' title='bbox 488 4319 736 4382; x_wconf 89' lang='lat' dir='ltr'><strong>litteram</strong></span> <span class='ocrx_word' id='word_1_381' title='bbox 776 4323 1037 4384; x_wconf 86' lang='lat' dir='ltr'><strong>vocalem</strong></span> <span class='ocrx_word' id='word_1_382' title='bbox 1084 4343 1192 4403; x_wconf 90' lang='lat' dir='ltr'><strong>pro</strong></span> <span class='ocrx_word' id='word_1_383' title='bbox 1232 4331 1594 4386; x_wconf 88' lang='lat' dir='ltr'><strong>consonante</strong></span> <span class='ocrx_word' id='word_1_384' title='bbox 1639 4322 1894 4384; x_wconf 89' lang='lat' dir='ltr'><strong>habeant</strong></span> <span class='ocrx_word' id='word_1_385' title='bbox 1931 4326 1991 4384; x_wconf 91' lang='lat' dir='ltr'><strong>in</strong></span> <span class='ocrx_word' id='word_1_386' title='bbox 2032 4325 2343 4403; x_wconf 87' lang='lat' dir='ltr'><strong>scriptura.</strong></span> <span class='ocrx_word' id='word_1_387' title='bbox 2420 4326 2470 4384; x_wconf 88' lang='lat' dir='ltr'><strong>si</strong></span> <span class='ocrx_word' id='word_1_388' title='bbox 2522 4342 2659 4384; x_wconf 84' lang='lat' dir='ltr'><strong>vero</strong></span> <span class='ocrx_word' id='word_1_389' title='bbox 2706 4323 3093 4402; x_wconf 86' lang='lat' dir='ltr'><strong>praeteritum</strong></span> 
     </span>
     <span class='ocr_line' id='line_1_39' title="bbox 486 4427 3094 4509; baseline 0.001 -24"><span class='ocrx_word' id='word_1_390' title='bbox 486 4444 656 4505; x_wconf 86' lang='lat' dir='ltr'><strong>supra</strong></span> <span class='ocrx_word' id='word_1_391' title='bbox 702 4428 930 4489; x_wconf 90' lang='lat' dir='ltr'><strong>dictum</strong></span> <span class='ocrx_word' id='word_1_392' title='bbox 987 4432 1047 4490; x_wconf 92' lang='lat' dir='ltr'><strong>in</strong></span> <span class='ocrx_word' id='word_1_393' title='bbox 1105 4430 1205 4491; x_wconf 92' lang='lat' dir='ltr'><strong>bui</strong></span> <span class='ocrx_word' id='word_1_394' title='bbox 1254 4439 1357 4491; x_wconf 91' lang='lat' dir='ltr'><strong>aut</strong></span> <span class='ocrx_word' id='word_1_395' title='bbox 1403 4432 1463 4490; x_wconf 90' lang='lat' dir='ltr'><strong>in</strong></span> <span class='ocrx_word' id='word_1_396' title='bbox 1511 4431 1562 4490; x_wconf 91' lang='lat' dir='ltr'><strong>si</strong></span> <span class='ocrx_word' id='word_1_397' title='bbox 1608 4437 1711 4489; x_wconf 87' lang='lat' dir='ltr'><strong>aut</strong></span> <span class='ocrx_word' id='word_1_398' title='bbox 1755 4431 1818 4489; x_wconf 91' lang='lat' dir='ltr'><strong>in</strong></span> <span class='ocrx_word' id='word_1_399' title='bbox 1866 4431 1958 4508; x_wconf 89' lang='lat' dir='ltr'><strong>psi</strong></span> <span class='ocrx_word' id='word_1_400' title='bbox 2013 4428 2263 4508; x_wconf 77' lang='lat' dir='ltr'><strong>syllabas</strong></span> <span class='ocrx_word' id='word_1_401' title='bbox 2319 4429 2575 4509; x_wconf 88' lang='lat' dir='ltr'><strong>desinat,</strong></span> <span class='ocrx_word' id='word_1_402' title='bbox 2632 4447 2739 4507; x_wconf 86' lang='lat' dir='ltr'><strong>per</strong></span> <span class='ocrx_word' id='word_1_403' title='bbox 2785 4427 2822 4487; x_wconf 91' lang='lat' dir='ltr'><strong>b</strong></span> <span class='ocrx_word' id='word_1_404' title='bbox 2873 4434 3094 4487; x_wconf 89' lang='lat' dir='ltr'><strong>mutam</strong></span> 
     </span>
     <span class='ocr_line' id='line_1_40' title="bbox 486 4533 3093 4618; baseline 0.002 -28"><span class='ocrx_word' id='word_1_405' title='bbox 486 4533 607 4593; x_wconf 89' lang='lat' dir='ltr'><strong>sine</strong></span> <span class='ocrx_word' id='word_1_406' title='bbox 636 4534 820 4596; x_wconf 91' lang='lat' dir='ltr'><strong>dnbio</strong></span> <span class='ocrx_word' id='word_1_407' title='bbox 847 4536 1206 4618; x_wconf 87' lang='lat' dir='ltr'><strong>scribentur,</strong></span> <span class='ocrx_word' id='word_1_408' title='bbox 1235 4545 1303 4598; x_wconf 91' lang='lat' dir='ltr'><strong>ut</strong></span> <span class='ocrx_word' id='word_1_409' title='bbox 1337 4534 1596 4616; x_wconf 86' lang='lat' dir='ltr'><strong>praebeo</strong></span> <span class='ocrx_word' id='word_1_410' title='bbox 1633 4534 1901 4616; x_wconf 88' lang='lat' dir='ltr'><strong>praebui,</strong></span> <span class='ocrx_word' id='word_1_411' title='bbox 1937 4534 2114 4596; x_wconf 90' lang='lat' dir='ltr'><strong>iubeo</strong></span> <span class='ocrx_word' id='word_1_412' title='bbox 2153 4537 2319 4617; x_wconf 86' lang='lat' dir='ltr'><strong>iussi,</strong></span> <span class='ocrx_word' id='word_1_413' title='bbox 2357 4534 2554 4595; x_wconf 88' lang='lat' dir='ltr'><strong>scribo</strong></span> <span class='ocrx_word' id='word_1_414' title='bbox 2593 4536 2804 4613; x_wconf 90' lang='lat' dir='ltr'><strong>scripsi</strong></span> <span class='ocrx_word' id='word_1_415' title='bbox 2843 4552 2910 4594; x_wconf 91' lang='lat' dir='ltr'><strong>ac</strong></span> <span class='ocrx_word' id='word_1_416' title='bbox 2940 4533 3093 4594; x_wconf 89' lang='lat' dir='ltr'><strong>talia.</strong></span> 
     </span>
    </p>
   </div>
   <div class='ocr_carea' id='block_1_9' title="bbox 487 4646 766 4656">
    <p class='ocr_par' dir='ltr' id='par_1_11' title="bbox 487 4646 766 4656">
     <span class='ocr_line' id='line_1_41' title="bbox 487 4646 766 4656; baseline 0 872"><span class='ocrx_word' id='word_1_417' title='bbox 487 4646 766 4656; x_wconf 95' lang='lat' dir='ltr'><strong> </strong></span> 
     </span>
    </p>
   </div>
   <div class='ocr_carea' id='block_1_10' title="bbox 489 4650 3100 4918">
    <p class='ocr_par' dir='ltr' id='par_1_12' title="bbox 489 4650 3100 4918">
     <span class='ocr_line' id='line_1_42' title="bbox 656 4650 3027 4761; baseline -0.002 -18"><span class='ocrx_word' id='word_1_418' title='bbox 656 4694 689 4742; x_wconf 80' lang='lat'>4</span> <span class='ocrx_word' id='word_1_419' title='bbox 727 4650 1050 4761; x_wconf 51' lang='lat' dir='ltr'><strong>zn-JJ—Hom.</strong></span> <span class='ocrx_word' id='word_1_420' title='bbox 1083 4690 1162 4745; x_wconf 90' lang='lat' dir='ltr'><strong>Il.</strong></span> <span class='ocrx_word' id='word_1_421' title='bbox 1190 4690 1246 4745; x_wconf 89' lang='lat' dir='ltr'><strong><em>A</em></strong></span> <span class='ocrx_word' id='word_1_422' title='bbox 1273 4662 1389 4746; x_wconf 51' lang='lat'><strong>462⁶</strong></span> <span class='ocrx_word' id='word_1_423' title='bbox 1518 4694 1548 4744; x_wconf 83' lang='grc'><strong>7</strong></span> <span class='ocrx_word' id='word_1_424' title='bbox 1586 4688 1865 4744; x_wconf 82' lang='lat' dir='ltr'><strong>solventes</strong></span> <span class='ocrx_word' id='word_1_425' title='bbox 1903 4688 2053 4757; x_wconf 88' lang='lat' dir='ltr'><strong>quod</strong></span> <span class='ocrx_word' id='word_1_426' title='bbox 2089 4688 2263 4759; x_wconf 80' lang='lat' dir='ltr'><strong>longa.</strong></span> <span class='ocrx_word' id='word_1_427' title='bbox 2288 4689 2348 4742; x_wconf 89' lang='lat' dir='ltr'><strong><em>N</em></strong></span> <span class='ocrx_word' id='word_1_428' title='bbox 2385 4688 2667 4744; x_wconf 77' lang='lat' dir='ltr'><strong>solventes</strong></span> <span class='ocrx_word' id='word_1_429' title='bbox 2695 4704 2726 4742; x_wconf 84' lang='lat' dir='ltr'><strong>e</strong></span> <span class='ocrx_word' id='word_1_430' title='bbox 2762 4686 2936 4757; x_wconf 75' lang='lat' dir='ltr'><strong>longa</strong></span> <span class='ocrx_word' id='word_1_431' title='bbox 2971 4686 3027 4739; x_wconf 94' lang='lat' dir='ltr'><strong><em>P</em></strong></span> 
     </span>
     <span class='ocr_line' id='line_1_43' title="bbox 491 4765 3032 4841; baseline 0 -22"><span class='ocrx_word' id='word_1_432' title='bbox 491 4772 551 4820; x_wconf 81' lang='lat' dir='ltr'><strong>to</strong></span> <span class='ocrx_word' id='word_1_433' title='bbox 580 4769 899 4841; x_wconf 76' lang='lat' dir='ltr'><strong>contingere</strong></span> <span class='ocrx_word' id='word_1_434' title='bbox 937 4784 1178 4839; x_wconf 80' lang='lat' dir='ltr'><strong>persona.</strong></span> <span class='ocrx_word' id='word_1_435' title='bbox 1213 4771 1279 4824; x_wconf 77' lang='lat' dir='ltr'><strong>ut,</strong></span> <span class='ocrx_word' id='word_1_436' title='bbox 1313 4769 1443 4824; x_wconf 85' lang='lat' dir='ltr'><strong>volo</strong></span> <span class='ocrx_word' id='word_1_437' title='bbox 1476 4768 1531 4822; x_wconf 91' lang='lat' dir='ltr'><em>P</em></span> <span class='ocrx_word' id='word_1_438' title='bbox 1564 4766 1850 4822; x_wconf 79' lang='lat' dir='ltr'><strong>continere</strong></span> <span class='ocrx_word' id='word_1_439' title='bbox 1887 4772 1953 4824; x_wconf 81' lang='lat' dir='ltr'><strong>ut.</strong></span> <span class='ocrx_word' id='word_1_440' title='bbox 1989 4768 2119 4824; x_wconf 86' lang='lat' dir='ltr'><strong>volo</strong></span> <span class='ocrx_word' id='word_1_441' title='bbox 2148 4768 2216 4822; x_wconf 90' lang='lat' dir='ltr'><em>N</em></span> <span class='ocrx_word' id='word_1_442' title='bbox 2329 4774 2396 4822; x_wconf 83' lang='lat'><strong>13</strong></span> <span class='ocrx_word' id='word_1_443' title='bbox 2435 4784 2548 4822; x_wconf 88' lang='lat' dir='ltr'><strong>non</strong></span> <span class='ocrx_word' id='word_1_444' title='bbox 2572 4766 2873 4821; x_wconf 76' lang='lat' dir='ltr'><strong>habentem</strong></span> <span class='ocrx_word' id='word_1_445' title='bbox 2902 4765 3032 4821; x_wconf 88' lang='lat' dir='ltr'><strong>NP</strong></span> 
     </span>
     <span class='ocr_line' id='line_1_44' title="bbox 489 4845 3100 4918; baseline 0.002 -20"><span class='ocrx_word' id='word_1_446' title='bbox 489 4851 553 4899; x_wconf 85' lang='lat'><strong>14</strong></span> <span class='ocrx_word' id='word_1_447' title='bbox 579 4846 724 4915; x_wconf 87' lang='lat' dir='ltr'><strong>quod</strong></span> <span class='ocrx_word' id='word_1_448' title='bbox 752 4846 925 4902; x_wconf 70' lang='lat' dir='ltr'><strong>etiam</strong></span> <span class='ocrx_word' id='word_1_449' title='bbox 952 4845 1112 4901; x_wconf 72' lang='lat' dir='ltr'><strong>illa-m</strong></span> <span class='ocrx_word' id='word_1_450' title='bbox 1135 4847 1193 4901; x_wconf 89' lang='lat' dir='ltr'><strong><em>P</em></strong></span> <span class='ocrx_word' id='word_1_451' title='bbox 1216 4864 1441 4917; x_wconf 84' lang='lat' dir='ltr'><strong>quoque</strong></span> <span class='ocrx_word' id='word_1_452' title='bbox 1463 4846 1636 4903; x_wconf 75' lang='lat' dir='ltr'><strong>etiam</strong></span> <span class='ocrx_word' id='word_1_453' title='bbox 1653 4846 1814 4901; x_wconf 75' lang='lat' dir='ltr'><strong>illam</strong></span> <span class='ocrx_word' id='word_1_454' title='bbox 1834 4846 1902 4900; x_wconf 90' lang='lat' dir='ltr'><em>N</em></span> <span class='ocrx_word' id='word_1_455' title='bbox 1968 4866 1974 4871; x_wconf 87' lang='grc'><em>·</em></span> <span class='ocrx_word' id='word_1_456' title='bbox 2006 4854 2070 4904; x_wconf 78' lang='lat'><strong>16</strong></span> <span class='ocrx_word' id='word_1_457' title='bbox 2097 4847 2158 4903; x_wconf 87' lang='lat' dir='ltr'><strong>in</strong></span> <span class='ocrx_word' id='word_1_458' title='bbox 2187 4847 2235 4904; x_wconf 82' lang='lat' dir='ltr'><strong>si</strong></span> <span class='ocrx_word' id='word_1_459' title='bbox 2261 4849 2361 4903; x_wconf 77' lang='lat' dir='ltr'><strong>aut</strong></span> <span class='ocrx_word' id='word_1_460' title='bbox 2387 4846 2445 4901; x_wconf 88' lang='lat' dir='ltr'><strong>in</strong></span> <span class='ocrx_word' id='word_1_461' title='bbox 2462 4846 2551 4901; x_wconf 75' lang='lat' dir='ltr'><strong>bei</strong></span> <span class='ocrx_word' id='word_1_462' title='bbox 2570 4845 2703 4901; x_wconf 87' lang='lat' dir='ltr'><strong>Pin</strong></span> <span class='ocrx_word' id='word_1_463' title='bbox 2732 4846 2781 4901; x_wconf 83' lang='lat' dir='ltr'><strong>si</strong></span> <span class='ocrx_word' id='word_1_464' title='bbox 2809 4849 2909 4902; x_wconf 79' lang='lat' dir='ltr'><strong>aut</strong></span> <span class='ocrx_word' id='word_1_465' title='bbox 2926 4847 3100 4918; x_wconf 86' lang='lat' dir='ltr'><strong>psiN</strong></span> 
     </span>
    </p>
   </div>
  </div>
 </body>
</html>
