3613 5528
596 392 729 460 304
1782 391 2038 448 ALBINI

590 508 636 544 p.
664 497 784 537 23³8.
819 498 870 536 39
896 495 948 536 Ρ.

596 579 799 660 habet,
845 587 913 640 ut
958 596 1139 639 senex
1186 580 1404 639 senior.
1502 577 1697 639 solent
1742 590 1940 641 autem
1985 580 2186 639 iunior
2231 587 2293 638 et
2337 579 2537 637 senior
2583 577 2653 638 ad
2700 596 2765 638 se
2812 580 3061 639 invicem
3109 577 3224 637 dici

599 690 791 748 minor
838 694 899 746 et
943 688 1150 746 maior.
1231 685 1434 764 Ipsum
1482 694 1697 746 neutro
1760 704 1983 766 genere
2030 684 2346 746 dicendum
2395 694 2511 764 est,
2558 703 2674 744 non
2723 685 2922 764 ipsud,
2969 695 3036 746 ut
3079 682 3223 744 illud

598 803 661 854 et
697 792 882 872 istud,
929 795 1206 872 quoniam
1246 799 1479 852 veteres
1506 774 1944 853 nominativum
1982 791 2311 852 masculini
2349 808 2466 852 non
2511 793 2668 871 ipse,
2714 790 2817 850 sed
2864 791 3032 869 ipsus
3068 789 3222 849 dice-

599 897 758 959 baut.
851 897 1008 959 unde
1065 907 1125 958 et
1168 901 1250 989 „in
1306 875 1606 977 evangelio
1664 893 1930 958 ‘omnia
1996 915 2121 977 per
2204 899 2434 976 ipsum
2501 898 2687 957 facta
2745 892 2961 977 sunt’‚
3017 896 3075 955 id
3134 906 3226 980 εει

602 1004 872 1066 verbum.
946 1004 1195 1084 lnpingo
1242 1004 1382 1064 facit
1423 1007 1814 1083 praeteritum
1853 1005 2184 1084 perfectum
2222 1006 2451 1084 inpinxi
2490 1012 2551 1063 et
2585 1006 2803 1083 inpegi.
2877 1003 2969 1064 Ira
3009 1011 3220 1082 repen·
3262 998 3303 1058 ἐ

597 1112 721 1171 tino
760 1112 939 1171 animi
979 1118 1141 1171 motu
1181 1111 1480 1191 nascitur,
1524 1109 1831 1170 iracundia
1877 1128 2095 1190 perpes
2133 1119 2226 1171 est
2267 1112 2495 1171 vitium.
2568 1109 2806 1171 Invidus
2847 1112 2949 1189 qui
2986 1108 3225 1187 invidet,

597 1216 923 1277 invidiosus
979 1218 1081 1294 qui
1135 1217 1413 1277 invidiam
1470 1217 1752 1276 sustinet.
1845 1215 2217 1296 Interpretor
2278 1234 2387 1295 per
2443 1214 2770 1295 simplicem
2825 1235 2858 1275 e
2916 1224 2976 1274 et
3029 1216 3224 1274 omnia

599 1341 750 1402 quae
799 1323 871 1383 ab
918 1341 990 1382 eo
1037 1332 1177 1383 sunt
1233 1322 1560 1383 scribenda.
1655 1322 1877 1403 lmpleo
1930 1341 2040 1403 per
2087 1341 2181 1404 m,
2243 1341 2361 1383 non
2418 1341 2526 1401 per
2573 1341 2627 1382 n.
2719 1321 2786 1382 In
2848 1323 3226 1402 praepositio,

600 1433 650 1489 si
697 1431 1004 1509 conposita
1056 1431 1135 1490 sit
1189 1439 1249 1489 ει
1304 1449 1341 1509 p
1396 1439 1499 1490 aut
1544 1429 1583 1489 b
1632 1429 1721 1489 vel
1770 1448 1827 1490 m
1876 1439 2179 1509 sequatur,
2226 1447 2265 1489 n
2313 1432 2374 1488 iu
2423 1449 2482 1490 m
2529 1430 2848 1510 convertit,
2894 1437 2960 1490 ut
3005 1431 3223 1507 impro-

596 1536 708 1596 bus
763 1535 977 1597 imbuit
1030 1538 1301 1597 immutat
1356 1539 1591 1615 impius.
1678 1539 1957 1615 quotiens
2014 1554 2156 1595 vero
2209 1554 2247 1614 g
2313 1537 2584 1612 sequitur
2646 1534 2829 1616 illam,
2895 1537 3112 1595 amittit
3165 1553 3225 1611 n,
3257 1554 3307 1590 ιο

602 1651 667 1702 ιιι
712 1645 953 1721 ignarus
999 1645 1264 1722 ignotus:
1327 1661 1460 1703 nam
1506 1661 1729 1723 gnarus
1777 1653 1837 1703 et
1895 1652 2111 1721 gnotus
2169 1641 2468 1721 simplices
2514 1651 2670 1703 sunt.
2753 1641 3014 1721 Inclytus
3059 1655 3225 1720 grae·

601 1766 736 1809 cum
793 1766 1008 1810 nomen
1067 1756 1184 1811 est:
1255 1768 1391 1810 nam
1448 1750 1645 1829 clyton
1711 1749 1923 1809 Graeci
2002 1749 2326 1828 gloriosum
2384 1747 2610 1809 dicunt.
2709 1746 2892 1808 ldiota
2946 1765 3224 1826 graecum

601 1873 816 1915 nomen
865 1864 981 1935 est,
1027 1854 1206 1915 latine
1252 1858 1595 1935 imperitus,

778 1960 1033 2040 Kartago
1079 1971 1139 2023 et
1184 1961 1466 2023 kalendae
1512 1981 1621 2042 per
1668 1962 1703 2022 k
1754 1961 2078 2023 scribenda
2125 1972 2299 2042 sunt,
2347 1972 2546 2023 cetera
2592 1979 2701 2040 per
2747 1980 2779 2020 c
2828 1960 3055 2022 melius,

644 2075 666 2094 ·
777 2066 956 2128 Liber
1011 2070 1133 2128 sive
1195 2066 1529 2129 libertatem
1596 2071 1718 2129 sive
1789 2072 2074 2129 corticem
2136 2071 2259 2128 sive
2317 2068 2582 2128 codicem
2647 2069 2965 2148 significet,
3028 2069 3224 2126 omnia
3254 2083 3306 2122 ιε

609 2192 719 2253 per
771 2173 811 2233 b
872 2172 1227 2234 scribantur.
1318 2174 1698 2236 Libidinosus
1753 2194 1785 2235 a
1840 2174 2083 2235 libidine
2141 2193 2250 2254 per
2307 2173 2373 2253 b,
2430 2174 2640 2235 lividus
2696 2193 2727 2234 a
2787 2174 2969 2234 livore
3011 2167 3133 2253 'per
3190 2191 3224 2231 v

610 2280 1009 2341 scribendum.
1083 2278 1283 2360 Lepus
1319 2280 1530 2341 animal
1569 2290 1687 2362 est,
1734 2281 1900 2371 lepos
1936 2280 2271 2341 iocunditas
2309 2280 2649 2361 voluptatiS‚
2690 2280 2847 2341 unde
2886 2289 2947 2340 et
2987 2289 3221 2358 gratum

609 2386 831 2465 aliquid
887 2385 1147 2465 lepidum
1210 2385 1479 2447 dicimus
1571 2386 1777 2448 Limen
1836 2386 2068 2447 aedium
2126 2396 2248 2466 est,
2303 2386 2474 2446 limes
2528 2388 2856 2466 regionum.
2956 2385 3225 2463 Largitas

612 2493 994 2554 humanitatis
1045 2502 1161 2574 est,
1209 2492 1441 2571 largitio
1489 2493 1847 2554 ambitionis
1939 2492 2129 2572 Loqui
2175 2492 2432 2552 hominis
2479 2501 2597 2574 est,
2644 2493 2882 2570 obloqui
2930 2490 3222 2550 obtrecta-
3317 2481 3365 2530 s

605 2601 780 2674 toris,
827 2601 983 2660 sicut
1018 2599 1236 2660 obiecit
1274 2599 1547 2682 obponit3
1594 2600 1835 2679 adloqui
1884 2598 2300 2679 persuadentis
2346 2597 2756 2678 hortantisque
2804 2599 2891 2658 vel
2939 2597 3306 2676 iubentisgzo

605 2704 802 2784 eloqui
858 2708 1110 2767 oratoris
1156 2717 1263 2769 est.
1350 2705 1709 2769 Laurentius
1757 2715 1818 2767 ει
1873 2706 1984 2767 alia
2030 2707 2292 2779 nomina,
2341 2723 2490 2783 quae
2539 2708 2964 2767 nominativum
3021 2720 3222 2764 casum

609 2811 970 2890 singularem
1015 2815 1076 2873 in
1132 2816 1229 2874 ius
1275 2813 1522 2895 habent,
1569 2816 1908 2893 genetivum
1955 2810 2314 2891 singularem
2363 2821 2423 2872 et
2469 2814 2892 2873 nominativum
2941 2810 3229 2891 pluralem

606 2920 667 2977 in
714 2917 1009 2997 duplicem
1065 2922 1395 3002 imittunt,
1446 2923 1775 2981 vocativum
1823 2917 2180 2996 singularem
2228 2919 2288 2977 in
2339 2917 2664 2995 simplicem
2712 2921 2731 2978 i
2778 2927 2880 2979 aut
2924 2919 2982 2976 in
3031 2919 3114 2998 ie,
3162 2924 3228 2976 ut

607 3024 702 3084 hic
779 3026 999 3103 impius
1063 3000 1243 3085 huius
1307 3029 1472 3106 impii
1528 3045 1563 3086 o
1619 3027 1815 3105 impie.
1919 3022 2115 3083 Luceo
2171 3031 2231 3081 et
2301 3022 2472 3101 lugeo
2530 3027 2589 3084 in
2646 3042 2830 3084 unum
2893 3023 3226 3103 perfectum

608 3130 931 3191 deveniunt
993 3130 1132 3191 luxi.
1241 3131 1390 3192 Lino
1456 3134 1595 3193 facit
1666 3133 2000 3211 perfectum
2063 3128 2212 3189 linui
2276 3138 2337 3189 et
2409 3129 2586 3189 linivi.
2703 3128 2919 3190 Laetus
2982 3147 3091 3208 per
3155 3146 3223 3187 ae
3256 3146 3308 3183 25

609 3236 1023 3316 diphthongon
1084 3237 1395 3318 scribitur,
1468 3241 1607 3317 quia
1666 3238 1887 3299 laetitia
1947 3256 1979 3297 a
2039 3235 2348 3297 latitudine
2408 3247 2609 3296 vocata
2669 3246 2779 3297 est.
2883 3234 3126 3316 Leprosi
3194 3254 3226 3294 a

611 3345 844 3422 pruritu
893 3345 1076 3404 nimio
1143 3345 1330 3422 ipsius
1378 3343 1596 3405 scabiei
1650 3343 1794 3404 dicti
1834 3338 1845 3425 1
1886 3352 2049 3424 sunt,
2116 3341 2250 3402 ideo
2305 3359 2416 3421 per
2459 3341 2498 3401 b
2553 3342 2734 3403 scribi
2780 3342 2973 3403 debet:
3069 3339 3227 3419 Lego

610 3449 770 3528 legas
826 3448 899 3508 ab
960 3448 1261 3530 eligendo,
1315 3448 1448 3527 lego
1503 3449 1651 3528 legis
1705 3468 1736 3509 a
1793 3448 2061 3528 legendo.
2174 3446 2416 3527 Loquor
2478 3449 2740 3528 loqueris
2801 3449 3065 3528 loquitur
3120 3465 3228 3526 per

611 3574 648 3633 q
706 3553 1017 3615 scribenda
1074 3564 1253 3636 sunt,
1322 3554 1556 3616 locutus
1612 3574 1752 3616 vero
1809 3554 2139 3634 euphoniae
2196 3572 2373 3615 causa
2434 3574 2545 3634 per
2601 3575 2632 3616 c
2688 3565 2748 3616 et
2804 3554 3131 3634 simplicem
3188 3571 3228 3612 u

611 3659 924 3720 scribatur.
3249 3676 3307 3716 so

789 3766 1221 3828 Munimentum
1261 3786 1294 3827 a
1334 3769 1683 3849 muniendo,
1730 3773 2179 3828 monumentum
2216 3766 2286 3827 ad
2327 3766 2668 3846 sepulcrum
2710 3769 2988 3848 pertinet.
3067 3764 3223 3825 Mille

616 3890 725 3952 per
771 3873 889 3933 duo
936 3872 980 3947 l,
1027 3872 1167 3934 licet
1213 3874 1368 3934 milia
1416 3894 1524 3954 per
1567 3892 1752 3936 unum
1795 3873 1814 3933 l
1863 3872 2176 3934 scribatur.
2255 3872 2471 3933 Malum
2522 3875 2573 3933 si
2623 3874 2883 3934 fructum
2937 3874 3229 3952 significat

609 3977 840 4058 longam
879 3998 937 4061 a3
983 3982 1034 4041 si
1080 3983 1431 4063 nequitiam,
1477 3982 1716 4042 brevem
1765 3980 1963 4040 dicito.
2039 3978 2227 4039 malus
2273 3997 2530 4060 quoque,
2573 3979 2635 4041 id
2674 3988 2768 4040 εει
2813 3979 2991 4040 arbor
3038 3980 3226 4060 naviS,

611 4083 843 4165 longam
881 4105 941 4168 a,
981 4086 1169 4147 malus
1207 4087 1383 4147 homo
1435 4086 1676 4147 brevem
1722 4084 1902 4145 habet
1939 4103 1971 4143 a
2008 4084 2282 4145 litteram.
2358 4084 2622 4145 Machina
2669 4104 2778 4166 per
2816 4104 2847 4145 c
2886 4094 2946 4146 et
2990 4084 3030 4145 h
3077 4087 3222 4145 scri-

793 4290 821 4339 ‘1
870 4283 1209 4354 interpretor
1255 4286 1314 4339 ei:
1358 4301 1505 4353 quae
1551 4283 1877 4339 derivantur
1922 4281 2039 4336 sive
2086 4280 2442 4337 declinantur
2477 4283 2549 4337 ab
2587 4299 2652 4337 eo
2697 4301 2799 4354 per
2844 4283 3154 4353 simplicem
3194 4300 3224 4337 e

614 4361 908 4417 scribenda
941 4363 1102 4419 Beda
1130 4382 1192 4434 p.
1229 4369 1365 4430 276,
1401 4369 1477 4420 24
1592 4369 1624 4417 9
1663 4365 1967 4433 sequantur
2003 4362 2078 4415 M
2236 4368 2301 4415 12
2343 4362 2614 4416 ΚΛΥΤΟΝ
2654 4364 2804 4432 quod
2839 4362 3029 4432 graeci
3063 4362 3224 4416 latini

613 4441 918 4511 gloriosum
957 4441 1153 4498 dicunt
1191 4444 1265 4498 M
1410 4450 1478 4498 14
1514 4443 1844 4500 scribendae
1882 4445 2012 4497 sunt
2047 4442 2091 4497 S
2215 4440 2406 4495 ‘cetera
2445 4441 2518 4493 M
2551 4446 2610 4496 et
2645 4446 2832 4499 cetera
2867 4443 2911 4499 S
2945 4443 3081 4499 licet
3107 4461 3151 4513 p

617 4528 682 4575 16
720 4538 820 4591 per
847 4521 885 4575 b
913 4521 1207 4577 scribenda
1244 4524 1319 4577 M
1425 4530 1492 4578 18
1529 4523 1804 4594 lepidum]
1844 4522 2080 4578 liuidum
2124 4522 2200 4576 M
2307 4528 2371 4576 19
2410 4521 2778 4577 humanitatis
2806 4524 2941 4593 ΡΜ
2973 4524 3226 4579 humani-

614 4607 701 4655 tas
737 4600 781 4655 S
924 4598 1178 4657 20⁷sieut
1215 4603 1391 4658 obicit·
1423 4604 1584 4658 Beda
1612 4620 1673 4672 p.
1711 4607 1849 4669 278,
1885 4608 1919 4657 3
2074 4609 2141 4656 23
2179 4601 2239 4656 in
2275 4600 2328 4655 ie
2355 4601 2492 4669 ΡΜ
2525 4602 2583 4656 in
2619 4619 2650 4657 e
2687 4603 2732 4657 S
2885 4609 2954 4657 25
2991 4602 3132 4657 linui
3169 4606 3230 4658 et

614 4679 775 4735 liniui
812 4682 914 4751 ΡΒ
958 4682 1061 4736 lini
1107 4685 1167 4737 et
1215 4680 1378 4736 liniui
1427 4683 1502 4736 Μ
1677 4687 1745 4736 26
1791 4699 1828 4736 a
1872 4681 2173 4736 latitudine
2210 4681 2255 4736 S
2298 4698 2334 4734 a
2369 4679 2704 4735 laetitudine
2731 4699 2778 4751 p
2825 4697 2861 4735 a
2894 4682 3226 4737 laetitudine

615 4760 818 4814 mentis
856 4761 932 4815 M
1088 4768 1155 4817 27
1197 4762 1407 4818 scabiei
1438 4781 1480 4834 p
1517 4762 1704 4819 scabei
1740 4762 1872 4817 SM
2020 4761 2191 4816 debet
2228 4761 2302 4815 M
2336 4759 2545 4815 debent
2574 4760 2673 4829 pS
2834 4766 2901 4815 28
2940 4761 3224 4833 eligendo]

616 4838 886 4908 elegendo
923 4839 1052 4894 SM
1198 4848 1265 4897 29
1305 4842 1619 4911 euphoniae
1658 4858 1829 4897 causa
1864 4858 1964 4895 om.
2007 4842 2083 4895 M
