3613 5528
613 396 745 460 498
1595 398 1948 454 ARVSIANI
1984 400 2223 456 MESSII

609 509 654 546 p.
687 498 776 539 251.
806 499 884 539 252
911 499 964 538 L.

784 583 1002 645 Potens
1051 584 1314 664 Illorum,
1361 583 1529 663 Verg.
1581 583 1720 647 Aen.
1767 584 1791 644 Ι
1840 586 1986 658 (80)

932 691 1479 770 nimborumque
1529 692 1708 752 facis
1755 701 2415 772 tempestatumque
2464 701 2830 774 potentem
2878 742 2892 755 .

784 797 1017 859 Potitur
1072 797 1250 860 huius
1307 800 1420 879 rei,
1476 797 1593 859 Cic.
1649 802 1711 860 in
1770 799 1933 860 Catil.
1994 799 2044 859 ΙΙ
2100 798 2299 873 (9,19)
2356 817 2597 861 rerum
2654 803 2878 881 potiri
2932 801 3217 882 volunt,

608 903 720 966 Sal.
779 905 900 983 lug.
957 905 1206 978 (25,10)
1271 912 1372 986 ut,
1436 908 1858 986 priusquam
1925 906 2201 985 legatos
2266 909 2722 985 conveniret,
2788 907 3215 970 Adherbalis

607 1019 985 1092 poteretur
1040 1059 1053 1072 .
1109 1015 1336 1092 potitur
1399 1013 1551 1074 hanc
1606 1032 1761 1096 rem,
1820 1012 1933 1074 Sal.
1990 1014 2113 1093 lug.
2170 1024 2429 1075 cuncta
2484 1014 2841 1097 potiendi,
2894 1016 3216 1076 Terentius
3276 1030 3305 1070 5

606 1118 765 1179 Adel.
832 1120 925 1192 (V
984 1120 1160 1194 4217)
1224 1118 1351 1180 ille
1426 1119 1610 1181 alter
1674 1123 1826 1183 sine
1892 1120 2138 1182 labore
2194 1124 2425 1202 patria
2484 1125 2767 1203 potitur
2822 1123 3216 1204 commoda,

605 1226 759 1287 idem
810 1226 1026 1288 ibidem
1076 1228 1169 1299 (V
1210 1228 1385 1303 4,22)
1432 1228 1547 1289 hic
1593 1231 1876 1309 potitur
1921 1228 2174 1308 gaudia
2223 1276 2237 1290 .

782 1334 1058 1395 Paciscor
1113 1334 1185 1396 de
1242 1334 1337 1396 illa
1394 1354 1487 1417 re,
1553 1334 1667 1395 Sal.
1724 1333 1861 1396 hist.
1918 1336 1941 1395 Ι
2000 1335 2181 1396 nihil
2245 1354 2403 1397 esse
2470 1336 2553 1397 de
2623 1356 2761 1417 rep.
2832 1355 3059 1416 neque
3128 1340 3216 1398 de

606 1441 950 1503 libertate
1006 1442 1069 1503 P.
1124 1441 1190 1502 R.
1246 1450 1530 1523 pactum
1579 1490 1592 1502 .
1641 1445 1911 1522 paciscor
1965 1441 2037 1503 ab
2091 1442 2192 1503 illo
2247 1443 2404 1504 illam
2464 1461 2618 1525 rem,
2676 1442 2789 1505 Sal.
2837 1443 2958 1523 lug.
3007 1444 3214 1517 (26,1)

607 1559 879 1610 tantum
927 1548 1009 1609 ab
1058 1567 1136 1609 eo
1183 1551 1394 1610 vitam
1433 1551 1878 1630 paciscatur,
1925 1550 2082 1610 idem
2119 1550 2253 1611 hist.
2294 1549 2397 1609 llll
2439 1552 2448 1628 Ι
2490 1553 2907 1611 sestertium
2953 1552 3215 1612 tricies
3244 1567 3306 1605 10

605 1658 884 1737 pepigit
929 1674 962 1716 a
1009 1656 1073 1716 G.
1117 1656 1378 1717 Pisone
1417 1704 1430 1716 .
1468 1659 1738 1737 paciscor
1785 1656 1940 1718 illam
1980 1675 2107 1718 rem
2145 1675 2254 1737 pro
2292 1655 2388 1717 illa
2428 1676 2518 1739 re,
2565 1657 2735 1737 Verg.
2775 1660 2915 1720 Aen.
2944 1658 2991 1715 V
3021 1658 3215 1731 (230)

607 1765 964 1843 vitamque
1010 1763 1260 1825 volunt
1303 1782 1433 1843 pro
1481 1764 1690 1825 laude
1736 1766 2026 1844 pacisci.

786 1871 1023 1932 Peritns
1069 1872 1247 1932 huius
1294 1876 1412 1947 rei,
1478 1871 1593 1933 Sal.
1640 1872 1777 1932 bist.
1825 1871 1849 1931 Ι
1896 1870 2196 1932 militiae
2243 1873 2464 1952 periti
2512 1919 2525 1931 .
2562 1874 2794 1951 peritus
2839 1872 2952 1933 boc
2997 1874 3218 1955 facere,

608 1978 775 2057 Verg.
821 1977 954 2040 buc.
1004 1980 1249 2054 (10,32)
1298 1979 1432 2039 soli
1481 1987 1774 2040 cantare
1822 1981 2048 2059 periti
2096 1979 2421 2040 Arcades,

783 2085 1094 2147 Proximus
1140 2085 1251 2168 illi,
1296 2085 1467 2166 Verg.
1508 2088 1648 2147 Aen.
1696 2084 1741 2143 V
1787 2085 1978 2159 (320)
3250 2104 3305 2142 ιε)

934 2195 1301 2273 proximus
1348 2193 1540 2276 huic,
1587 2193 1799 2272 longo
1847 2193 1970 2253 sed
2018 2195 2384 2272 proximus
2431 2192 2819 2253 intervallo
2867 2240 2881 2254 .

605 2302 911 2380 proximus
957 2299 1084 2381 illo,
1133 2299 1248 2363 Sal.
1296 2299 1418 2380 lug.
1466 2301 1697 2376 (18,11)
1744 2301 2065 2379 proxima
2114 2297 2546 2380 Carthagine
2594 2298 2920 2360 Numidia
2970 2299 3211 2379 appel—

606 2407 823 2489 latur,
868 2407 1023 2468 idem
1064 2411 1123 2468 in
1164 2408 1371 2468 eodem
1410 2407 1612 2481 (19,4)
1650 2408 1957 2487 proximi
2003 2406 2344 2486 Hispania
2384 2406 2609 2467 Mauri
2647 2416 2817 2468 sunt
2854 2453 2868 2467 .
2906 2409 3214 2486 proximus

610 2512 803 2595 illum,
859 2513 1073 2575 Salust.
1120 2514 1257 2576 hist.
1306 2513 1411 2574 1111
1466 2514 1944 2594 qui-proximi
1999 2511 2202 2574 locos
2257 2512 2572 2574 hostium
2629 2523 2833 2575 erant
2879 2560 2894 2574 .
2942 2515 3211 2593 proxime

603 2620 769 2681 illum
815 2623 1002 2697 venit,
1050 2621 1167 2683 Cic.
1214 2641 1323 2702 pro
1371 2621 1583 2682 Milone
1632 2620 1879 2696 (22‚59)
1927 2623 2245 2700 proxime
2294 2621 2463 2681 deos
2509 2623 2829 2682 accessit
2875 2668 2889 2682 .
3241 2636 3301 2676 ²⁰

780 2728 1086 2791 Praesidet
1149 2729 1288 2792 huic
1352 2731 1468 2811 rei,
1532 2728 1700 2809 Verg.
1767 2730 1910 2790 Aen.
1966 2726 2045 2789 111
2105 2728 2246 2802 (35)
2310 2726 2588 2790 Geticis
2652 2731 2773 2808 qui
2837 2729 3216 2810 praesidet

604 2839 822 2917 arviS‚
877 2837 1035 2898 idem
1080 2838 1223 2898 Aen.
1271 2836 1372 2897 Vll
1420 2837 1612 2912 (799)
1669 2838 1833 2916 quis
1888 2835 2216 2915 Iuppiter
2272 2836 2631 2916 Anxyrius
2687 2838 2876 2897 arvis
2932 2839 3212 2917 praesi-

603 2943 737 3005 det.
791 2944 1093 3024 praesidet
1130 2946 1189 3005 in
1228 2943 1323 3004 illa
1362 2963 1454 3026 re,
1494 2944 1606 3005 Sal.
1646 2943 1811 3005 Catil.
1852 2943 2059 3016 (5732)
2100 2944 2171 3003 in
2210 2960 2375 3022 agro
2414 2942 2678 3004 Piceno
2725 2942 3215 3023 praesidebat.

604 3051 902 3131 praesidet
940 3051 1096 3113 illam
1133 3070 1288 3133 rem,
1337 3051 1450 3112 Sal.
1489 3051 1694 3112 histor.
1733 3050 1784 3109 ll
1823 3048 2185 3111 Titurium
2224 3047 2536 3128 legatum
2583 3068 2735 3111 cum
2785 3051 3214 3112 cohortibus

603 3157 711 3217 XV
751 3159 816 3217 in
858 3157 1249 3220 Celtiberia
1298 3158 1597 3219 hiemem
1646 3175 1856 3237 agere
1903 3158 2122 3218 iussit
2168 3157 2703 3236 praesidentem
2750 3160 3015 3232 socios,
3052 3159 3214 3219 idem
3244 3173 3301 3213 2⁵

602 3265 736 3326 hist.
786 3264 864 3325 111
922 3265 1244 3327 incidere
1303 3268 1371 3326 in
1430 3265 1723 3327 colonos
1771 3262 2149 3324 Avellauos
2205 3263 2713 3342 praesidentes
2772 3283 2978 3345 agros
3026 3284 3214 3328 suos,

779 3372 1094 3433 Praestans
1139 3372 1324 3453 illius,
1369 3372 1540 3452 Verg.
1589 3372 1729 3432 Aen.
1769 3369 1876 3429 XII
1914 3369 2052 3443 (19)
2092 3389 2126 3430 o
2174 3379 2554 3449 praestans
2603 3374 2822 3433 animi
2869 3374 3157 3434 iuvenis
3200 3421 3215 3433 .

602 3487 911 3558 praestans
976 3479 1101 3561 illo,
1167 3480 1279 3541 Sal.
1337 3479 1501 3541 Catil.
1561 3478 1769 3551 (37‚5)
1834 3474 2100 3555 probro
2166 3484 2380 3555 atque
2445 3477 2851 3557 petulantia
2916 3480 3214 3540 maxime

601 3584 1070 3664 praestabant
1117 3635 1129 3646 .
1177 3595 1439 3667 praestat
1494 3584 1590 3645 ille
1637 3583 1719 3645 illi
1775 3600 1885 3663 pro
1934 3578 2167 3643 ‘melior
2213 3590 2306 3642 est
2360 3582 2457 3642 ille
2513 3579 2659 3665 i110’‚
2713 3584 2845 3647 Ter.
2904 3584 3055 3646 Eun.
3112 3587 3224 3657 (II

602 3691 727 3765 2,1)
773 3691 974 3753 homo
1022 3692 1298 3755 homini
1344 3693 1513 3773 quid
1559 3697 1886 3772 praestat
1931 3687 2156 3751 stulto
2204 3688 2627 3770 intelligens
2672 3738 2686 3752 .
3244 3709 3301 3747 so

783 3856 962 3912 Oodeae
1003 3856 1302 3912 Parrhasii
1373 3863 1404 3910 3
1443 3853 1687 3925 Petitur]
1726 3853 1931 3907 Potens
2074 3850 2270 3923 potiri]
2308 3852 2546 3922 potituri
2698 3860 2734 3909 4
2771 3856 3068 3912 convenire

601 3939 634 3988 8
674 3953 852 4005 neque
890 3936 1142 3992 libertati
1288 3944 1350 3992 11
1391 3936 1464 4007 V]
1501 3934 1579 3989 VI
1725 3939 1790 3987 13
1830 3932 1912 3987 rei
1947 3949 2048 3988 om.
2204 3940 2271 3988 14
2310 3933 2444 3989 solis
2481 3950 2621 3990 corr.
2658 3935 2765 3991 soli
2923 3944 2988 3993 19
3026 3939 3211 4011 erant]

602 4020 792 4070 errant
940 4023 1004 4072 21
1046 4018 1152 4091 III]
1191 4019 1242 4073 11
1385 4023 1453 4071 29
1490 4031 1592 4086 pro
1630 4013 1860 4069 meliore
1895 4018 1981 4067 est

780 4167 811 4213 3
851 4159 1094 4233 Petitur]
1138 4161 1315 4216 Prisc.
1345 4162 1380 4217 l.
1415 4158 1662 4213 XVIII
1682 4174 1740 4226 p.
1771 4161 1881 4211 333
1909 4154 2055 4209 Non.
2084 4170 2140 4222 p.
2169 4159 2275 4210 481
2307 4154 2457 4211 Serv.
2485 4158 2551 4212 iu
2588 4158 2743 4229 Vei-9.
2772 4162 2910 4215 Aen.
2943 4161 3071 4215 III
3095 4166 3216 4217 278

708 4245 743 4292 4
778 4241 869 4306 ut,
927 4240 1253 4311 prinsquam
1299 4242 1518 4310 legatos
1573 4237 1923 4303 conveniret,
1982 4234 2314 4292 Adherbalis
2363 4236 2641 4307 potiretur
2686 4241 2892 4295 codices
2940 4239 3215 4306 Sallustii,

603 4322 930 4376 Priscianus
958 4328 1007 4377 et
1035 4322 1261 4377 Servius
1403 4326 1436 4375 5
1466 4319 1668 4374 cuncta
1694 4316 1975 4387 potiendi,
2013 4333 2153 4385 quae
2180 4317 2242 4370 in
2270 4316 2404 4371 bello
2435 4318 2477 4371 I
2474 4320 2773 4388 uqurtliiuo
2799 4337 2913 4375 non
2941 4322 3217 4391 leguntur,

602 4403 672 4456 ab
710 4403 1009 4457 editoribus
1045 4402 1304 4457 Sallustii
1339 4403 1402 4455 in
1437 4400 1759 4468 fraqmentis
1795 4399 2153 4452 historiarum
2179 4397 2369 4465 posita
2405 4403 2537 4453 sunt
2563 4441 2576 4455 .
2607 4415 2675 4454 ex
2711 4400 2845 4455 bello
2875 4401 2917 4453 I
2915 4401 3217 4470 uqurthino

605 4484 904 4552 exmplum
942 4484 1187 4537 adscribi
1216 4487 1433 4552 poterat
1471 4485 1596 4546 37,4
1633 4477 1895 4547 cupidine
1933 4493 2130 4532 caecus
2169 4476 2242 4531 ob
2276 4474 2569 4533 thesauros
2607 4479 2800 4549 oppidi
2839 4478 3089 4549 potiendi

603 4570 635 4615 8
675 4580 854 4632 neque
892 4563 961 4618 de
998 4561 1260 4618 libertate
1297 4562 1612 4617 Dietschius
1649 4559 1784 4613 Sall.
1823 4558 1946 4612 hist.
1983 4558 2182 4627 fraqm.
2214 4574 2275 4625 p.
2316 4561 2379 4623 7,
2425 4574 2606 4627 neque
2642 4557 2907 4615 libertate
2948 4559 3005 4612 P

607 4649 670 4697 13
717 4642 954 4698 militiae
1001 4642 1214 4713 peritus
1264 4644 1340 4697 M
1510 4650 1573 4697 17
1626 4638 1884 4710 proxima
1930 4635 2329 4705 Carthaginem
2380 4636 2458 4702 P,
2509 4638 2760 4706 proxime
2817 4638 3216 4710 Carthaginem

603 4725 809 4778 codices
846 4725 1104 4779 Sallustii
1250 4731 1316 4779 18
1353 4722 1591 4793 proximi
1629 4718 1931 4789 Hispanias
1968 4719 2050 4772 vel
2085 4716 2338 4787 proxime
2365 4716 2695 4787 Hispaniam
2724 4722 2931 4776 codices
2957 4721 3217 4777 Sallustii

697 4808 762 4857 19
801 4805 898 4871 qui
936 4803 1173 4873 proximi
1209 4804 1336 4858 loca
1371 4803 1620 4858 hostium
1658 4801 1820 4854 erant
1855 4812 1923 4852 ea·
1959 4797 2011 4851 G
2048 4796 2221 4850 edidit
2257 4794 2676 4855 Lindemannus
2854 4807 2922 4855 22
2958 4801 3218 4870 Anxyrus

616 4883 889 4953 Veryilius
1032 4889 1102 4938 30
1138 4882 1351 4938 homini
1390 4883 1556 4938 horno
1596 4880 1731 4952 quid
1768 4880 2022 4950 praestat
2056 4876 2261 4931 codices
2303 4876 2544 4933 Terentii
