3613 5528
1391 401 1486 455 DE
1524 399 2106 457 ORTHOGRAPHIA
2916 398 3046 463 155

438 512 482 550 p.
508 502 627 541 mr.
653 500 706 540 88
732 501 782 540 P.

438 587 639 665 inquio
692 588 892 665 inquis
946 587 1166 665 inquit:
1221 602 1330 664 per
1383 583 1421 644 d
1475 592 1673 645 autem
1727 584 2099 666 adverbium,
2155 592 2222 646 ut
2276 579 2477 665 ‘quid
2544 584 2767 645 faciat
2819 583 3047 645 laetas

440 688 771 775 segetes',
826 701 886 754 et
942 710 1091 773 quae
1149 710 1220 753 ex
1268 709 1340 752 eo
1386 700 1853 774 componuntur,
1914 701 1982 754 ut
2028 692 2310 773 quicquid
2368 692 2565 772 siquid
2611 691 2829 771 aliquid
2877 709 3045 753 num-

442 799 583 879 quid
630 808 690 861 et
734 800 828 860 his
875 799 1102 860 similia.
1177 800 1235 861 id
1282 818 1392 880 per
1429 799 1467 860 d
1514 802 1801 880 scriptum
1849 818 2180 881 pronomen
2220 807 2312 860 est
2346 801 2546 860 neutri
2592 800 2828 878 generis
2864 780 2937 860 ab
2976 818 3046 859 eo

442 906 596 986 quod
645 915 737 968 est
782 908 834 967 is
880 924 947 967 ea
994 907 1082 987 id3
1138 925 1247 987 per
1292 914 1317 967 t
1370 924 1511 968 vero
1569 908 1862 986 signatum
1918 907 2156 968 indicat·
2192 904 2439 966 verbum
2493 907 2703 966 tertiae
2757 923 3046 986 personae

362 1034 387 1074 5
439 1012 511 1073 ab
557 1031 628 1074 eo
674 1014 832 1094 quod
881 1020 975 1074 est
1019 1031 1090 1074 eo
1136 1014 1188 1073 is
1234 1015 1297 1073 it.

612 1120 814 1181 Placet
851 1122 1025 1182 etiam
1065 1128 1133 1182 ut
1169 1118 1532 1202 Delmatiam,
1580 1138 1699 1181 non
1735 1119 2080 1181 Dalmatiam
2128 1117 2456 1181 scribamus
2466 1167 2485 1202 ,
2531 1121 2807 1200 quoniam
2845 1138 2878 1181 a
2915 1118 3045 1181 Del-

438 1229 622 1309 minc,
668 1229 920 1288 maxima
968 1229 1233 1289 eiusdem
1281 1230 1617 1309 provinciae
1666 1230 1930 1310 civitate,
1978 1235 2233 1289 tractum
2279 1245 2498 1288 nomen
2543 1228 2931 1288 existimatur.

612 1336 819 1397 Feriae
876 1354 1142 1419 quoque,
1195 1354 1315 1396 non
1372 1336 1568 1396 fereae
1626 1334 1974 1396 scribendae
2023 1343 2190 1417 sunt,
2247 1335 2523 1414 quoniam
2572 1333 2725 1413 apud
2773 1335 3047 1413 antiquos

438 1445 647 1527 sesiae,
692 1462 811 1505 non
860 1443 1055 1504 feseae
1103 1443 1471 1505 dicebantur.

362 1569 413 1608 ιο
617 1549 882 1610 Actuarii
916 1556 977 1610 et
1015 1551 1247 1631 actarii,
1294 1559 1616 1629 utrumque
1653 1547 1902 1629 dicitur3
1950 1546 2054 1608 sed
2093 1549 2341 1609 actuarii
2377 1549 2761 1609 nominantur
2797 1547 3048 1608 diversis

437 1656 669 1718 actibus
692 1655 1053 1736 generaliter
1081 1659 1381 1739 occupati,
1417 1658 1622 1717 actarii
1659 1673 1800 1715 vero
1832 1656 2155 1735 scriptores
2189 1662 2418 1716 tantum
2449 1654 2732 1715 dicuntur
2761 1661 3047 1716 actorum.

614 1763 762 1825 Item
806 1762 963 1824 aliud
1011 1772 1104 1824 est
1148 1782 1280 1824 esse
1327 1763 1608 1843 cilonem,
1667 1761 1825 1822 aliud
1873 1760 2182 1823 chilonem.
2258 1762 2481 1822 cilones
2527 1768 2816 1822 vocantur
2860 1760 3047 1822 homi-

439 1887 548 1932 nes
586 1872 836 1959 ·angusti
890 1872 1100 1950 capitis
1146 1877 1208 1932 et
1259 1870 1422 1949 longi
1476 1877 1537 1929 et
1590 1867 2050 1948 adspirationem
2108 1885 2226 1929 non
2282 1866 2529 1949 habent3
2586 1866 2850 1928 chilones
2905 1885 3047 1927 vero

439 1995 574 2038 cum
621 1977 1016 2057 adspiratione
1064 1978 1271 2057 scripti
1317 1993 1349 2036 a
1396 1973 1769 2036 brevioribus
1815 1972 1986 2035 labiis
2032 1974 2303 2035 homines
2342 1976 2704 2055 vocitantur,
2751 1972 2909 2053 quod
2956 1982 3050 2034 est

360 2102 411 2142 ιε»
439 2102 473 2144 a
531 2102 742 2163 graeco
802 2083 1085 2145 vocabulo
1147 2083 1500 2162 derivatum,
1569 2072 2166 2353 παρῆχείλη,
2241 2079 2397 2140 unde
2457 2079 2743 2141 Achillem
2809 2098 3047 2161 quoque

442 2192 643 2252 serunt
687 2210 818 2252 esse
866 2192 1252 2252 nominatum.

619 2296 845 2358 Coniux
895 2299 1022 2357 sine
1070 2314 1109 2356 n
1156 2302 1325 2376 putat
1369 2293 1550 2355 Nisus
1595 2294 1855 2373 artigrap
1901 2311 1972 2354 us
2018 2311 2150 2354 esse
2198 2293 2606 2377 scribendum,
2664 2295 2943 2374 quoniam
2987 2296 3050 2355 in

441 2405 709 2483 genetivo
764 2421 903 2464 casu
961 2403 1101 2462 facit
1152 2402 1393 2480 coniugi
1579 2401 1592 2415 ’
1640 2401 1660 2460 i
1716 2408 1913 2460 autem
1970 2398 2204 2461 videtur
2249 2419 2368 2463 non
2416 2400 2781 2463 evellendam
2833 2400 3048 2462 exinde

441 2509 593 2570 hanc
637 2510 921 2592 litteram,
966 2527 1082 2589 qua
1130 2526 1312 2569 sonus
1361 2509 1785 2569 enuntiationis
1826 2507 1836 2582 Ι
1878 2508 2287 2604 exprimiQ
2331 2528 2462 2570 nam
2512 2511 2780 2590 quamvis
2826 2516 3051 2570 asserat

364 2636 418 2675 so
449 2635 565 2677 non
610 2635 739 2678 esse
797 2615 1156 2678 onerandam
1216 2616 1600 2695 supervacuis
1655 2613 1872 2675 litteris
1927 2604 2271 2691 dictionem,
2329 2625 2681 2695 egwtamen
2727 2635 2847 2677 non
2893 2617 3047 2677 frau-

447 2723 697 2786 dandum
757 2741 969 2785 sonum
1031 2723 1303 2785 existimo
1361 2723 1485 2783 suis
1541 2720 1786 2803 litteris,
1846 2689 2065 2801 fflbus
2123 2725 2357 2804 integer
2414 2732 2476 2786 et
2534 2723 2747 2805 plenus
2803 2722 3050 2786 auribus

362 2878 374 2890 .
446 2833 759 2893 intimatur.
1812 2847 1906 2943 ⁸

633 3005 733 3070 ΠΙ
788 3005 912 3072 EX
957 3003 1279 3071 CVRTIO
1324 3000 1844 3070 VALERIANO
1890 3000 2091 3068 ISTA
2138 3003 2591 3071 COLLEOTA
2638 3003 2865 3071 SVNT

620 3152 669 3225 Q
704 3153 901 3214 littera
942 3159 1083 3213 tunc
1122 3157 1283 3212 recte
1320 3153 1591 3232 ponitur,
1626 3167 1763 3210 cum
1801 3167 1931 3209 eam
1970 3150 2805 3337 9³th
2842 3153 3046 3211 iuncta

363 3277 419 3316 25
452 3277 581 3322 cum
633 3260 741 3322 alia
795 3259 980 3320 vocali
1035 3257 1125 3319 vel
1182 3255 1481 3319 vocalibus
1539 3255 1975 3337 [diphthongis]
1986 3304 2006 3340 ,
2064 3258 2083 3316 i
2193 3265 2259 3317 ut
2304 3275 2481 3318 unam
2859 3258 3052 3339 saciat,

620 3481 652 3530 Β
689 3475 1031 3532 Delmatiam
1080 3474 1190 3530 Vel.
1353 3491 1402 3544 9.
1445 3480 1535 3541 73,
1571 3479 1608 3529 6
1726 3479 1759 3529 8
1796 3473 1994 3529 Feriae
2043 3473 2154 3529 Vel.
2191 3433 2496 3543 Longo-3,
2533 3479 2571 3528 8
2700 3478 2766 3527 10
2802 3472 3054 3527 Actuarii

459 3555 568 3610 Vel.
594 3556 766 3627 Lonq.
797 3561 886 3622 74,
914 3561 986 3612 10
1115 3561 1178 3609 12
1254 3555 1462 3610 ilonem
1503 3554 1614 3609 Vel.
1643 3554 1819 3625 Lony.
1849 3559 1938 3622 74,
1966 3558 2039 3608 13
2170 3560 2234 3609 17
2265 3551 2478 3608 Coniux
2515 3553 2625 3610 Vel.
2656 3553 2829 3622 Lony.
2861 3557 2952 3619 77,
2977 3558 3052 3607 18

586 3642 653 3691 24
691 3637 736 3703 Q
773 3636 965 3693 littera
1002 3636 1227 3692 Cernat.
1265 3638 1390 3712 149,
1427 3639 1458 3687 1

626 3841 651 3889 1
689 3833 910 3906 inquio]
938 3833 1142 3903 inqueo
1171 3848 1309 3888 corr.
1337 3831 1530 3902 inquio
1566 3832 1623 3885 Β
1764 3850 1866 3902 per
1901 3833 1938 3888 d
1975 3832 2112 3888 item
2141 3831 2471 3887 aduerbium
2500 3832 2582 3900 A,
2621 3833 2682 3886 at
2716 3847 2816 3900 per
2853 3810 3054 3899 ‹ppro-

451 3891 650 3970 nomssu
686 3914 871 3970 neutri
908 3912 1125 3985 generis
1174 3912 1359 3967 Velius
1394 3911 1623 3982 Longus
1750 3912 1888 3982 quid
1922 3911 2120 3983 faciat]
2172 3911 2328 3980 Verq.
2364 3926 2538 3980 yeory.
2580 3912 2620 3964 Ι
2656 3917 2686 3965 1
2835 3916 2865 3963 2
2903 3910 3054 3979 quic-

446 3995 603 4069 quid]
642 3994 916 4067 quidquid
951 3993 1007 4049 Β
1133 3999 1166 4048 6
1202 3992 1392 4062 placet
1427 4008 1457 4046 e
1496 3991 1847 4047 adelmitiam
1883 4009 1996 4047 uon
2032 3992 2394 4048 adelmatiam
2433 3991 2738 4046 scribamus
2764 3993 2820 4047 A
2866 3993 3057 4063 placet

445 4082 475 4131 ὂ
512 4076 873 4132 adelmatiam
900 4091 1013 4129 nou
1039 4072 1440 4130 adelmantiam
1472 4071 1780 4128 scribamus
1822 4071 1869 4126 0
2005 4071 2287 4127 Delminio
2319 4071 2514 4127 Carrio
2658 4078 2691 4128 8
2728 4071 3053 4128 scribendae

445 4158 574 4211 sunt
607 4188 673 4198 -
711 4157 895 4213 feseae
933 4172 1032 4210 om.
1074 4153 1122 4209 Ο
1296 4152 1447 4222 apud
1482 4151 1745 4221 antiquos
1781 4151 1956 4208 fesiae
1991 4170 2103 4208 nou
2147 4152 2331 4208 feseae
2379 4151 2567 4207 Velius
2600 4152 2853 4223 Lonqtae,
2901 4154 3052 4223 apud

443 4234 702 4305 antiquos
745 4235 921 4291 feriae
957 4252 1071 4292 non
1104 4234 1291 4289 fereae
1324 4234 1381 4288 Β
1426 4232 1577 4303 apud
1615 4232 1876 4302 antiquos
1910 4231 2052 4288 sarie
2089 4250 2196 4288 non
2237 4232 2422 4287 fereae
2458 4234 2513 4287 A
2701 4238 2766 4287 10
2804 4232 3054 4288 Actuarii

445 4332 579 4370 uero
616 4315 913 4386 scriptores
952 4316 1010 4371 et
1046 4313 1265 4382 actarii,
1301 4314 1395 4367 scd
1421 4313 1590 4366 deleto
1615 4328 1666 4369 v.
1704 4313 2003 4382 scriptores
2032 4314 2103 4381 A,
2143 4312 2394 4367 Actuarii
2420 4326 2552 4366 uero
2592 4313 2651 4366 et
2687 4312 2884 4367 actarii
2922 4313 2969 4366 G

442 4395 672 4463 fortasse
699 4395 798 4451 sed
825 4396 1059 4454 actuarii
1090 4392 1427 4466 generaliter
1454 4391 1811 4447 nominantur
1837 4392 2068 4449 diversis
2091 4394 2309 4449 actibus
2330 4392 2590 4462 occupati
2690 4398 2753 4446 11
2776 4394 3051 4463 actorum]

443 4479 730 4531 auctorum
751 4476 801 4532 0
907 4483 970 4532 12
991 4493 1114 4532 esse
1132 4491 1232 4530 om.
1252 4473 1307 4528 Β
1420 4477 1485 4527 13
1514 4471 1690 4527 habet
1708 4473 1889 4528 ABG
1985 4480 2052 4528 14
2079 4477 2164 4530 est
2179 4490 2281 4529 om.
2304 4472 2351 4527 Ο
2438 4477 2503 4526 16
2521 4472 2985 4527 ΠΛΡΛΤΛΧΥΛΗ
3009 4472 3058 4527 G

446 4557 504 4609 Π
505 4551 864 4616 ὸΡὸΤὰΧΙΛΕ
892 4558 944 4611 A
983 4571 1133 4627 papa
1168 4549 1315 4613 ‘1'Xm
1354 4571 1428 4607 an
1463 4553 1518 4606 Β
1644 4553 1889 4608 achilem
1926 4553 2042 4609 AG
2162 4568 2386 4623 quoque
2422 4568 2523 4606 om.
2556 4550 2603 4605 Ο
2739 4558 2804 4606 16
2840 4551 3050 4624 ferunt]

446 4635 555 4690 fert
590 4635 638 4690 G
761 4642 824 4692 17
866 4636 1116 4692 Coniunx
1152 4633 1268 4690 AG
1397 4639 1466 4689 20
1504 4633 1849 4688 onerandum
1884 4635 1940 4689 A
2064 4631 2445 4704 supervacuis]
2482 4631 2569 4687 far
2603 4631 2796 4688 uacuis
2834 4633 2882 4688 G
2913 4650 3050 4690 corr.

445 4715 691 4771 i‘fuacuis
728 4733 781 4786 c,
816 4715 1008 4771 uacuis
1045 4716 1101 4769 A
1289 4721 1354 4770 21
1395 4713 1654 4771 existimo
1694 4714 1742 4770 0
1773 4715 1975 4772 estimo
2013 4716 2133 4770 AB
2318 4713 2539 4782 integer
2576 4713 2635 4766 et
2668 4711 2867 4781 plenus
2905 4718 2956 4769 et
2988 4716 3054 4770 in

446 4811 615 4865 mai-9.
660 4794 893 4866 integris
940 4797 999 4850 et
1043 4793 1226 4865 plenis
1263 4809 1323 4864 ς,
1369 4791 1588 4865 integre
1627 4795 1685 4848 et
1727 4795 1927 4864 plenus
1965 4795 2146 4850 ABG
2187 4792 2400 4848 intimis
2448 4794 2507 4848 et
2550 4791 2731 4863 plenis
2771 4793 2908 4848 Par.

451 4881 521 4928 24
557 4877 701 4948 eam]
740 4892 809 4931 ea
842 4876 898 4930 A
1041 4880 1108 4930 26
1146 4875 1230 4929 ita
1264 4876 1331 4930 ut
1365 4891 1477 4929 una
1513 4874 1731 4944 syllaba
1766 4875 1868 4929 fiat
1903 4879 2155 4945 excerpta
2193 4873 2428 4930 Cornuti
2757 4903 2770 4916 κ
