3613 5528
1520 454 1900 513 EXCERPTA
2867 453 2990 519 361

396 571 438 609 p.
465 562 530 602 40.
559 561 609 600 41
640 560 699 600 H.

398 641 607 728 ‘ergo',
654 654 720 707 ut
766 640 1005 706 ‘illius
1041 663 1211 724 ergo
1258 638 1633 725 venimus',
1681 643 1840 722 quod
1885 651 2131 724 propter
2180 641 2514 704 distantiam
2561 644 2996 704 coniunctionis

394 736 587 831 ‘ergo'
624 753 685 812 in
725 753 1054 832 posteriore
1094 750 1311 832 syllaba
1349 749 1836 812 circumflectitur
1866 797 1880 811 .
1910 749 2040 811 illae
2072 768 2308 829 quoque
2346 750 2669 830 particulae
2707 749 2996 811 notandae

396 865 562 939 sunt,
628 877 743 938 que
808 879 877 920 ve
937 878 1039 940 ne,
1118 877 1268 937 quae
1325 876 1560 937 semper
1615 856 1742 918 aliis
1798 856 2067 937 partibus
2121 856 2588 938 subiunguntur,
2661 864 2727 918 ut
2781 851 2998 916 ‘arma

393 959 805 1044 virumque’
838 976 898 1026 et
927 961 1221 1045 ‘quidve
1260 959 1541 1024 dolens'
1573 973 1632 1025 et
1662 959 1893 1024 ‘mene
1931 966 2227 1044 incepto
2266 962 2627 1025 desistere
2666 958 2955 1024 vietam'
2985 1011 2998 1023 .

314 1086 341 1126 5
396 1089 546 1150 quae
602 1070 760 1132 illam
820 1075 1139 1154 novitatem
1196 1071 1441 1153 habent,
1507 1080 1574 1131 ut
1637 1079 1698 1132 et
1759 1073 1921 1150 ipsae
1988 1071 2282 1150 fastigium
2347 1071 2600 1151 perdant
2654 1079 2713 1132 et
2768 1070 2998 1132 illarum

393 1180 681 1260 partium,
727 1179 945 1258 quibus
992 1179 1344 1241 subiunctas
1391 1186 1558 1258 sunt,
1613 1178 1963 1239 levationem
2009 1179 2071 1237 in
2119 1179 2467 1239 novissimas
2514 1178 2763 1259 syllabas
2809 1187 2997 1239 trans·

395 1286 591 1347 serant
657 1333 670 1346 .
738 1286 901 1347 verbi
966 1289 1151 1366 gratia
1217 1280 1474 1346 ‘virum'
1539 1288 1600 1345 in
1663 1287 1863 1365 priore
1931 1286 2190 1367 acuitur,
2254 1279 2611 1365 ‘virumque'
2677 1295 2875 1350 autem
2937 1288 2998 1346 in

396 1395 728 1473 posteriore
777 1395 1056 1475 erigitur,
1111 1411 1259 1473 quae
1317 1394 1433 1453 iam
1482 1411 1599 1454 non
1646 1393 1969 1474 posterior,
2030 1390 2132 1451 sed
2182 1391 2371 1452 media
2419 1395 2600 1454 trium
2647 1393 2998 1473 syllabarum

396 1503 457 1562 in
522 1519 707 1562 unum
773 1500 1146 1562 redactarum
1212 1502 1512 1580 reperitur
1571 1549 1583 1561 .
1638 1501 2085 1561 interiectiones
2149 1518 2381 1582 omneS,
2446 1501 2584 1579 quia
2648 1499 2720 1560 de
2785 1519 2999 1579 graeco

320 1622 371 1663 ιο
397 1626 672 1669 sermone
720 1611 973 1669 mutuati
1020 1627 1255 1683 sumus,
1309 1607 1444 1668 ideo
1492 1610 1552 1667 in
1601 1610 1938 1669 novissimis
1985 1606 2221 1688 syllabis
2269 1608 2566 1685 fastigium
2612 1609 2878 1689 capiunt,
2920 1616 3002 1684 ,ut

396 1733 606 1795 papae,
665 1722 836 1797 attat,
891 1714 1089 1797 ehem3
1138 1724 1198 1776 et
1243 1723 1475 1776 ceterae
1524 1715 1794 1777 similiter
1850 1715 1941 1776 vel
1996 1723 2235 1776 acutum
2291 1714 2382 1774 vel
2438 1715 2884 1776 circumflexum
2931 1718 2992 1775 in

398 1822 602 1884 ultima
649 1831 911 1883 sumunt.

1331 2014 1450 2080 DE
1498 2013 2063 2081 BARBARISMO

575 2161 728 2233 Quid
779 2168 871 2222 est
918 2159 1364 2222 barbarismus?
1434 2161 1626 2223 Dietio
1672 2164 1878 2224 vitiosa
1919 2209 1932 2222 .
1970 2160 2117 2221 haec
2163 2170 2360 2223 autem
2407 2161 2669 2224 delinitio
2717 2172 2777 2224 et
2822 2181 2995 2242 gene-

321 2291 370 2330 ιε)
400 2268 538 2330 ralis
592 2278 684 2329 est
740 2279 800 2330 et
855 2268 1153 2351 specialiS,
1216 2271 1353 2349 quia
1416 2269 1597 2330 dir-tio
1664 2278 1725 2330 et
1789 2277 2063 2330 contexta
2128 2271 2315 2329 oratio
2381 2279 2441 2329 et
2506 2288 2619 2330 una
2677 2289 2814 2350 pars
2870 2273 2998 2331 eius

397 2377 760 2457 intellegitur
810 2424 822 2436 .
870 2375 1237 2438 consuetudo
1285 2385 1478 2438 autem
1527 2376 1686 2437 hune
1735 2372 1962 2438 tantum'
2000 2375 2431 2437 barbarismum
2472 2377 2749 2459 appellat,
2794 2382 2896 2457 qui
2935 2380 2999 2439 fit

397 2487 455 2545 in
497 2504 613 2546 una
650 2492 818 2565 parte
858 2486 1144 2545 orationis
1184 2530 1196 2543 .
1235 2482 1636 2543 barbarismus
1675 2485 1858 2562 igitur
1897 2501 2011 2543 una
2052 2491 2144 2544 est
2179 2502 2316 2564 pars
2354 2486 2636 2545 orationis
2675 2495 2995 2565 corrupta.

397 2592 501 2653 sed
557 2591 669 2652 hoe
726 2593 932 2652 vitium
987 2592 1048 2651 in
1109 2589 1298 2650 soluta
1356 2592 1620 2651 oratione
1679 2589 2083 2652 barbarismus
2133 2586 2143 2670 Ι
2193 2599 2464 2673 vocatur,
2519 2602 2785 2653 ceterum
2843 2592 2994 2671 apud

396 2706 600 2780 poetas
656 2697 1073 2778 metaplasmus
1129 2696 1371 2758 dicitur.
1452 2695 1863 2758 Barbarismns
1920 2706 1979 2760 et
2042 2696 2443 2759 barbarolexis
2508 2699 2647 2780 quid
2712 2702 2869 2760 inter
2932 2719 2995 2761 se

322 2828 374 2866 20
402 2802 726 2868 differunt?
773 2805 940 2876 Quod
980 2804 1381 2865 barbarismus
1411 2804 1476 2865 lit
1504 2806 1561 2865 in
1591 2814 1794 2865 nostra
1825 2805 2104 2887 loquella,
2143 2804 2542 2868 barbarolexis
2571 2809 2629 2868 in
2659 2811 2997 2888 peregrina:

398 2930 532 2974 nam
582 2911 984 2973 barbarolexis
1029 2910 1279 2972 barbara
1325 2911 1503 2973 dictio
1551 2919 1946 2992 nuncupatur.

575 3018 735 3089 Quot
780 3005 990 3078 modis
1016 3017 1082 3078 fit
1129 3013 1575 3078 barbarismus?
1648 3017 1968 3098 Quattuor,
2014 3018 2073 3079 id
2120 3029 2211 3081 est
2257 3019 2583 3082 adiectione
2631 3021 2994 3094 detractione

395 3128 786 3187 inmutatione
844 3126 1336 3187 transmutatione
1384 3145 1399 3186 ε
1446 3142 1579 3185 nam
1635 3132 1737 3185 aut
1780 3124 1969 3186 'adicit
2023 3134 2124 3187 aut
2179 3125 2436 3188 detrahit
2498 3136 2599 3190 aut
2655 3138 2841 3190 mutat
2895 3138 2996 3191 aut

397 3240 751 3294 transmutat
805 3232 1061 3294 litteram
1117 3229 1392 3311 syllabam
1454 3241 1688 3311 tempus
1743 3230 2201 3311 adspirationem
2248 3241 2557 3295 accentum
2606 3284 2619 3297 .
2666 3236 2993 3298 adiectione

318 3361 369 3401 25
396 3341 613 3420 quippe
668 3338 899 3400 litterae
959 3340 1022 3399 fit
1076 3338 1506 3419 barbarismuS,
1570 3345 1638 3399 ut
1702 3338 2039 3399 audiveram
2106 3357 2214 3418 pro
2280 3339 2579 3401 audieram
2645 3350 2705 3402 et
2768 3341 2994 3424 legiteS,

570 3535 604 3583 9
640 3527 1056 3584 interiectiones
1094 3560 1157 3569 —
1198 3536 1264 3584 12
1303 3530 1531 3584 sumunt
1573 3527 1732 3583 Beda
1766 3529 1834 3584 de
1869 3532 1974 3584 art.
2010 3532 2158 3584 metr.
2205 3533 2371 3599 241,9
2406 3529 2545 3585 item
2579 3529 2994 3586 interIeetiones

394 3610 458 3663 ut
492 3608 772 3663 Audacius
808 3608 912 3675 ait,
958 3608 1091 3678 quia
1126 3608 1195 3664 de
1230 3624 1434 3679 graeco
1468 3624 1576 3678 sqq.

574 3812 601 3859 1
640 3804 818 3876 illius]
871 3805 1022 3875 Very.
1061 3805 1199 3861 Aen.
1248 3802 1341 3857 VI
1375 3808 1487 3858 670
1629 3810 1661 3858 2
1700 3807 1826 3859 sunt
1862 3806 2106 3861 notande
2143 3808 2219 3862 M
2353 3815 2386 3863 3
2426 3809 2604 3881 arma]
2659 3810 2810 3881 Very.
2850 3812 2989 3869 Aen.

399 3884 442 3938 I
476 3891 506 3939 1
652 3891 687 3938 4
726 3887 783 3939 et
828 3885 1071 3954 quiduae
1115 3885 1171 3939 Β
1217 3886 1281 3939 ut
1325 3883 1568 3953 quiduae
1618 3884 1691 3938 Μ
1736 3884 1943 3954 quidue
1994 3884 2079 3939 F.-
2131 3887 2283 3959 Verq.
2329 3891 2466 3944 Aen.
2515 3891 2560 3944 I
2598 3896 2635 3945 9
2803 3892 2988 3962 mene]

406 3962 558 4034 Verq.
596 3964 734 4019 Aen.
775 3965 819 4018 Ι
851 3970 925 4019 37
1101 3964 1253 4019 uicta
1308 3961 1384 4016 M
1553 3968 1584 4017 5
1622 3964 1873 4036 illarum]
1921 3965 2157 4021 aliarum
2210 3968 2266 4021 Β
2444 3975 2475 4023 6
2523 3970 2815 4026 subiuncta
2860 3975 2992 4027 sunt

391 4045 556 4114 leque
594 4045 873 4101 actionem
913 4045 988 4099 M
1123 4049 1152 4097 7
1195 4042 1434 4114 gratiam
1473 4042 1549 4096 M
1684 4044 1743 4099 in
1778 4045 1951 4115 priori
1991 4046 2066 4099 M
2205 4046 2263 4100 in
2309 4046 2615 4117 posteriore
2664 4050 2897 4121 erigitur
2935 4051 2994 4104 F

392 4126 450 4180 in
487 4126 784 4197 posteriori
821 4126 1057 4197 erigitur
1086 4125 1161 4179 M
1183 4124 1242 4179 in
1270 4124 1580 4194 posteriora
1608 4125 1857 4195 erigatur
1884 4123 1940 4177 B
2081 4130 2114 4179 8
2150 4126 2336 4181 media.
2370 4127 2563 4199 trium]
2604 4130 2912 4185 mediarum
2933 4131 2988 4184 B

462 4212 495 4261 9
531 4207 592 4260 in
646 4223 818 4261 unum
871 4206 1226 4261 reducturum
1279 4206 1593 4275 repperitur
1629 4205 1689 4258 F
1729 4207 1791 4259 in
1844 4223 1978 4260 num
2034 4207 2388 4263 reduetarum
2432 4214 2761 4278 repperetur
2810 4212 2885 4265 M
2929 4212 2988 4266 in

391 4304 561 4341 unum
598 4287 954 4343 redacturum
994 4285 1307 4356 repperitur
1341 4286 1398 4339 Β
1437 4328 1448 4340 .
1487 4285 1702 4354 reliqua
1734 4285 1800 4339 in
1837 4286 1898 4339 F
1929 4289 2128 4343 omissa
2162 4293 2292 4343 aunt
2436 4289 2571 4358 quia.
2606 4291 2662 4344 Β
2698 4309 2806 4362 que
2846 4292 2922 4347 M

395 4372 455 4421 11
496 4385 678 4438 papae
714 4366 905 4422 atthat
940 4367 1046 4421 hoe
1082 4366 1213 4419 hem
1249 4366 1307 4419 et
1344 4367 1532 4420 cetera
1561 4366 1636 4420 M
1659 4383 1803 4436 pape
1842 4370 1904 4422 at
1937 4370 2096 4436 (corr.
2126 4368 2219 4438 ad)
2247 4370 2442 4425 tathoe
2479 4372 2608 4426 hem
2636 4373 2695 4427 et
2722 4375 2905 4428 cetere
2931 4373 2986 4426 Β

495 4446 553 4501 in
606 4447 807 4502 ultimo
844 4446 987 4500 BM
1016 4451 1065 4501 et
1099 4444 1258 4500 Beda
1438 4449 1503 4498 13
1560 4445 1656 4500 DE
1712 4445 2186 4504 BARBARISMO
2242 4465 2341 4505 om.
2387 4451 2531 4505 BM
2581 4454 2752 4507 unius
2802 4470 2988 4508 versus

389 4528 567 4595 spatio
619 4528 807 4582 relicto
858 4527 923 4581 in
974 4526 1048 4593 B,
1103 4541 1217 4580 non
1269 4523 1516 4579 indicato
1568 4544 1740 4582 novae
1788 4530 1972 4597 partis
2023 4530 2188 4584 initio
2232 4531 2297 4584 in
2345 4531 2416 4584 M
2575 4539 2640 4585 14
2685 4532 2982 4603 generalis]

391 4604 608 4674 generis
648 4607 724 4661 M
865 4612 931 4660 15
969 4605 1125 4677 quia]
1164 4621 1307 4674 quae
1346 4604 1421 4658 M
1562 4614 1629 4663 16
1667 4609 1958 4679 appellant
1993 4626 2103 4678 que
2139 4610 2204 4662 fit
2242 4610 2317 4664 M
2459 4617 2522 4665 18
2560 4610 2688 4682 hoc]
2736 4611 2875 4667 haee
2915 4615 2990 4668 M

464 4692 528 4741 19
566 4687 974 4758 maetaplasma
1008 4686 1212 4741 dieitur
1252 4687 1325 4741 M
1366 4688 1767 4757 metaplasmus
1813 4688 2018 4743 dieitur
2063 4706 2197 4743 uera.
2241 4690 2298 4743 Β
2440 4696 2510 4744 20
2547 4689 2876 4745 differuntur
2914 4692 2989 4745 M

458 4769 651 4823 nostra
684 4785 785 4824 om.
822 4768 897 4835 B,
932 4768 1059 4823 add.
1102 4767 1177 4820 M
1315 4772 1380 4819 21
1420 4785 1551 4822 nam
1578 4786 1678 4823 om.
1712 4769 1800 4836 M,
1828 4770 1955 4824 add.
1983 4769 2038 4822 B
2181 4774 2250 4822 23
2287 4769 2756 4825 transmutatione
2782 4787 2883 4828 om.
2910 4772 2983 4841 B,

392 4847 518 4903 add.
560 4849 636 4903 M
775 4855 845 4903 24
881 4847 1252 4904 adiectionem
1289 4848 1494 4919 quidpe
1531 4848 1718 4904 littere
1754 4848 1823 4902 fit
1854 4849 1911 4903 Β
1947 4848 2260 4904 adiectione
2298 4849 2505 4920 quippe
2542 4850 2634 4904 uel
2670 4851 2735 4905 fit
2771 4853 2846 4905 M

393 4932 461 4980 25
496 4930 563 4983 ut
597 4928 946 5000 audiveram]
984 4930 1084 4984 aut
1116 4928 1440 4984 audiueram
1482 4929 1557 4983 M

497 5036 805 5069 omnm-101
832 5038 1003 5069 urna
1029 5037 1117 5070 vn.
1993 5036 1998 5041 ·
2490 5025 2562 5074 24
