3613 5528
1387 353 1486 408 DE
1523 353 1717 410 ARTE
1758 353 2086 409 METRICA
2921 354 3052 419 245

438 470 479 508 p.
509 456 629 497 saer.
657 456 711 496 es
738 456 787 496 P.

439 541 550 601 hoc
591 540 935 624 discretum,
974 539 1033 602 id
1073 548 1164 601 est
1200 541 1553 621 interposito
1583 538 1764 600 verbo
1796 536 1912 601 ‘est
1948 534 2252 620 animata’3
2290 558 2409 600 non
2442 539 2599 619 quod
2639 539 2783 601 haec
2821 557 3057 620 semper

439 646 739 709 observari
794 666 1040 710 neeesse
1087 649 1191 728 sit,
1237 645 1341 708 sed
1390 649 1553 729 quia,
1602 664 1738 707 cum
1778 641 1788 727 Ι
1832 647 2008 728 siunt,
2054 646 2255 707 decori
2302 648 2437 708 sint.
2514 664 2650 708 nam
2698 656 2758 708 et
2792 647 3055 728 Prosper

441 761 665 816 mutato
709 754 824 816 hoc
871 754 1081 816 ordine
1128 755 1271 815 feeit
1314 772 1552 814 versum
1597 752 2120 834 decentissimum,

753 861 1075 922 moribus
1119 863 1191 922 in
1238 863 1513 923 sanctis
1556 859 1862 941 pulchra
1908 868 2022 921 est
2070 858 2462 922 concordia
2504 861 2734 942 paciS,

361 982 389 1022 5
439 977 500 1029 et
540 970 683 1030 item

755 1075 870 1137 lex
913 1084 1209 1138 aeterna
1255 1076 1369 1138 dei
1415 1074 1663 1137 stabili
1709 1075 1902 1154 regit
1946 1076 2187 1135 omnia·
2224 1082 2402 1136 nutu

865 1201 997 1244 nec
1042 1185 1240 1244 vario
1285 1188 1516 1243 mutat
1560 1190 1882 1261 tempore
1930 1179 2351 1260 consilium3

444 1299 504 1350 et
548 1288 853 1371 Lucanus,
906 1297 1079 1369 poeta
1127 1298 1468 1370 veteranae,
1523 1288 1793 1349 Caesaris
1839 1295 1901 1348 et
1945 1286 2190 1368 Pompei
2236 1285 2459 1368 proelia
2505 1287 2918 1370 descripturus
2964 1293 3048 1353 ita

444 1396 673 1477 incipit,

370 1519 421 1558 ιο
757 1502 943 1564 bella
986 1520 1115 1584 per
1159 1501 1532 1563 Emathios
1573 1499 1738 1580 plus
1786 1517 1990 1579 quam
2037 1498 2284 1560 civilia
2331 1517 2617 1580 campos

753 1616 1015 1691 iusque
1063 1609 1301 1694 datum
1349 1606 1615 1669 sceleri
1662 1608 1984 1669 canimus
2029 1605 2516 1686 populumque
2561 1615 2932 1687 potentem

753 1719 826 1779 in
873 1736 1004 1779 sua
1049 1718 1345 1779 victrici
1391 1732 1818 1777 conversum
1865 1714 2143 1774 viscera
2189 1712 2455 1775 dextra.

755 1841 1045 1903 cumque
1093 1822 1402 1904 superba
1449 1822 1640 1882 soret
1685 1818 1996 1900 Babylon
2044 1817 2415 1898 spolianda
2461 1825 2781 1903 tropaeis

754 1932 1094 1993 Ausoniis
1143 1928 1535 2009 umbraque
1581 1935 1868 1989 erraret
1912 1924 2218 1987 Crassus
2262 1927 2524 2009 inulta,

364 2051 416 2092 15
756 2037 943 2098 bella
988 2040 1142 2117 geri
1186 2037 1465 2118 placuit
1511 2033 1747 2098 nullos
1793 2033 2132 2094 habitura
2178 2035 2606 2115 triumphoS.

781 2209 877 2264 DE
918 2207 1445 2264 SCANSIONIBVS
1485 2207 1649 2263 SIVE
1688 2206 2040 2263 CAESVRIS
2077 2206 2364 2263 VERSVS
2402 2207 2701 2265 HEROIOI

615 2341 1006 2403 Scansionum
1035 2348 1231 2400 autem
1261 2342 1324 2400 in
1352 2336 1624 2400 versibus
1653 2346 1793 2400 sunt
1821 2339 2053 2420 species
2082 2345 2382 2420 quattuor,
2402 2340 2734 2416 coniuncta,
2753 2340 3046 2425 districta,

438 2450 642 2529 mixta,
678 2447 880 2509 divisa.
954 2447 1297 2528 coniuncta,
1343 2464 1495 2525 quae
1533 2446 1750 2507 ceteris
1787 2443 2135 2506 laudabilior
2173 2444 2445 2528 habetur,
2481 2445 2578 2508 illa
2616 2456 2727 2529 est,
2766 2446 2868 2509 ubi
2906 2467 3044 2511 nus·
3090 2516 3097 2524 ,

440 2573 614 2635 quam
661 2573 767 2635 pes
813 2571 949 2615 cum
997 2551 1176 2613 verbo
1223 2553 1446 2634 finitur,
1491 2560 1560 2613 ut

359 2675 413 2715 20
761 2658 1164 2722 immortale
1211 2657 1390 2720 nihil
1436 2658 1681 2721 mundi
1727 2676 2067 2739 compage
2112 2667 2427 2721 tenetur.

438 2769 733 2852 districta,
780 2769 883 2830 ubi
931 2764 1109 2828 verba
1154 2784 1294 2828 eum
1338 2764 1591 2846 pedibus
1642 2769 2055 2849 terminantur,
2103 2775 2171 2828 ut

754 2875 927 2937 haec
974 2883 1091 2937 tua
1139 2882 1332 2956 sunt,
1385 2874 1566 2934 bona
1614 2881 1811 2956 sunt,
1867 2877 2031 2954 quia
2090 2883 2162 2937 tu
2210 2873 2440 2936 bonus
2487 2877 2720 2937 omnia
2766 2877 3048 2960 condis,

438 3001 612 3062 quam
669 2983 1118 3044 versificationis
1174 2982 1433 3061 speciem
1492 2982 1792 3042 rarissime
1849 2983 2096 3043 invenis.
2170 3000 2306 3043 nam
2353 2984 2465 3044 etsi
2524 2999 2652 3043 non·
2697 2992 2834 3064 post
2892 2983 3043 3046 duos

437 3088 527 3150 vel
563 3099 686 3152 tres
726 3089 908 3168 pedes
946 3087 1164 3169 syllaba
1202 3088 1595 3169 superfuerit,
1638 3087 1794 3166 quod
1833 3087 2352 3168 penthemimerim
2391 3096 2451 3149 et
2487 3086 3045 3169 hephthemimerim

349 3187 409 3251 '25
437 3205 669 3278 vocant,
715 3200 880 3258 ratus
924 3195 1130 3257 haberi
1175 3212 1384 3255 versus
1423 3196 1657 3276 nequit,
1702 3195 1861 3256 sicut
1904 3194 1999 3256 hic
2043 3202 2181 3275 post
2226 3195 2377 3257 duos
2425 3196 2605 3276 pedes
2651 3190 2857 3279 ‘sunt',
2905 3206 3041 3279 post

438 3310 560 3364 tres
606 3298 717 3365 ‘tu’
764 3310 1056 3383 superest.
1130 3303 1312 3362 mixta
1358 3308 1450 3362 est
1504 3303 1735 3362 scansio
1792 3319 1945 3380 quae
1992 3310 2313 3381 utrumque
2370 3304 2433 3363 in
2489 3321 2554 3363 se
2609 3303 2814 3387 habet,
2859 3314 2927 3367 ut
2981 3308 3043 3367 in

437 3408 789 3489 quibusdam
836 3410 1218 3489 coniunctuS,
1262 3409 1325 3469 in
1371 3406 1726 3488 quibusdam
1771 3425 1913 3468 vero
1962 3419 2269 3489 separatus
2316 3411 2395 3470 sit
2440 3428 2675 3494 versuS,
2722 3420 2788 3473 ut

754 3516 959 3577 nobis
1005 3523 1205 3577 certa
1252 3514 1442 3577 sides
1489 3522 1828 3576 aeternae
1874 3516 1945 3575 in
1992 3514 2281 3578 saecula
2326 3515 2566 3578 laudis

441 3613 502 3666 et

354 3727 410 3767 30
753 3694 1112 3775 pacificus
1158 3692 1332 3754 deus
1376 3695 1448 3753 in
1494 3709 1867 3755 numerum
1914 3695 1973 3754 si
2019 3692 2246 3774 prolis
2292 3693 2599 3775 adoptat.

437 3799 621 3861 divisa
674 3809 791 3883 est,
845 3801 950 3863 ubi
1003 3801 1182 3881 primi
1237 3809 1362 3862 tres
1416 3798 1599 3880 pedes
1655 3802 2028 3862 concatenati
2082 3802 2240 3862 inter
2296 3819 2361 3862 se
2408 3819 2443 3861 a
2487 3800 2732 3882 reliquis
2789 3802 3041 3884 pedibus

440 3898 711 3987 separati
739 3915 905 3989 sunt,
954 3915 1022 3969 ut

751 4014 916 4076 inde
962 4014 1077 4075 dei
1123 4016 1453 4093 genetrix
1498 4015 1613 4095 pia
1660 4016 1861 4094 virgo
1908 4013 2125 4076 Maria
2172 4022 2537 4091 coruscat,

617 4211 681 4260 18
719 4203 1082 4262 Seansionum
1111 4234 1179 4244 —
1210 4210 1329 4273 246,
1359 4210 1392 4257 2
1430 4204 1660 4260 verbum
1699 4204 1902 4259 Victor.
1940 4205 2007 4259 de
2040 4205 2251 4260 hexam.
2288 4209 2418 4273 214,
2446 4209 2526 4260 23
2562 4205 2777 4261 Audac.
2815 4222 2925 4262 exc.
2963 4211 3044 4263 20

618 4386 644 4434 1
683 4381 741 4435 id
778 4385 866 4438 est
900 4399 1000 4438 om.
1040 4381 1105 4449 P,
1144 4381 1272 4436 add.
1303 4397 1347 4449 p
1522 4386 1555 4434 2
1592 4379 1781 4435 decori
1821 4380 1934 4435 sint
1966 4380 2022 4434 L
2057 4381 2245 4436 decori
2282 4380 2357 4436 sit
2396 4380 2457 4434 F
2488 4380 2703 4436 decoris
2741 4381 2816 4436 sit
2852 4380 2916 4436 F
2946 4382 3041 4439 de-

435 4476 565 4515 eote
601 4460 666 4515 fit
699 4476 735 4519 ς
889 4469 920 4517 6
959 4466 1018 4519 et
1052 4461 1190 4516 item
1230 4459 1354 4515 FL
1390 4462 1450 4515 et,
1483 4459 1687 4515 iterum
1723 4458 1780 4511 P
1936 4466 1966 4514 ’1
2004 4477 2108 4515 nee
2145 4460 2302 4516 uario
2337 4462 2524 4515 mutat
2561 4460 2680 4515 FL
2718 4476 2821 4515 nec
2857 4461 3042 4516 mutat

435 4539 593 4595 uario
629 4541 730 4599 ςΡ
867 4548 933 4596 12
970 4542 1202 4597 dextera
1239 4540 1301 4595 F
1439 4546 1504 4597 15
1541 4541 1816 4596 hebetata
1854 4539 1917 4594 F
2050 4545 2115 4594 17
2156 4540 2410 4596 dim-„icta
2445 4539 2508 4594 F
2535 4537 2802 4595 distincta
2837 4540 2890 4594 L
2926 4539 3040 4595 dis-

433 4618 629 4675 iuncta.
665 4621 764 4679 ςΡ
903 4627 968 4676 18
1005 4639 1310 4691 numquam
1347 4624 1445 4682 §L
1605 4626 1671 4674 21
1712 4619 1970 4675 districta
2007 4619 2129 4673 FP
2157 4619 2423 4675 distinete.
2459 4620 2513 4674 L
2549 4619 2828 4675 disiuncta
2863 4636 2898 4678 ς

435 4706 506 4754 22
546 4703 745 4769 qu..tu
774 4700 848 4770 F,
885 4718 1023 4758 corr.
1054 4701 1190 4772 quia
1223 4704 1288 4758 tu
1321 4705 1358 4771 f
1490 4711 1559 4760 23
1596 4699 1846 4758 invenies
1884 4700 1985 4758 ςΡ
2121 4699 2227 4755 etsi
2264 4716 2375 4754 non
2414 4699 2577 4766 LPt·
2604 4700 2662 4754 et
2693 4715 2804 4754 non
2845 4698 2908 4753 F

436 4829 507 4879 26
545 4776 817 4881 hebetant
851 4826 909 4880 P
1025 4832 1093 4881 27
1134 4842 1266 4882 vero
1301 4844 1402 4884 om.
1431 4828 1486 4882 L
1610 4833 1681 4883 30
1715 4824 1980 4897 pacificus
2013 4825 2140 4892 Pfs'
2174 4822 2436 4895 pacificos
2474 4822 2605 4880 LF
2726 4824 2799 4896 si]
2837 4823 2946 4881 eibi
2980 4823 3045 4881 F
