3613 5528
1344 428 1439 483 DE
1480 426 2062 484 ORTHOGRAPHIA
2915 429 2999 492 27

397 542 441 578 p.
470 531 582 569 2260.
612 531 659 568 σι
692 530 739 568 P.

398 617 459 677 in
503 616 756 675 convivit
803 631 914 673 nec
962 615 1022 674 in
1071 614 1385 693 consumit,
1435 621 1495 673 et
1540 612 1731 673 sicubi
1778 611 1948 692 longa
1997 620 2283 692 sequatur
2321 620 2422 674 aut
2461 622 2671 675 natura
2709 622 2811 675 aut
2847 615 3005 693 posi·

400 724 573 802 tione,
618 722 733 782 nisi
780 720 973 781 media
1020 738 1352 780 consonans
1399 719 1619 799 liquida
1667 720 1865 780 suerit.
1907 713 1917 801 Ι

488 846 498 854 ·
570 828 917 899 Quaesitum
967 836 1086 908 est,
1131 826 1321 888 hiems
1368 837 1572 890 utrum
1616 845 1726 907 per
1770 846 1843 908 ps
1888 846 1963 887 an
2011 847 2119 908 per
2165 846 2255 888 ms
2301 826 2547 888 deberet
2593 827 2802 910 scribi,
2861 847 2998 889 cuin

396 933 608 1013 alioqui
646 933 895 995 dubium
934 952 1051 994 non
1090 936 1167 995 sit
1205 937 1347 1014 quin
1387 953 1495 1014 per
1534 953 1622 994 ms
1660 933 1972 995 scribenda
2012 937 2106 1009 sit,
2154 937 2430 1014 quoniam
2478 936 2750 1013 genetivo
2787 934 3000 995 hiemis

340 1055 365 1093 ⁵
394 1041 532 1101 facit
571 1049 631 1101 et
668 1042 945 1119 quoniam
985 1060 1093 1121 per
1131 1061 1168 1120 p
1207 1050 1265 1102 et
1304 1060 1332 1101 s
1372 1060 1440 1101 ea
1470 1040 1835 1115 scribuntur,
1873 1059 2023 1120 quae
2055 1041 2207 1122 apud
2239 1040 2497 1102 Graecos
2527 1046 2590 1102 in
2619 1041 2677 1104 Ψ
2705 1040 3003 1105 desinunt.

397 1147 545 1207 banc
592 1156 788 1209 autem
827 1166 946 1208 non
984 1151 1045 1209 in
1084 1148 1142 1211 Ψ
1179 1149 1452 1208 desinere
1493 1148 1870 1208 manifestum
1911 1156 2003 1209 est
2040 1167 2108 1208 ex
2150 1166 2240 1229 eo,
2287 1148 2443 1228 quod
2484 1166 2636 1228 quae
2673 1148 2772 1210 illa
2807 1150 3004 1211 littera

397 1257 788 1315 terminantur
848 1262 951 1315 aut
1010 1257 1069 1314 in
1126 1273 1280 1331 πος,
1336 1262 1405 1315 ut
1462 1249 1696 1329 Πέλοψ
1752 1255 2087 1334 Πέλοπος,
2143 1263 2245 1315 aut
2300 1257 2362 1316 in
2417 1255 2537 1335 βος
2583 1255 2895 1338 desinunt,
2940 1265 3010 1318 ut

398 1357 573 1439 φλέψ
629 1354 894 1439 φλεβός.
978 1362 1167 1422 hiems
1222 1371 1419 1423 autem
1477 1370 1748 1422 neutram
1794 1361 2006 1422 harum
2055 1358 2406 1439 syllabarum
2455 1363 2728 1439 genetivo
2776 1365 3006 1442 recipit.

393 1470 532 1528 item
579 1485 699 1527 non
746 1476 1004 1546 constat,
1064 1467 1384 1528 obscurum
1445 1475 1647 1528 utrum
1693 1485 1802 1546 per
1850 1466 1925 1527 ob
1972 1486 2046 1527 an
2093 1485 2203 1547 per
2249 1486 2325 1546 op
2373 1466 2586 1528 debeat
2632 1468 2839 1550 scribi,
2899 1488 3008 1531 nec

318 1586 370 1625 ιο
396 1576 592 1635 minus
629 1572 881 1634 observo
920 1572 1146 1655 obsicio,
1185 1593 1320 1635 cum
1357 1577 1418 1636 in
1457 1574 1573 1635 illis
1610 1573 1648 1634 b
1686 1573 1882 1635 littera
1920 1572 2226 1635 evidenter
2264 1592 2477 1635 sonum
2517 1593 2691 1636 suum
2730 1576 3006 1637 vindicet.

396 1699 513 1740 non
575 1689 781 1741 carent
843 1683 1187 1759 quaestione
1251 1683 1427 1742 etiam
1489 1679 1658 1759 plebs
1720 1688 1781 1740 et
1843 1680 1985 1741 urbs
2048 1689 2107 1741 et
2165 1679 2406 1761 PelopS,
2471 1700 2622 1760 quae
2683 1681 2868 1743 Varro
2920 1687 3010 1745 ita

395 1787 731 1867 distinguit,
789 1797 854 1848 ut
898 1805 1007 1867 per
1052 1786 1090 1847 b
1139 1797 1198 1849 et
1245 1807 1273 1848 s
1320 1807 1386 1847 ea
1434 1789 1794 1848 nominativo
1842 1805 1982 1847 casu
2043 1795 2213 1867 putet
2273 1806 2403 1848 esse
2462 1788 2802 1870 scribenda,
2859 1809 3008 1869 quae

396 1894 640 1954 eandem
686 1894 943 1955 litteram
991 1897 1263 1973 genetivo
1309 1898 1618 1969 sinqulari
1667 1891 1945 1973 reddant,
1999 1896 2065 1953 u't
2127 1892 2295 1971 plebs
2351 1892 2568 1974 plebis,
2626 1894 2770 1955 urbs
2826 1895 3010 1978 urbiS,

396 2020 464 2061 ea
502 2019 641 2060 vero
678 2019 784 2080 per
823 2020 860 2080 p
909 2010 970 2061 et
1016 2020 1062 2083 S,
1110 2020 1259 2080 quae
1308 2001 1580 2061 similiter
1626 2002 1899 2079 genetivo
1946 1999 2212 2060 eiusdem
2262 1998 2476 2078 [modi]
2525 2004 2760 2063 numeri
2805 2004 2865 2062 in
2913 2005 3007 2082 pis

320 2118 369 2157 ¹⁵
399 2115 742 2188 excurrant,
808 2116 873 2168 ut
927 2107 1143 2187 Pelops
1198 2106 1449 2186 Pelopis,
1525 2106 1627 2166 sed
1686 2104 1859 2166 nobis
1923 2114 2242 2185 utrumque
2302 2124 2409 2187 per
2464 2126 2534 2187 ps
2596 2107 2832 2169 videtur
2877 2127 3008 2170 esse

397 2214 795 2296 scribendum,
843 2217 1121 2293 quoniam
1169 2232 1238 2273 ex
1287 2212 1379 2273 his
1428 2212 1485 2273 Ψ
1530 2210 1730 2273 littera
1775 2219 2029 2292 constet,
2076 2230 2253 2290 quam
2299 2215 2572 2291 genetivo
2611 2214 2869 2276 diximus
2906 2226 3009 2278 aut

396 2323 458 2381 in
506 2320 595 2381 bis
643 2329 745 2382 aut
790 2324 850 2381 in
898 2324 989 2400 pis
1036 2325 1214 2383 exire.
1348 2386 1389 2431 Δ,

577 2426 722 2498 Quis
769 2427 1008 2505 quidam
1052 2448 1161 2508 per
1208 2430 1336 2489 cuis
1383 2426 1672 2508 scribunt,
1720 2429 2000 2505 quoniam
2039 2445 2463 2506 supervacuam
2503 2447 2635 2490 esse
2675 2448 2711 2508 q
2750 2430 3006 2491 litteram

398 2542 621 2613 putant.
679 2533 783 2594 sed
825 2553 934 2595 nos
972 2553 1106 2596 cum
1145 2534 1240 2595 illa
1278 2554 1317 2595 u
1358 2534 1630 2614 litteram,
1677 2536 1725 2593 si
1779 2533 2013 2613 quando
2054 2535 2227 2593 tertia
2274 2531 2346 2593 ab
2385 2552 2454 2594 ea
2491 2535 2707 2597 vocalis
2745 2540 3005 2621 ponitur,

577 2695 609 2742 3
647 2689 823 2744 hiems
851 2708 911 2759 p.
951 2695 1046 2756 21,
1084 2694 1120 2743 6
1285 2695 1346 2743 11
1388 2687 1548 2759 plebs
1578 2706 1635 2757 p.
1676 2693 1764 2753 14,
1801 2692 1853 2743 7.
1891 2693 1989 2753 21,
2027 2692 2062 2742 7
2227 2694 2292 2743 18
2331 2687 2457 2757 quis
2486 2707 2545 2758 p.
2588 2695 2674 2756 15,
2713 2695 2799 2744 19.
2842 2695 2931 2759 18,
2972 2696 3006 2745 4

582 2842 607 2887 1
648 2833 917 2904 convivit]
967 2832 1218 2888 conbibit
1252 2833 1443 2887 ΒΡω.
1502 2834 1567 2885 de
1602 2831 1707 2885 con'
1755 2833 2161 2900 praepositione
2204 2831 2419 2887 diversa
2447 2839 2846 2902 praeceperunt
2884 2834 3010 2890 Cae-

398 2915 584 2970 sellius
628 2916 781 2983 apud
830 2914 1073 2968 Cassiod.
1114 2931 1175 2982 p.
1222 2917 1370 2969 2314
1417 2918 1466 2967 et
1516 2913 1744 2967 Marius
1793 2911 2110 2965 Victorinus
2148 2929 2207 2980 p.
2248 2918 2337 2980 18,
2375 2918 2465 2968 18.
2541 2913 2787 2968 Scaurus
2832 2920 3013 2968 autem

400 2995 464 3047 in
500 2995 595 3048 boc
631 3011 837 3064 quoque
872 2996 1031 3049 verbo
1059 2995 1364 3063 productae
1398 2993 1643 3064 syllabae
1678 2993 1978 3060 &ternplum
2007 2992 2256 3059 posuisse
2289 2992 2505 3046 videtur
2683 2999 2715 3045 3
2755 2993 3012 3063 hiempns

400 3075 587 3127 utrum
623 3091 722 3143 per
756 3075 845 3144 pis
883 3077 1039 3144 (corr.
1070 3091 1172 3144 per
1207 3077 1296 3144 ps)
1341 3074 1395 3127 Β
1432 3074 1623 3143 hyems
1661 3076 1849 3128 utrum
1903 3088 2005 3143 per
2040 3088 2103 3139 ps
2141 3091 2183 3124 ω
2233 3071 2418 3124 utrum
2465 3069 2644 3125 hiems
2689 3088 2791 3140 per
2827 3090 2893 3141 ps
2936 3073 3012 3126 Pz

400 3198 473 3263 cf.
514 3198 811 3266 Papirian.
851 3202 1006 3268 apud
1044 3199 1285 3253 Cassiod.
1318 3216 1375 3267 p.
1413 3204 1573 3252 2292
1719 3204 1752 3251 4
1788 3157 1967 3266 aliqui
1994 3196 2049 3248 B
2193 3194 2328 3261 quin
2367 3212 2464 3264 per
2493 3212 2546 3248 m
2585 3196 2879 3250 scribenda
2907 3197 3010 3250 Ρω

402 3295 528 3331 curn
566 3295 662 3347 per
698 3297 782 3333 ms
820 3278 1117 3333 scribenda
1150 3280 1205 3332 Β
1359 3285 1390 3332 5
1429 3295 1528 3349 per
1558 3282 1684 3346 post
1721 3277 1986 3345 quoniam
2025 3293 2124 3330 om.
2161 3275 2236 3341 B,
2273 3276 2400 3330 add.
2441 3275 2543 3328 Ρω
2698 3275 3014 3331 scribantur

403 3401 572 3455 ΒΡω
716 3404 867 3473 apud
902 3352 1487 3472 grecosi'ff'desinunt
1515 3402 1571 3454 P
1599 3401 1747 3471 apud
1785 3418 1981 3470 grecos
2026 3404 2076 3454 Τ
2107 3399 2368 3455 desinunt
2394 3399 2449 3453 Β
2486 3399 2639 3468 apud
2677 3400 2918 3457 Graecos
2959 3404 3019 3454 Ψ

401 3482 664 3538 desinunt
700 3505 742 3537 ω
889 3490 922 3538 6
959 3484 1018 3538 in
1054 3485 1115 3536 Ψ
1138 3482 1385 3537 desinere
1419 3483 1524 3536 Ρω
1563 3481 1620 3536 in
1656 3484 1705 3535 Τ
1728 3481 1981 3536 desinere
2010 3481 2065 3535 Β
2212 3488 2242 3536 7
2281 3480 2658 3535 terminantur
2690 3481 2797 3535 Ρω
2826 3482 3013 3536 termi-

402 3565 603 3616 nentur
628 3562 683 3616 Β
808 3565 908 3618 aut
944 3564 1002 3617 in
1032 3582 1160 3632 πος,
1199 3566 1263 3617 ut
1290 3561 1473 3626 πέλοψ
1503 3560 1772 3627 πέλοπος,
1813 3564 1914 3615 aut
1948 3560 2007 3614 in
2047 3562 2144 3631 βος
2172 3558 2458 3626 desinunt,
2497 3563 2561 3614 ut
2589 3559 2743 3629 φλὲψ
2773 3557 3011 3633 φλεβόςτ

400 3642 596 3711 hyems
632 3645 821 3697 autem
860 3663 902 3696 ω
941 3645 1040 3696 aut
1076 3642 1133 3697 in
1170 3643 1273 3696 ΠΟ
1311 3645 1374 3696 ut
1407 3640 2190 3696 TTHAOTTYTTHAOTTOCaut
2224 3640 2283 3693 in
2318 3641 2425 3695 hoc
2463 3640 2685 3695 desinat
2721 3647 2784 3695 ut
2820 3642 3013 3696 ΦΛΗΥ

401 3723 676 3778 ΦΛΗΒΟ(
720 3722 939 3791 hiemps
988 3725 1036 3791 (s
1076 3724 1206 3790 ras.)
1252 3721 1441 3776 autem
1476 3721 1532 3774 Β
1576 3724 1678 3776 aut
1721 3720 1781 3774 in
1829 3738 1903 3774 πο
1956 3719 2101 3774 sicut
2146 3724 2330 3789 πελοψ
2367 3724 2610 3785 uelorum,-
2657 3722 2756 3774 aut
2800 3720 2858 3774 in
2905 3721 3013 3776 hoc

402 3855 623 3910 desinat
659 3857 722 3909 ut
759 3858 912 3922 φλεψ
951 3855 1158 3924 φλεβος
1192 3815 1389 3924 hyemps
1427 3857 1614 3909 autem
1654 3854 1709 3906 P
1900 3860 1932 3908 8
1971 3855 2229 3908 neutrum
2265 3854 2321 3907 Β
2499 3855 2763 3923 genetivo
2802 3869 2901 3908 om.
2940 3853 3013 3921 Β,

402 3936 532 3989 add.
574 3936 679 3988 Ρω
842 3933 1045 4003 recipit
1078 3934 1133 3987 B
1171 3935 1409 4004 recipiat
1448 3934 1555 3988 Ρω
1736 3940 1768 3988 9
1809 3933 2104 3989 obscurum
2141 3936 2329 3988 utrum
2365 3950 2467 4004 per
2504 3935 2576 3990 ob
2612 3951 2686 3989 an
2720 3950 2822 4003 per
2859 3950 2932 4003 op
2968 3954 3012 4008 ῳ

403 4018 703 4071 obscurum
734 4016 806 4069 ob
834 4031 905 4069 an
934 4030 1034 4084 per
1062 4032 1134 4084 op
1160 4014 1215 4068 Β
1256 4015 1549 4070 obscurum
1587 4016 1773 4068 utrum
1812 4031 1913 4083 per
1939 4014 2012 4069 ob
2048 4016 2149 4069 aut
2183 4033 2283 4084 per
2311 4032 2383 4084 op
2425 4016 2481 4069 P
2605 4021 2672 4068 10
2710 4012 2939 4068 obsideo
2970 4033 3012 4066 ω

504 4093 751 4149 uindicet
776 4111 888 4148 nou
917 4097 1071 4148 caret
1101 4094 1206 4148 Ρω
1238 4094 1487 4149 uindicet
1514 4097 1573 4148 et
1601 4112 1711 4149 non
1747 4097 1910 4164 paret
1934 4095 1990 4148 Β
2138 4103 2201 4150 11
2240 4099 2301 4150 et
2329 4096 2529 4166 Pelops
2560 4116 2602 4150 ω
2641 4098 2700 4150 et
2733 4094 2929 4165 pelobs
2959 4093 3016 4146 P

404 4191 435 4228 e
472 4172 666 4242 pelobs
703 4174 757 4226 Β
902 4190 1064 4228 uarro
1104 4193 1172 4228 .n.
1212 4172 1584 4243 addistinguit
1622 4174 1694 4227 P:
1731 4175 1802 4240 cf.
1843 4174 2142 4244 Papirian.
2183 4177 2338 4245 apud
2376 4176 2618 4232 Cassiod.
2648 4193 2707 4246 p.
2750 4180 2903 4230 2291

409 4260 473 4307 12
515 4253 805 4308 scribenda
841 4269 986 4322 quae
1024 4253 1078 4306 Β
1113 4254 1291 4308 scribe
1323 4270 1635 4321 nouamque
1663 4270 1809 4323 quae
1842 4253 1898 4306 P
1931 4254 2228 4310 scribenda
2256 4273 2323 4311 ea
2349 4273 2493 4326 quae
2533 4276 2576 4310 ω
2724 4262 2788 4308 13
2826 4254 3013 4324 singu-

406 4332 513 4387 lari
547 4349 644 4387 om.
684 4332 851 4386 ΒΡω
1036 4339 1101 4385 14
1137 4348 1238 4402 per
1270 4350 1308 4402 p
1347 4335 1406 4388 et
1440 4351 1466 4387 s
1507 4335 1616 4387 Ρω
1655 4351 1754 4403 per
1787 4351 1855 4402 ps
1890 4333 1946 4386 Β
2123 4335 2276 4390 modi
2313 4352 2413 4390 om.
2453 4356 2496 4390 ω
2674 4334 2738 4388 in
2776 4332 2864 4403 pis
2905 4333 3011 4387 Ρω

408 4412 467 4466 in
502 4429 567 4480 ps
601 4413 656 4465 Β
839 4418 903 4466 15
943 4415 1236 4467 excurrant
1284 4413 1352 4466 W
1353 4414 1685 4468 ilmannsius
1722 4414 1788 4467 de
1837 4411 1997 4467 Varr.
2038 4415 2162 4469 libr.
2199 4432 2424 4486 yramm.
2457 4433 2517 4484 p.
2555 4419 2680 4479 117,
2718 4415 3016 4468 excurrunt

409 4492 576 4546 ΒΡω
701 4490 925 4561 Pelops]
957 4490 1150 4560 pelobs
1176 4493 1230 4545 Β
1379 4501 1444 4549 16
1479 4494 1567 4564 Ψ]
1604 4496 1653 4547 Τ
1682 4493 1737 4545 Β
1867 4509 2036 4560 quam
2067 4494 2316 4564 genitiuo
2346 4495 2492 4549 Pbm
2523 4511 2649 4548 cum
2677 4491 2929 4560 genitiuo
2957 4494 3012 4546 Β

568 4574 667 4626 aut
700 4571 757 4625 in
797 4571 883 4625 bis
921 4573 1019 4625 aut
1056 4571 1113 4625 in
1148 4572 1236 4640 pis
1274 4572 1376 4625 Pto
1415 4574 1515 4626 aut
1548 4572 1610 4626 in
1646 4571 1736 4625 his
1773 4573 1874 4626 aut
1911 4587 1946 4626 a.
1979 4574 2067 4644 pis
2103 4574 2159 4627 Β
2376 4580 2443 4629 18
2479 4589 2578 4642 per
2614 4570 2733 4626 cuis
2770 4571 2874 4624 Pm
2912 4589 3014 4641 per

414 4650 566 4705 cuius
594 4651 648 4704 Β
792 4669 830 4720 q
866 4650 1115 4706 litteram
1143 4667 1241 4706 om.
1271 4651 1347 4717 B,
1374 4653 1502 4706 add.
1533 4651 1679 4706 Pbm
1829 4659 1893 4707 19
1930 4654 2134 4722 putant
2157 4653 2213 4705 Β
2249 4653 2451 4722 putent
2477 4650 2578 4704 Ρω
2723 4650 2820 4704 sed
2856 4650 3016 4705 nulla

416 4746 536 4782 cum
573 4733 731 4797 (corr.
772 4730 871 4785 sed
908 4739 945 4785 fi
988 4737 1057 4786 cii
1092 4731 1211 4786 ulla
1247 4750 1285 4785 u
1321 4732 1376 4801 b)
1416 4731 1609 4786 littera.
1646 4749 1707 4787 .n.
1746 4732 1795 4785 si
1834 4732 2056 4801 quando
2091 4731 2147 4784 Β
2186 4729 2285 4785 sed
2319 4747 2431 4785 non
2470 4747 2596 4785 cum
2633 4729 2753 4784 ulla.
2787 4748 2824 4784 u
2862 4730 3014 4786 litte-

417 4825 533 4864 ram
569 4813 626 4869 .t.
664 4829 691 4864 s
730 4810 767 4864 ,i
824 4811 1047 4879 quando
1086 4812 1142 4864 P
1172 4811 1269 4866 sed
1307 4828 1407 4865 nos
1445 4826 1572 4865 cum
1608 4810 1711 4865 illa.
1747 4829 1783 4864 u
1822 4809 2041 4865 literam
2081 4811 2141 4863 et
2175 4825 2201 4861 s
2240 4809 2463 4878 quando
2502 4830 2545 4863 ω
2581 4849 2592 4856 .
2734 4811 2907 4866 tertia.
2941 4812 3015 4867 ab

422 4904 487 4942 ea
519 4890 731 4945 uocalis
769 4910 812 4944 ω
849 4891 1018 4946 tertia
1054 4892 1126 4946 ab
1164 4908 1231 4946 ea
1264 4890 1450 4945 uocali
1484 4889 1541 4944 Β
1580 4889 1749 4946 tertia.
1784 4893 1856 4946 ab
1896 4907 1960 4958 eo
1998 4889 2210 4946 uocalis
2247 4888 2303 4942 P
