3613 5528
1380 440 1517 497 ARS
1554 438 2045 496 GRAMMATICA
2879 438 3010 504 393

406 550 453 588 p.
478 540 545 582 aa.
573 541 626 580 ει
652 539 711 582 E
2041 553 2054 566 κ

408 624 589 708 redit,
635 644 669 686 a
713 625 883 687 libris
930 625 1235 688 Ciceronis
1281 626 1649 688 intellectum
1696 621 1830 688 est.’
1923 628 2213 706 septimus
2259 643 2399 685 vero
2447 643 2619 686 casus
2665 624 2855 694 modis
2899 624 3012 685 1111

405 734 727 813 profertur.
819 736 1037 815 primo,
1102 751 1237 794 cum
1294 735 1354 794 in
1412 751 1666 815 persona
1732 741 1842 796 aut
1905 738 1968 794 in
2032 738 2163 796 loco
2227 741 2329 794 aut
2381 735 2444 793 in
2499 751 2566 793 re
2631 732 3010 813 intellegitur,

409 838 589 900 veluti
635 835 722 901 ‘in
770 840 1046 921 Scipione
1096 841 1367 902 militaris
1415 844 1602 903 virtus
1651 843 1893 923 enituit,
1947 842 2009 902 in
2066 849 2267 901 monte
2314 838 2575 903 Caucaso
2636 858 2857 921 poenas
2903 839 3015 901 luit
3117 884 3134 899 .

409 946 828 1030 Prometheus,
889 950 952 1009 in
1017 957 1209 1011 statua
1276 947 1579 1009 Ciceronis
1647 950 1890 1009 victoria
1955 949 2400 1009 coniuratorum
2470 941 2878 1029 inscribitur3'
2953 955 3015 1007 et

330 1065 357 1105 ⁶
409 1054 838 1135 interpretatur
874 1054 1005 1117 talis
1044 1056 1229 1135 figura
1266 1074 1376 1135 per
1413 1054 1704 1137 dativum,
1751 1049 1825 1116 ἐν
1861 1051 1952 1141 τῷ
1991 1052 2374 1134 Σκηπίωνι,
2423 1049 2496 1116 έν
2531 1050 2623 1140 τῷ
2662 1049 3016 1138 Καυκάσῳ,

411 1156 484 1223 ἐν
528 1157 621 1245 τῷ
667 1153 1041 1241 άνδριάντι.
1114 1180 1264 1242 quae
1312 1160 1516 1241 regula
1562 1164 1738 1222 etiam
1776 1164 1837 1222 in
1877 1158 2217 1221 nominibus
2256 1160 2549 1222 secundae
2588 1161 3014 1241 declinationis,

413 1286 667 1347 quorum
713 1268 1001 1330 ablativus
1049 1278 1107 1331 et
1153 1269 1384 1330 dativus
1431 1268 1586 1330 idem
1634 1276 1752 1350 est,
1812 1267 2160 1330 observatur
2206 1275 2266 1329 et
2310 1271 2372 1329 in
2419 1267 2758 1330 nominibus
2805 1270 3014 1329 tertiae

412 1375 849 1459 declinationi5‚
905 1395 1160 1456 quorum
1215 1379 1359 1438 item
1416 1376 1704 1439 ablativus
1759 1385 1822 1438 et
1874 1375 2105 1438 dativus
2161 1375 2318 1437 idem
2365 1384 2483 1457 est,
2539 1376 2722 1437 veluti
2777 1374 2850 1436 ab
2902 1374 3014 1435 hac

412 1485 610 1544 securi
646 1486 828 1546 suavi.
902 1483 1195 1566 secundo,
1241 1503 1376 1546 curn
1415 1483 1649 1546 ablativi
1686 1483 1945 1566 copulati
1982 1486 2239 1563 genitivo
2275 1485 2748 1562 interpretantur
2784 1500 3016 1564 graeco,

339 1602 389 1641 1⁰
416 1591 597 1653 veluti
643 1585 922 1652 ‘ducente
969 1590 1079 1652 dea
1125 1589 1359 1672 elapsus
1407 1601 1499 1653 est
1543 1592 1772 1654 Aeneas
1826 1581 2204 1672 ἡγουμένης
2255 1587 2375 1671 τῆς
2426 1586 2598 1652 θεοῦ
2653 1581 3015 1665 ἐξώλισθεν

414 1693 714 1775 Αἰνείας,
761 1698 1070 1758 incusante
1099 1696 1385 1759 Cicerone
1432 1700 1624 1759 victus
1663 1706 1752 1760 est
1780 1697 2026 1759 Catilina
2063 1693 2597 1778 κατηγοροῦντος
2633 1693 3018 1778 Κικέρωνος

412 1794 667 1884 ἡττήθη
716 1801 1106 1883 Κατιλίνας,
1155 1804 1430 1865 studente
1479 1804 1800 1866 Sacerdote
1852 1800 1860 1886 Ι
1912 1804 2242 1866 differentia
2288 1808 2524 1867 inventa
2581 1811 2673 1865 est
2726 1795 3022 1867 σπουδά-

417 1909 641 1985 ζοντος
678 1906 1116 1992 Σακέρδωτος
1160 1900 1200 1991 ἡ
1251 1901 1543 1991 διαφορὰ
1589 1900 1898 1991 ηὑρέθηῖ
1971 1913 2148 1972 tertio
2178 1910 2380 1994 modo,
2425 1930 2561 1973 cum
2589 1911 2742 1972 hanc
2769 1911 3016 1990 figuram

416 2035 714 2099 graecam,
750 2012 968 2079 ἐλπίδι
1004 2014 1127 2079 τοῦ
1166 2009 1539 2096 δύνασθαι,
1585 2012 1971 2098 προαιρέσει
2006 2015 2129 2079 τοῦ
2166 2010 2532 2100 λῃστεύειν,
2579 2011 2861 2101 σχήματι
2897 2015 3017 2080 τοῦ

337 2137 390 2179 15
418 2115 874 2203 ἐπιβουλεύειν
920 2123 1100 2186 latine
1148 2123 1472 2185 dixerimus
1520 2119 1657 2205 ‘spe
1703 2143 1908 2207 posse,
1967 2125 2264 2187 voluntate
2311 2125 2726 2208 latrocinandi,
2771 2125 3018 2204 consilio

597 2331 776 2387 Codex
820 2331 1212 2403 Sanyallenais.
1319 2339 1343 2387 1
1385 2349 1546 2388 casus
1590 2347 1690 2389 om.
1836 2338 1869 2388 2
1908 2334 2009 2387 aut
2044 2331 2103 2387 in
2141 2332 2264 2388 loco
2301 2349 2401 2388 om.
2546 2340 2581 2388 4
2617 2333 2879 2390 scribitur

418 2416 449 2465 8
489 2411 899 2564 ‘igeffliifliiio
915 2430 1014 2469 om.
1162 2421 1193 2468 9
1232 2411 1495 2482 ablativi]
1533 2411 1699 2466 abl’ts
1843 2429 2008 2482 grece
2154 2420 2219 2468 11
2259 2411 2502 2469 Catilina.
2536 2413 2718 2471 uictus
2755 2417 2877 2486 (om.
2915 2418 3020 2488 est)

597 2677 624 2726 1
662 2673 765 2740 ηδε
816 2673 1034 2743 επὸομη
1082 2672 1364 2742 Septimus
1400 2689 1532 2728 uero
1564 2674 1573 2741 Ι
1604 2690 1812 2734 πτωσις
1857 2688 2016 2726 casus
2056 2671 2132 2726 M
2271 2678 2302 2726 2
2342 2674 2444 2727 aut
2488 2671 2546 2727 in
2581 2673 2705 2729 loco
2742 2675 2871 2731 add.
2909 2692 3021 2733 exc.

418 2750 631 2808 Charis.
775 2758 809 2807 4
847 2772 1194 2824 ενγραφεται
1237 2772 1337 2808 και
1381 2752 1644 2809 scribitur
1698 2756 1755 2809 et
1805 2752 1900 2820 M,
1949 2752 2274 2809 inscribitur
2322 2770 2434 2808 exc.
2495 2751 2708 2811 Charis·
2853 2761 2885 2811 5
2924 2756 3020 2811 δια

416 2851 515 2900 της
549 2833 777 2901 δοτικης
811 2850 912 2903 per
947 2832 1202 2888 datiuum
1233 2836 1243 2903 Ι
1275 2852 1338 2887 εν
1366 2852 1429 2888 το
1458 2851 1719 2902 σκηπιονι
1756 2836 1944 2904 (corr.·
1965 2837 2088 2905 ωνι)
2135 2834 2194 2889 in
2230 2833 2477 2904 scipione
2509 2835 2518 2902 Ι
2552 2852 2615 2889 εν
2651 2856 2728 2890 τω
2767 2855 3018 2892 καικασω

417 2912 474 2967 in
511 2929 746 2968 caucaso
778 2915 788 2982 Ι
821 2932 884 2967 εν
921 2932 996 2967 τω
1033 2913 1330 2983 «vomam
1374 2912 1433 2968 in
1480 2916 1669 2969 statua
1707 2914 1783 2968 M
1924 2919 1955 2969 *1
1993 2931 2231 2984 quorum
2286 2913 2459 2969 etiam
2506 2914 2789 2970 ablatiuus
2831 2919 3024 2987 priore

419 2995 532 3048 loco
570 2994 646 3048 M
793 3013 891 3062 της
927 3013 1117 3063 τριτης
1153 2998 1383 3058 κλισεως
1417 2993 1621 3049 tertiae
1659 2993 2051 3049 declinationis
2090 2996 2165 3050 M
2307 2999 2369 3048 11
2411 2986 2542 3049 1ιίοἶ
2564 2995 2799 3051 catilina.
2836 2997 2912 3051 M

420 3075 1059 3145 13han0figummM

418 3377 793 3466 νενόηται.“
882 3375 924 3466 ἡ
972 3377 1047 3446 δὲ
1094 3379 1346 3466 ἑβδόμη
1392 3382 1636 3459 πτῶσις
1677 3377 1952 3466 τρόποις
1994 3381 2302 3466 τέτρασιν
2341 3380 2717 3467 ἐκφέρεται,
2761 3377 3023 3470 πρώτῳ,

420 3482 587 3554 ὅταν
634 3487 708 3554 ἐν
753 3483 1089 3578 προσώπῳ
1133 3481 1175 3573 ἢ
1225 3486 1307 3553 ἐν
1351 3485 1558 3578 τόπῳ
1612 3481 1655 3574 ἢ
1713 3489 1788 3556 ἐν
1831 3484 2166 3575 πράγματι
2211 3489 2479 3574 νοῆται,
2543 3481 2694 3555 οἶον
2749 3488 2876 3573 »ἐν
2930 3491 3021 3578 τῷ

422 3597 771 3679 Σκηπίωνι
816 3588 857 3679 ἡ
908 3592 1337 3680 στρατιωτικὴ
1384 3590 1583 3681 ἀρετὴ
1632 3596 2018 3683 ἐξέλαμψεν,
2081 3596 2154 3662 ἐν
2199 3597 2291 3686 τῷ
2349 3592 2491 3682 ὄρει
2544 3598 2637 3688 τῷ
2686 3593 3022 3687 Καυκάσῳ

419 3697 656 3779 ποινὰς
702 3703 916 3767 ἔτισεν
965 3699 1403 3788 Προμηθεύς,
1451 3702 1524 3769 έν
1569 3704 1659 3792 τῷ
1696 3697 2052 3789 ἀνδριάντι
2091 3702 2471 3788 Κικέρωνος
2514 3698 2556 3789 ἡ
2602 3706 2756 3788 νίκη
2801 3699 2843 3788 ἡ
2887 3705 3023 3770 τῶν

368 3830 395 3868 ε.
424 3808 835 3893 συνωμοτῶν
881 3806 1280 3894 ἐγγράφεται
1295 3811 1358 3892 ,“
1412 3808 1525 3875 καὶ
1572 3806 2005 3894 ἑρμηνεύεται
2050 3805 2129 3876 vd
2174 3812 2440 3877 τοιοῦτο
2488 3812 2708 3896 σχῆμα
2754 3806 2865 3876 διὰ
2909 3810 3027 3895 τῆς

423 3915 692 4000 δοτικῆς
842 3967 857 3982 .
905 3910 980 3994 ὃς
1030 3913 1258 3983 κανὼν
1311 3914 1422 3982 καὶ
1484 3915 1559 3983 ἐν
1614 3928 1754 3995 τοῖς
1810 3912 2140 4001 ὀνόμασιν
2192 3917 2309 4001 τῆς
2365 3915 2677 3999 δευτέρας
2730 3920 3025 3999 κλίσεως,

424 4010 519 4088 ὧν
564 4021 676 4089 καὶ
720 4017 762 4108 ἡ
811 4018 1202 4109 άφαιρετικὴ
1246 4022 1357 4088 καὶ
1402 4017 1444 4109 ἡ
1494 4018 1722 4108 δοτικὴ
1768 4017 1810 4107 ἡ
1849 4019 2016 4108 αὐτή
2054 4022 2258 4107 ἐστιν,
2301 4020 2881 4108 παραφυλάττεται
2915 4022 3028 4090 καὶ

422 4129 497 4195 ἐν
541 4140 683 4208 τοῖς
727 4125 1060 4217 ὀνόμασιν
1102 4132 1219 4216 τῆς
1261 4132 1485 4215 τρίτης
1528 4133 1836 4214 κλίσεως,
1883 4118 1980 4196 ὧν
2027 4123 2274 4215 ὁμοίως
2318 4125 2359 4215 ἡ
2404 4126 2792 4216 άπενεκτικὴ
2828 4129 2939 4196 καὶ
2984 4126 3026 4216 ἡ

424 4232 652 4323 δοτικὴ
697 4232 739 4322 ἡ
787 4231 953 4322 αὐτή
1001 4237 1205 4321 ἐστιν,
1253 4229 1401 4303 οἷον
1551 4288 1566 4304 .
1614 4236 1935 4326 δευτέρῳ,
1992 4232 2153 4303 ὅταν
2209 4232 2625 4304 άπενεκτικαὶ
2683 4241 3026 4323 συνεζευγ-

346 4366 397 4405 ιο
423 4342 619 4428 μέναι
682 4346 912 4432 γενικῇ
970 4340 1465 4430 ἐρμηνεύωνται
1523 4343 1864 4431 ἑλληνικῇ,
1926 4335 2076 4410 οἷον
2195 4395 2209 4410 .
2249 4348 2260 4428 Ι
2298 4349 2497 4434 τρίτῳ
2553 4341 2809 4434 τρόπῳ,
2866 4340 3029 4410 ὅταν

424 4452 621 4516 τοῦτο
685 4446 761 4517 τὸ
837 4453 1054 4537 σχῆμα
1123 4449 1199 4518 τὸ
1275 4448 1626 4535 ἑλληνικόν
1691 4449 1697 4457 ’
1835 4450 2156 4537 ῥωμαϊστὶ
2229 4457 2547 4537 εἴπωμεν,
2618 4452 2836 4517 ἐλπίδι
2907 4452 3031 4517 τοῦ

426 4554 800 4642 δύνασθαι,
884 4556 1266 4644 προαιρέσει
1328 4560 1452 4624 τοῦ
1511 4555 1888 4645 λῃστεύειν,
1981 4556 2261 4644 σχήματι
2342 4561 2465 4626 τοῦ
2549 4554 3028 4644 ἐπιβουλεύειν.

425 4661 745 4756 τετράτῳ,
801 4660 890 4743 ὥς
945 4666 1018 4732 έν
1075 4665 1320 4756 ἐκείνῳ.
1411 4664 1690 4750 λέγομεν
1746 4661 1874 4752 γὰρ
1939 4661 2177 4753 οὕτως,
2233 4662 2574 4752 ,,μηδενὸς
2627 4662 2852 4751 φόβου
2893 4668 3031 4731 τῶν

604 4848 637 4895 2
677 4861 763 4896 ενι
801 4861 1079 4913 προσωπω
1223 4835 1259 4913 ἢ
1298 4838 1363 4897 ἐν
1400 4839 1555 4915 τόπῳ
1592 4858 1693 4897 om,
1838 4849 1873 4897 4
1911 4840 2116 4914 ἔτισεν]
2157 4862 2362 4899 ετεισιν
2505 4850 2537 4897 5
2576 4862 2942 4913 ενιγραφεται

426 4924 460 4974 8
498 4922 727 4983 κλίσεως
761 4938 863 4978 om.
1008 4942 1105 4978 και
1141 4925 1338 4993 δοτικη
1483 4930 1515 4978 9
1555 4942 1692 4978 οταν
1728 4941 2088 4992 απενεκτικη.
2125 4943 2188 4978 αι
2334 4929 2401 4977 10
2439 4942 2844 4994 ερμηνευονται

533 5029 844 5062 caunum
872 5030 1044 5062 namu
1082 5032 1168 5065 vn,
2535 5019 2604 5069 26
