3613 5528
2214 277 2248 310 Ο

632 391 766 460 214
1715 393 2178 453 CASSIODORII

632 506 676 544 p.
703 495 794 536 sss.
823 495 901 537 529
935 495 989 536 G.

633 580 829 641 dictus
884 579 1247 660 intellegitur
1295 580 1599 661 virgilius,
1654 589 1858 643 orator
1916 583 2259 643 enuntiatus
2304 581 2636 645 advertitur
2683 582 2924 665 Cicero,
2981 584 3246 662 quamvis

636 686 804 748 multi
850 694 911 749 et
955 695 1166 767 poetae
1206 694 1266 747 et
1302 695 1571 748 oratores
1617 689 1678 747 in
1725 687 1903 748 latina
1952 686 2150 767 lingua
2190 707 2322 749 esse
2358 689 2705 771 doceantur,
2751 688 2908 768 quod
2957 690 3137 749 etiam
3172 689 3244 750 de

632 793 888 854 Homero
935 802 1111 873 atque
1158 793 1554 855 Demosthene
1600 812 1811 873 graeca
1859 794 2132 855 facundia
2179 795 2572 858 concelebrat.
2647 795 3059 856 mathematica
3104 813 3243 856 vero

631 908 725 961 est
761 902 1007 961 scientia
1047 919 1198 980 quae
1237 900 1590 962 abstractam
1628 899 1965 961 considerat
2003 904 2409 981 quantitatem.
2484 902 2777 964 abstracta
2814 902 2975 962 enim
3013 904 3244 981 quanti·

633 1015 720 1068 tas
767 1007 1012 1090 dicitur,
1059 1025 1235 1087 quam
1282 1007 1585 1069 intellectu
1633 1025 1665 1068 a
1712 1009 1957 1069 materia
2006 995 2349 1089 separantes
2396 1009 2486 1070 vel
2542 1008 2615 1070 ab
2662 1008 2793 1070 aliis
2837 1008 3246 1071 accidentibus
3271 1025 3298 1065 5

631 1113 753 1174 sola
792 1115 1240 1176 ratiocinatione
1280 1123 1619 1177 tractamus,
1661 1115 1670 1191 Ι
1713 1116 1798 1176 sic
1843 1117 2026 1176 totius
2063 1115 2378 1177 voluminis
2417 1116 2565 1177 oudo
2603 1116 2773 1196 quasi
2809 1114 3063 1194 quodam
3103 1116 3245 1177 vade

627 1222 961 1299 promissus
1008 1228 1115 1282 est.
1191 1240 1349 1282 nunc
1397 1240 1575 1301 quem
1613 1220 1684 1281 ad
1733 1220 1973 1282 modum
2019 1221 2279 1301 pollicita
2318 1229 2484 1303 sunt,
2529 1240 2639 1302 per
2675 1221 2993 1281 divisiones
3040 1220 3243 1282 defini·

631 1329 941 1406 tionesque
990 1346 1129 1389 suas
1175 1327 1414 1389 domino
1461 1330 1696 1388 iuvante
1747 1326 2088 1410 reddamus,
2145 1331 2284 1408 quia
2330 1328 2544 1409 duplex
2594 1327 2847 1408 quodam
2895 1326 3069 1387 modo
3126 1327 3242 1387 dis·

630 1433 804 1494 cendi
850 1453 1040 1513 genus
1089 1444 1210 1516 est,
1268 1434 1502 1514 quando
1549 1443 1609 1495 et
1653 1434 1884 1495 linealis
1930 1434 2250 1515 descriptio
2298 1434 2511 1496 imbuit
2557 1433 2869 1514 diligenter
2916 1444 3244 1515 aspectum,

631 1548 692 1600 et
745 1559 876 1620 per.
910 1544 1142 1602 aurium
1200 1549 1584 1621 praeparatus
1639 1543 1824 1633 intrat
1879 1539 2133 1601 auditus,
2235 1560 2346 1602 nec
2399 1539 2543 1601 illud
2599 1559 2836 1620 quoque
2897 1539 3244 1622 tacebimuS,
3274 1559 3322 1598 10

631 1647 848 1728 quibus
896 1647 1241 1709 auctoribus
1290 1657 1408 1709 tam
1454 1649 1685 1727 graecis
1736 1665 1912 1726 quam
1961 1646 2157 1708 latinis
2211 1665 2360 1727 quae
2409 1647 2662 1708 dicimus
2708 1649 2970 1726 exposita
3018 1646 3243 1707 clarue-

631 1762 798 1830 runt,
868 1762 932 1815 ut
987 1756 1089 1832 qui
1145 1755 1409 1815 studiose
1470 1753 1667 1833 legere
1725 1754 1980 1815 voluerit
2036 1753 2389 1834 quibusdam
2444 1753 2810 1834 compendiis
2866 1754 3245 1814 introductus

630 1859 885 1921 lucidius
933 1864 1221 1922 maiorum
1269 1860 1423 1922 dicta
1470 1862 1775 1941 percipiat.

1001 2050 1008 2054 ·
1161 2034 1660 2100 INSTITVTIO
1697 2034 1818 2100 DE
1858 2034 2093 2100 ARTE
2134 2032 2726 2102 GRAMMATIOA

629 2098 668 2136 p.
698 2089 801 2128 2321
833 2088 901 2129 ed.
930 2088 1114 2128 Pnucb.

808 2179 1196 2242 Grammatica
1253 2199 1284 2240 a
1330 2180 1547 2241 litteris
1596 2198 1811 2240 nomen
1858 2182 2115 2261 accepit,
2171 2182 2326 2241 sicut
2372 2180 2641 2242 vocabuli
2696 2182 2913 2261 ipsius·
2939 2180 3241 2241 derivatus
3274 2197 3319 2237 ιε

630 2306 812 2349 sonus
860 2289 1144 2370 ostendit,
1204 2306 1351 2368 quas
1405 2289 1636 2367 primus
1682 2290 1946 2349 omnium
1983 2286 2251 2348 'Cadmus
2299 2286 2558 2349 sedecim
2615 2295 2844 2350 tantum
2892 2288 3109 2367 legitur
3155 2290 3242 2348 in-

631 2397 862 2454 venisse
920 2413 1019 2454 eas
1076 2393 1315 2455 Graecis
1372 2394 1825 2455 studiosissimis
1881 2394 2136 2455 tradens,
2220 2396 2479 2475 reliquas
2534 2398 2649 2474 ipsi
2705 2397 3006 2456 vivacitate
3062 2395 3242 2455 animi

629 2500 1075 2581 suppleverunt.
1147 2498 1220 2560 de
1269 2518 1520 2579 quarum
1567 2501 1837 2563 formulis
1884 2509 2061 2581 atque
2123 2502 2440 2563 virtutibus
2487 2489 2748 2563 Helenus
2794 2510 2855 2562 et
2900 2502 3243 2562 Priscianus
3318 2557 3325 2564 .

630 2607 930 2688 suptiliter
976 2609 1154 2668 attico
1202 2625 1475 2668 sermone
1523 2606 1707 2668 locuti
1754 2617 1910 2669 sunt.
1985 2611 2363 2689 grammatica
2409 2602 2550 2669 vero
2597 2616 2690 2670 est
2734 2610 2947 2689 peritia
2993 2606 3243 2687 pulchre

629 2714 909 2797 loquendi
946 2733 1018 2775 ex
1065 2716 1259 2794 poetis
1306 2713 1638 2776 illustribus
1676 2714 2133 2796 oratoribusque
2173 2715 2433 2778 collecta.
2508 2717 2770 2777 officium
2811 2717 2940 2777 eius
2977 2721 3070 2777 est
3113 2716 3240 2775 sine
3270 2730 3321 2770 so

629 2825 769 2884 vitio
818 2823 1138 2883 dictionem
1185 2820 1477 2900 prosalem
1518 2824 1943 2901 metricamque
1983 2841 2370 2904 componere3
2416 2824 2550 2883 finis
2587 2840 2729 2882 vero
2767 2821 3035 2882 elimatae
3081 2820 3241 2882 locu-

631 2931 811 2990 tionis
857 2927 947 2988 vel
995 2930 1327 3008 scripturae
1372 2927 1715 3007 inculpabili
1759 2927 1995 3007 placere
2042 2931 2272 3009 peritia.

809 3034 925 3095 Sed
964 3036 1230 3114 quamvis
1268 3042 1542 3095 auctores
1581 3043 1916 3115 temporum
1956 3037 2334 3116 superiorum
2370 3035 2442 3095 de
2473 3043 2598 3096 arte
2627 3036 3006 3115 grammatica
3034 3032 3244 3095 ordine

629 3141 862 3202 diverso
904 3143 1284 3201 tractaverint
1321 3144 1564 3220 suisque
1604 3139 1857 3201 saeculis
1904 3140 2147 3202 honoris
2186 3140 2370 3202 decus
2415 3142 2762 3223 habuerint,
2809 3149 2874 3203 ut
2910 3139 3244 3220 Palaemon,

628 3247 881 3328 PbocaS,
938 3246 1170 3309 Probus
1226 3254 1287 3307 et
1344 3247 1734 3327 CensorinuS,
1791 3246 1962 3307 nobis
2019 3254 2213 3308 tamen
2268 3248 2462 3328 placet
2516 3250 2576 3309 in
2634 3248 2893 3309 medium
2949 3245 3243 3307 Donatum
3270 3264 3320 3302 25

632 3353 954 3428 deducere,
1013 3356 1116 3432 qui
1161 3363 1223 3414 et
1266 3357 1472 3433 pueris
1519 3354 1856 3433 specialiter
1903 3362 2076 3434 aptus
2123 3363 2185 3416 et
2229 3354 2525 3416 tironibus
2579 3356 2866 3435 probatur
2913 3371 3241 3416 accommo-

629 3460 766 3533 dus,
825 3463 998 3520 cuius
1051 3462 1291 3539 gemina
1346 3465 1681 3520 commenta
1734 3459 2115 3543 reliquimuS‚
2168 3470 2237 3522 ut
2283 3479 2462 3540 supra
2510 3462 2666 3542 quod
2722 3465 2849 3542 ipse
2897 3459 3107 3540 planus
3153 3468 3245 3520 est

630 3638 715 3693 uis
760 3638 925 3693 multi
962 3640 1021 3693 et
1061 3641 1262 3708 poetae
1300 3641 1360 3693 et
1396 3643 1644 3696 oratores
1681 3638 1738 3692 in
1783 3640 2021 3708 utraque
2067 3640 2260 3710 lingua
2310 3656 2431 3695 esse
2476 3640 2796 3695 doceantur.
2844 3638 3245 3694 mathematica

628 3734 763 3773 uero
783 3719 837 3772 Β
910 3724 941 3771 3
960 3718 1185 3789 graeca]
1203 3720 1428 3789 graecia
1443 3720 1544 3774 AS
1635 3719 1874 3790 isquam]
1890 3736 2051 3788 quas
2131 3718 2588 3775 accedentibusS
2678 3717 2871 3774 6uade
2885 3717 3243 3773 ABuateSb

704 3805 733 3854 7
775 3799 1270 3869 quemammodum
1309 3800 1430 3854 AB
1555 3808 1621 3855 10
1659 3818 1759 3870 per
1794 3801 2011 3857 aurium
2051 3799 2447 3871 praeparatum
2483 3799 2660 3854 intrat
2694 3797 2948 3855 auditum
2986 3798 3247 3853 θανών-ς

701 3896 803 3948 per
840 3879 1059 3933 aurium
1098 3878 1141 3932 S
1176 3882 1308 3949 post
1343 3879 1561 3935 aurium
1600 3881 1719 3936 AB
1868 3887 1932 3935 12
1971 3880 2250 3935 voluerint
2283 3908 2355 3918 —
2391 3877 2699 3934 introducti
2737 3909 2803 3919 —
2839 3875 3157 3948 percipiant
3189 3879 3246 3932 Β

704 3966 1074 4039 compendiis]
1116 3967 1487 4038 conpetentiis
1523 3970 1568 4024 S
1711 3975 1779 4023 14
1817 3955 1975 4024 Exi-⁵.
2006 3966 2442 4024 PRAEFATIO.
2479 3957 2657 4023 mc?
2688 3966 3108 4023 INSTITVTIO
3147 3966 3244 4022 DE

628 4057 828 4113 ARTE
885 4054 1320 4112 GRAMATICA
1375 4056 1756 4112 Grammaticis.
1810 4076 1845 4113 a
1898 4057 2105 4112 litteris
2160 4056 2269 4113 AS
2322 4056 2779 4112 CASSIODORII
2835 4055 3246 4111 SENATORIS

629 4137 836 4192 EXPL.
878 4135 1195 4191 SECUNDI
1241 4137 1437 4192 LIBRI
1485 4138 1850 4194 PREFATIO
1897 4144 1947 4192 et
1990 4138 2329 4208 interpositis
2374 4138 2553 4191 tinais
2597 4136 2831 4191 eiusdem
2878 4136 3010 4190 libri
3052 4135 3245 4191 Gram-

628 4217 838 4271 matica
872 4234 907 4271 a
942 4215 1149 4271 litteris
1184 4217 1241 4270 Β
1372 4224 1435 4273 17
1476 4236 1682 4287 easque
1721 4217 1951 4272 Graecis
1988 4215 2410 4273 studiosissimis
2446 4213 2743 4269 tradidisse
2781 4230 2815 4272 ς
2921 4214 3164 4283 reliquas
3191 4215 3246 4270 Β

629 4296 849 4366 reliqua
885 4296 994 4350 AS
1126 4303 1189 4351 18
1228 4296 1296 4351 de
1336 4314 1569 4366 quarum
1609 4296 1979 4367 positionibus
2013 4299 2182 4365 atque
2218 4295 2521 4350 uirtutibus
2559 4310 2722 4364 grece
2760 4294 2973 4350 ellenus
3008 4294 3247 4362 (alienus

627 4382 690 4430 ut
725 4378 942 4431 videtur
969 4377 1023 4445 b)
1060 4375 1234 4430 latine
1271 4376 1579 4446 priscianus
1616 4376 1946 4446 suppliciter
1981 4376 2338 4445 (sufficienter
2365 4376 2419 4443 b)
2456 4377 2842 4430 tractauerunt
2876 4376 3248 4445 grammafica

627 4475 762 4514 uero
806 4459 863 4512 Β
1041 4456 1287 4513 Helenus
1334 4457 1507 4526 atque
1552 4455 1870 4511 Priscianus
1916 4456 2192 4512 Garetius.
2258 4455 2534 4510 Helenum
2580 4471 2736 4525 quem
2780 4455 2983 4509 dixerit
3032 4453 3245 4510 Cassio-

628 4537 837 4605 dorius,
865 4553 978 4591 non
1006 4541 1232 4590 constat.
1260 4538 1312 4590 si
1336 4553 1590 4606 graecum
1617 4551 1725 4591 esse
1749 4537 1942 4603 voluit,
1967 4539 2111 4592 sicut
2136 4538 2369 4603 videtur,
2397 4537 2462 4591 de
2481 4535 2778 4605 Apollonio
2806 4535 2887 4589 vel
2905 4534 3245 4600 Herodicum,

627 4632 761 4685 quos
790 4618 942 4685 apud
971 4615 1324 4671 Pn'seioenum
1352 4616 1662 4671 nominatos
1690 4616 1995 4683 invenerat,
2025 4618 2256 4687 eoyitari
2280 4622 2459 4686 potest
2605 4622 2669 4670 19
2710 4615 2908 4686 attico]
2944 4617 3174 4685 antiquo
3213 4632 3248 4675 ς

739 4702 807 4749 20
847 4695 1268 4764 oratoribusque
1307 4711 1341 4753 ς
1377 4692 1806 4764 auctoribusque
1843 4696 2020 4750 ABS
2187 4696 2305 4751 sine
2336 4695 2476 4752 vitio
2514 4696 2818 4752 dictionem
2855 4697 2910 4749 A
2947 4696 3065 4750 sine
3102 4694 3245 4750 uifio

631 4774 1047 4830 distinctionem
1083 4773 1139 4828 Β
1175 4775 1294 4829 sine
1331 4774 1571 4829 dictione
1610 4775 1655 4829 S
1773 4782 1840 4831 21
1882 4775 2145 4831 elimatae
2181 4775 2338 4830 BSa
2375 4776 2607 4831 elimata
2632 4777 2687 4830 A
2808 4780 2877 4829 24
2914 4775 3140 4843 suisque
3177 4805 3243 4815 —

633 4855 931 4910 habuerint
965 4854 1030 4908 in
1062 4870 1234 4923 mar-9.
1273 4854 1403 4908 add.
1441 4852 1496 4907 A
1626 4861 1691 4910 27
1729 4853 2096 4925 relinquimus
2132 4854 2178 4910 S
2298 4855 2501 4925 planus
2536 4855 2592 4909 Β
2628 4855 2840 4911 latinus
2876 4853 2991 4910 AS
