3613 5528
1227 418 1443 474 CAPRI
1481 416 2061 475 ORTHOGRAPHIA
2861 416 2947 480 93

340 534 383 569 p.
414 519 533 559 2239.
559 519 612 558 ιο
636 517 685 557 Ρ.

518 601 652 662 Sevi
697 620 973 683 messem,
1019 621 1138 663 non
1186 605 1349 664 serui
1397 604 1731 666 dicendum.

516 708 838 770 Pulchrum
884 728 1021 770 cum
1066 710 1107 770 h
1154 710 1554 794 scribendum,
1601 712 1944 792 sepulerum
1990 714 2119 772 sine
2166 710 2220 770 h.

518 814 672 876 Cella
717 818 979 897 penaria,
1026 834 1145 878 non
1190 820 1418 897 pinaria
1464 818 1801 879 dicendum.

515 921 855 1002 Praecoqua
902 922 1250 1005 dicendum,
1296 927 1608 1004 praecocia
1657 923 2066 985 deridendum.

286 1046 312 1084 s
518 1026 831 1108 Peperaria
880 1029 1033 1090 mola
1078 1048 1197 1091 non
1246 1029 1563 1091 dicendum
1610 1038 1728 1113 est,
1775 1030 1882 1091 sed
1926 1033 2222 1110 piperaria

515 1134 887 1196 Thesaurum
934 1138 1062 1196 sine
1112 1155 1149 1197 n
1198 1136 1606 1218 scribendum,
1655 1156 1773 1198 non
1821 1135 2210 1197 thensaurum
2257 1144 2317 1196 et
2362 1144 2577 1198 cetera.

515 1241 793 1304 Misertus
832 1245 949 1303 mei
986 1262 1095 1323 per
1135 1247 1474 1322 genetivum
1505 1245 1776 1327 dicimus,
1823 1253 1884 1305 at
1916 1263 2027 1324 per
2057 1245 2459 1305 accusativum
2487 1247 2806 1305 miseratus
2836 1263 2948 1306 me.

514 1348 694 1410 Pecto
742 1358 944 1431 caput,
992 1369 1111 1410 non
1168 1353 1436 1431 pectino,
1492 1359 1551 1411 et
1594 1370 1843 1432 pexum,
1903 1369 2023 1411 non
2069 1352 2452 1430 pectinatum.
2537 1353 2623 1412 sic
2673 1360 2733 1412 et
2782 1346 2950 1431 ‘pexi

334 1463 556 1517 memet
600 1453 809 1518 hodie'
857 1466 918 1518 et
964 1453 1231 1537 ‘pectam
1278 1453 1461 1518 cras'.
1537 1460 1622 1519 sic
1669 1461 1808 1519 nexi
1854 1476 1886 1518 a
1933 1466 2124 1518 necto.
2911 1446 2916 1451 ’

260 1580 311 1618 1⁰
518 1562 709 1625 Ructo
766 1573 825 1625 et
880 1566 1088 1625 nausio
1136 1563 1481 1645 dicendum,
1528 1566 1795 1643 quamvis
1844 1564 2082 1644 quidam
2138 1572 2370 1624 veteres
2425 1572 2632 1625 ructor
2690 1572 2753 1625 et
2806 1581 2951 1624 nau-

336 1670 460 1729 sior
508 1670 780 1732 dixerint.
854 1689 975 1731 non
1018 1689 1190 1752 egeo,
1241 1689 1360 1731 non
1413 1689 1580 1752 egeS,
1630 1690 1751 1732 non
1795 1681 1930 1751 eget
1970 1669 2317 1752 dicendum,
2367 1689 2486 1731 non
2529 1679 2730 1732 autem
2770 1690 2952 1751 egeor

335 1784 396 1836 et
445 1779 656 1855 egeris.

516 1881 656 1944 Dico
705 1901 800 1944 me
847 1886 1160 1961 victurum,
1206 1883 1340 1945 dico
1386 1885 1553 1946 illum
1601 1886 1918 1966 victurum,
1964 1903 2084 1945 non
2129 1887 2507 1946 vinciturum.
2582 1887 2671 1946 sic
2709 1904 2946 1965 quoque

334 1991 617 2050 ficturum
664 1998 723 2050 et
768 1993 1072 2070 picturum
1118 1990 1464 2074 dicendum,
1512 2010 1630 2052 non
1676 1993 2062 2071 pinciturum.

257 2112 309 2151 16
516 2095 662 2157 Fido
701 2097 863 2179 mihi,
902 2097 1136 2159 confido
1173 2097 1299 2179 tibi,
1337 2108 1397 2159 et
1436 2098 1670 2158 fidimus
1708 2095 1901 2178 nobiS,
1941 2095 1950 2174 Ι
1993 2097 2344 2159 confidimus
2381 2097 2565 2160 vobis,
2641 2100 2729 2158 sie
2766 2096 2950 2158 fidere

334 2202 530 2263 media
586 2211 878 2285 correpta.
973 2223 1108 2265 nam
1165 2207 1217 2265 si
1270 2215 1429 2266 esset
1483 2205 1637 2265 tideo
1647 2252 1665 2285 ‚
1730 2212 1798 2265 ut
1853 2213 2028 2284 tepeo
2084 2204 2278 2286 rideo,
2334 2205 2558 2265 faceret
2611 2203 2824 2285 fidere,
2885 2211 2953 2265 ut

337 2317 543 2389 tepere
590 2311 806 2371 ridere.

519 2416 736 2478 Sordet
789 2428 920 2480 acet
976 2428 1113 2480 anet
1167 2419 1340 2481 floret
1397 2419 1549 2481 calet
1606 2419 1840 2498 squalet
1895 2428 2024 2480 aret
2069 2418 2341 2499 splendet
2387 2421 2572 2499 viget,
2625 2418 2772 2479 haec
2817 2436 2950 2499 per-

339 2525 494 2584 fecta
541 2532 713 2606 sunt3
761 2534 822 2586 at
865 2528 1157 2607 inceptiva
1197 2526 1491 2587 sordescit
1525 2527 1749 2587 acescit
1785 2526 2015 2586 anescit
2050 2525 2317 2586 florescit
2355 2525 2596 2585 calescit
2633 2524 2954 2604 squalescit

259 2647 313 2686 ιο
338 2632 556 2691 arescit
601 2630 964 2710 splendescit
1007 2634 1269 2712 rigescit.

519 2737 850 2819 Suffragor‚
895 2756 1014 2799 non
1063 2740 1336 2820 suffrago.
1412 2742 1497 2801 sic
1544 2741 1901 2819 suffragatus
1950 2757 2114 2822 sum,
2159 2758 2279 2801 non
2326 2742 2657 2822 suffragari.

520 2916 546 2962 1
600 2909 728 2965 Sevi
766 2942 833 2949 —
873 2916 904 2963 2
944 2909 1063 2965 sine
1100 2911 1139 2965 h
1186 2928 1285 2968 om.
1324 2912 1556 2982 BGsp,
1593 2913 1719 2967 add.
1762 2912 1839 2965 M
2040 2917 2071 2965 3
2121 2912 2265 2966 cella.
2315 2914 2547 2984 penaria
2582 2931 2694 2970 non
2731 2912 2955 2983 pinaria

340 2987 639 3044 dicendum
675 2990 777 3044 Bc
814 2990 958 3045 cella
992 2991 1216 3060 pinaria
1242 3009 1353 3047 non
1390 2992 1623 3062 penaria
1657 2991 1954 3046 dicendum
1995 2990 2042 3044 0
2075 2990 2221 3045 cella
2255 2992 2487 3061 penaria
2524 2995 2680 3060 (corr.
2711 2991 2954 3061 pinaria)

339 3068 638 3124 dicendum
672 3074 746 3124 M
908 3077 943 3124 4
986 3071 1328 3142 praecoqua]
1376 3088 1740 3141 praequoqua
1778 3065 1852 3125 M
1895 3085 2132 3139 precoca
2165 3069 2292 3124 BG.
2346 3088 2585 3140 praecox
2623 3075 2682 3127 et
2725 3089 2951 3143 praeco-

340 3165 453 3218 qua
504 3149 730 3204 Nonius
766 3165 826 3219 p.
866 3154 993 3216 150,
1030 3156 1104 3205 18
1256 3152 1571 3222 praecocia]
1624 3152 1914 3222 praecotia
1953 3150 2085 3206 MC
2113 3151 2366 3222 precotia.
2401 3151 2474 3205 Β.
2527 3154 2759 3219 fortasse
2793 3168 2952 3222 prae-

341 3229 523 3283 coctis.
702 3237 733 3284 5
780 3231 1073 3300 peperaria
1118 3230 1268 3285 mola
1311 3247 1422 3286 non
1470 3232 1710 3287 dicenda
1747 3235 1836 3288 est
1880 3231 1977 3286 sed
2027 3229 2309 3300 piperaria.
2347 3230 2422 3283 M
2455 3231 2740 3301 pepiraria
2775 3230 2952 3301 (pepi-

339 3309 481 3363 ralia
514 3310 592 3376 Β)
638 3310 791 3365 mala
833 3327 944 3365 non
990 3311 1287 3430 dicendum
1334 3313 1423 3365 est
1470 3311 1569 3366 sed
1616 3311 1826 3382 piratis,
1860 3311 1974 3366 BC
2006 3311 2285 3382 pepiraria
2320 3312 2472 3366 mola
2508 3311 2803 3367 dicendum
2840 3327 2953 3366 non

342 3444 451 3509 est,
479 3441 579 3496 sed
602 3443 817 3513 piraria
844 3461 889 3513 p
996 3451 1028 3499 6
1058 3444 1364 3499 Tesaurum
1393 3444 1513 3498 sine
1532 3464 1570 3499 n
1599 3445 1955 3500 scribendum
1985 3447 2043 3501 et
2068 3462 2180 3500 non
2205 3444 2569 3499 thensaurum
2589 3447 2648 3500 et
2673 3449 2863 3500 cetera
2882 3446 2956 3500 M

341 3520 687 3577 Thesaurum
736 3523 855 3579 sine
900 3542 939 3578 n
986 3524 1339 3580 scribendum
1388 3527 1445 3580 et
1491 3528 1680 3581 cetera
1723 3526 1779 3579 Β
1824 3526 2149 3581 thesaurum
2196 3523 2314 3579 sine
2352 3543 2389 3578 n
2437 3525 2496 3578 et
2542 3526 2731 3580 cetera
2769 3524 2818 3579 G

347 3609 376 3657 7
414 3600 653 3658 dicimus
683 3605 744 3657 at
778 3620 880 3673 per
909 3605 983 3658 M
1015 3605 1311 3661 dicendum
1345 3623 1449 3676 per
1482 3605 1601 3660 ΒΟ
1748 3613 1780 3661 8
1820 3605 1899 3660 sie
1936 3607 2160 3675 pectam
2198 3606 2407 3659 memet
2441 3604 2609 3659 hodie
2638 3607 2699 3659 et
2730 3607 2954 3674 pectam

341 3697 460 3735 cras
497 3681 575 3734 M
603 3681 685 3736 sie
722 3685 781 3737 et
816 3684 943 3751 pexi
978 3689 1189 3740 memet
1225 3688 1285 3741 et
1320 3688 1541 3756 pectam
1578 3703 1700 3741 cras
1734 3684 1854 3740 BG
2017 3690 2082 3739 10
2119 3687 2278 3740 ructo
2316 3686 2375 3738 et
2408 3682 2606 3740 nausio
2644 3683 2720 3736 M
2748 3684 2953 3740 Eructo

339 3759 405 3829 (E
441 3764 575 3831 ras.)
622 3765 682 3817 et
725 3763 917 3817 nausio
954 3763 1010 3816 Β
1047 3765 1107 3818 et
1150 3767 1307 3820 ructo
1353 3767 1413 3820 et
1457 3763 1654 3820 nausio
1687 3766 1734 3820 0
1775 3768 1835 3821 et
1878 3767 2037 3821 ructo
2088 3768 2146 3820 et
2189 3781 2397 3820 nauseo
2437 3780 2470 3822 ς
2671 3766 2862 3820 ructor
2898 3767 2959 3820 et

340 3841 565 3896 nausior
601 3842 845 3897 dixerint
879 3842 953 3896 M
983 3842 1244 3898 dixerunt
1278 3847 1469 3900 ructor
1505 3847 1563 3900 et
1597 3846 1825 3901 nausiet
1859 3845 1975 3899 BG
2015 3844 2279 3900 dixerunt
2321 3848 2511 3901 ructor
2548 3846 2608 3899 et
2643 3861 2882 3900 nauseor
2919 3860 2952 3902 ς

483 3981 548 4030 13
594 3973 726 4030 dico
770 3992 860 4031 me
904 3977 1185 4031 uicturum
1231 3978 1355 4034 dieo
1402 3978 1563 4034 illum
1613 3980 1894 4034 uicturum
1938 3978 2032 4033 uel
2076 3976 2358 4033 uicturum
2402 3995 2513 4033 non
2557 3926 2838 4033 uicttiirum
2894 3981 2954 4032 et

1231 4060 1270 4100 ti

339 4107 620 4177 picturum
659 4107 958 4164 dicendum
994 4127 1105 4165 non
1142 4110 1422 4182 picturum
1460 4112 1551 4166 uel
1588 4111 1872 4182 picturum
1908 4110 1965 4164 Β
2011 4110 2137 4166 dico
2174 4129 2263 4167 me
2300 4112 2582 4168 uicturum
2618 4111 2743 4166 dieo
2792 4110 2953 4164 illum

790 4190 867 4230 uel
892 4190 1156 4232 uinctumm
1290 4196 1368 4234 uel
1394 4195 1657 4244 pinetumm

338 4243 618 4298 uicturum
644 4259 759 4297 non
784 4242 1115 4298 uictiturum
1142 4263 1254 4300 non
1293 4247 1594 4317 pisiturum
1633 4247 1790 4314 (corr.
1820 4243 2169 4314 pictiturum)
2200 4245 2258 4300 G.
2295 4247 2424 4301 dedi
2448 4247 2780 4315 scripturam
2805 4244 2952 4299 codi-

340 4326 418 4379 cis
454 4324 547 4392 M,
584 4340 725 4393 quae
759 4324 843 4376 ita
877 4324 1094 4377 videtur
1128 4328 1467 4383 emendanda
1502 4341 1636 4392 ease,
1673 4323 1798 4378 dico
1837 4339 1929 4377 me
1956 4324 2260 4395 victurum,
2297 4326 2423 4383 dico
2459 4327 2622 4381 illum
2658 4325 2954 4390 victurum,

339 4419 447 4458 non
496 4404 832 4458 vinctumm.
897 4403 978 4458 sic
1024 4420 1245 4474 quoque
1290 4407 1551 4463 ficturum
1597 4408 1655 4461 et
1699 4404 1985 4475 picturum
2032 4405 2330 4461 dicendum
2345 4450 2358 4476 ‚
2405 4424 2513 4462 non
2562 4406 2859 4460 fincturum
2896 4406 2955 4457 et

340 4482 659 4558 pineturum
809 4488 872 4537 16
910 4488 1077 4553 tepeo
1104 4483 1283 4557 rideo]
1321 4487 1517 4556 torpeo
1546 4484 1742 4540 sordeo
1776 4483 1825 4537 0
1962 4484 2133 4540 fidere
2170 4487 2235 4538 ut
2268 4487 2462 4555 tepere
2490 4483 2671 4539 ridere
2699 4483 2952 4539 Sordere.

341 4563 529 4618 sordet
554 4564 685 4618 acet
709 4565 845 4618 anet
879 4564 1039 4619 floret
1075 4564 1298 4634 squalet
1334 4564 1592 4634 splendet
1626 4561 1785 4633 uiget
1812 4567 1937 4619 aret
1970 4564 2110 4619 haec
2147 4564 2394 4634 perfecta
2423 4566 2554 4619 sunt
2580 4565 2643 4618 at
2667 4563 2955 4634 inceptiua

341 4644 470 4698 sunt
513 4642 790 4698 sordescit
830 4645 1040 4699 acescit
1084 4645 1300 4700 anescit
1342 4645 1587 4700 florescit
1632 4644 1939 4712 squalescit
1984 4645 2326 4716 splendescit
2369 4643 2612 4714 uigescit
2657 4641 2862 4699 arescit
2896 4644 2953 4697 Β

342 4722 506 4778 fidere
538 4725 737 4792 tepere
772 4724 996 4778 sordere
1032 4725 1221 4780 sordet
1256 4727 1427 4779 annet
1461 4724 1623 4781 floret
1658 4723 1835 4779 scalet
1871 4727 2033 4794 (corr.
2062 4724 2306 4794 squalet)
2344 4723 2602 4794 splendet
2636 4723 2796 4792 uiget
2832 4726 2957 4779 aret

342 4802 479 4858 haec
512 4801 768 4874 perfecta
793 4805 923 4858 sunt
948 4805 1010 4857 at
1042 4802 1326 4875 inceptiua
1354 4807 1486 4859 sunt
1512 4803 1781 4859 sordescit
1809 4803 2044 4859 accessit
2078 4801 2335 4859 annescit
2369 4802 2615 4858 florescit
2651 4801 2956 4873 squalescit

343 4881 682 4952 splendescit
717 4881 962 4952 uigcscit
998 4884 1201 4938 arescit
1240 4884 1287 4938 0
1427 4890 1492 4938 19
1532 4884 1831 4952 sordescit]
1871 4884 2060 4938 sordes
2099 4883 2175 4936 M
