3613 5528
1341 407 1442 463 DE
1479 406 2059 465 ORTHOGRAPHIA
2923 407 3008 471 63

398 520 443 558 p.
467 508 582 550 2225.
607 510 662 555 se
688 508 741 548 P.

399 593 733 655 maluerunt
778 601 839 655 et
885 592 1085 655 dicere
1132 599 1194 653 et
1238 589 1501 653 scribere
1549 594 1890 654 intermissa
1937 591 1992 653 d.
2075 599 2137 654 et
2181 595 2244 653 in
2289 592 2404 656 hoc
2451 591 2673 655 nullam
2728 593 3004 673 differen-

396 701 534 761 tiam
578 707 750 780 putat
795 718 928 761 esse
974 698 1267 781 Lucilius,
1312 701 1415 779 qui
1461 701 1543 760 ait

709 802 1038 867 abbitere
1085 824 1223 866 non
1271 805 1570 867 multum
1617 812 1731 866 est
1777 804 1815 865 d
1863 806 2005 867 siet
2048 823 2133 867 an
2179 804 2272 868 b.-

224 944 257 969 .
557 910 764 973 Habet
803 920 861 974 et
901 931 974 973 ex
1019 911 1381 993 praepositio
1427 908 1921 995 observationem,
1966 914 2028 974 in
2076 931 2193 992 qua
2237 916 2452 975 interit
2492 892 2793 976 interdum
2838 926 2876 976 x
2912 913 3004 976 lit-

343 1034 369 1075 5
396 1027 550 1102 tera,
602 1025 672 1081 ut
715 1022 779 1081 iu
825 1038 896 1081 eo
951 1018 1110 1100 quod
1170 1026 1262 1080 est
1317 1016 1503 1079 ebibit
1554 1021 1882 1082 enuntiavit
1937 1020 2170 1081 emovit.
2262 1038 2373 1081 nec
2429 1028 2626 1082 tamen
2682 1022 2876 1102 possis
2921 1022 3004 1082 ita

396 1124 661 1208 definire,
706 1133 775 1187 ut
819 1126 981 1187 dicas
1026 1126 1172 1187 tunc
1217 1124 1371 1185 hauc
1418 1124 1675 1187 litteram
1721 1127 1990 1208 interire,
2037 1127 2314 1207 quotiens
2355 1145 2612 1206 sequens
2651 1146 2760 1189 vox
2795 1130 3006 1208 incipit

396 1250 428 1292 a
479 1238 856 1294 consonante.
898 1292 905 1297 ,
948 1232 1062 1292 hoc
1119 1233 1278 1292 enim
1333 1234 1530 1311 arguit
1580 1234 1708 1311 ipsa
1765 1230 2046 1311 loquendi
2103 1234 2499 1316 consuetudo,
2558 1253 2694 1296 cum
2751 1235 3001 1296 dicimus

396 1337 683 1400 excellere
731 1346 793 1399 et
850 1337 1133 1400 extollere
1181 1345 1242 1398 et
1287 1339 1620 1416 exquirere.
1712 1339 1774 1398 in
1822 1356 1893 1398 eo
1941 1338 2100 1417 quod
2157 1348 2248 1400 est
2305 1347 2652 1421 expectatus
2705 1340 3002 1421 duplicem

396 1446 779 1525 scriptionem
827 1444 1063 1524 quidam
1112 1462 1245 1505 esse
1289 1443 1625 1525 voluerunt,
1671 1452 1755 1524 ut,
1802 1447 2081 1524 quotiens
2127 1465 2265 1507 cum
2304 1449 2315 1524 Ι
2355 1446 2537 1508 verbo
2579 1447 2739 1528 quod
2776 1456 2868 1509 est
2903 1466 3000 1508 ex-

323 1569 375 1609 ιο
399 1558 571 1631 pecto
626 1554 907 1632 opperior
960 1552 1298 1633 praeposita
1352 1550 1499 1612 haec
1553 1568 1692 1631 pars
1747 1553 2033 1613 orationis
2088 1553 2298 1637 suerit,
2354 1572 2387 1614 e
2434 1562 2494 1616 et
2538 1573 2577 1616 x
2620 1554 2817 1617 littera
2864 1573 3002 1616 con-

398 1666 555 1720 tenta
602 1661 709 1740 sit3
756 1662 1035 1738 quotiens
1081 1665 1280 1721 autem
1333 1676 1471 1719 cum
1515 1654 1697 1718 verbo
1744 1658 1902 1737 quod
1951 1666 2043 1720 est
2088 1667 2294 1740 specto
2339 1659 2529 1745 ludos,
2574 1661 2622 1743 †
2667 1664 3001 1723 necessaria

394 1782 521 1825 esse
570 1783 598 1825 s
643 1764 876 1827 litterae
931 1767 1216 1827 insertior
1262 1766 1365 1844 sit,
1422 1772 1491 1825 ut
1533 1765 1595 1825 in
1642 1765 1770 1844 ipsa
1827 1764 2064 1844 quoque
2121 1767 2445 1847 scriptione
2504 1766 2856 1849 ambiguitas
2903 1767 3000 1833 de.-

570 1963 752 2020 coaex
789 1963 1094 2021 Parrhasii
1168 1970 1195 2018 1
1237 1966 1296 2019 et
1330 1964 1437 2019 hoc
1601 1966 1634 2015 s
1672 1960 1950 2031 abutere]
1988 1961 2184 2018 abbire
2327 1936 2401 2019 aia
2442 1964 2481 2018 b
2515 1965 2691 2021 habet
2724 1964 2807 2019 Ex
2842 1980 3001 2036 prae-

394 2042 594 2114 positio
632 2045 1080 2101 obseruationem
1115 2043 1175 2099 in
1211 2060 1382 2115 quam
1418 2044 1701 2102 interdum
1847 2049 1879 2097 6
1918 2042 2170 2099 deffinire
2313 2051 2346 2101 8
2384 2047 2740 2116 expectatum

569 2238 596 2286 1
648 2233 708 2287 et
749 2231 810 2286 in
853 2230 962 2285 hoc
1006 2246 1120 2285 non
1162 2230 1380 2285 nullam
1424 2227 1802 2284 differentiam
1846 2229 2013 2298 putat
2056 2247 2175 2287 esse
2210 2231 2488 2307 Lucilius,
2533 2232 2631 2302 qui
2674 2232 2758 2287 ait
2792 2230 3000 2287 Abbire
3057 2292 3061 2304 ,

394 2313 629 2368 multum
677 2314 765 2367 est
808 2311 858 2366 D
909 2310 1028 2365 siue
1073 2327 1146 2365 an
1182 2311 1228 2365 B
1272 2311 1447 2366 babet
1491 2308 1564 2363 F.
1603 2308 1801 2363 Dousa
1835 2307 2016 2365 Lucil.
2054 2317 2156 2368 sat.
2193 2313 2290 2367 rel.
2322 2328 2381 2382 p.
2420 2317 2492 2367 44
2528 2318 2580 2368 et
2614 2317 2756 2379 123,
2801 2312 2898 2367 sed
2942 2311 3002 2365 in

393 2392 497 2447 hoc
539 2392 789 2447 multam
827 2389 1201 2446 differentiam
1247 2393 1411 2461 putat
1456 2407 1575 2446 esse
1622 2388 1897 2460 Lucilius,
1945 2388 2042 2458 qui
2088 2391 2173 2445 ait
2211 2392 2229 2418 ‘
2243 2392 2495 2449 abbitere
2540 2392 2782 2449 multum
2828 2394 2917 2446 est
2962 2392 3000 2445 d

393 2470 503 2525 sive
531 2489 602 2526 an
640 2471 678 2525 b
715 2470 917 2525 habet'
950 2470 1335 2539 Schneiderus,
1375 2474 1461 2527 set
1495 2469 1556 2525 in
1589 2470 1697 2525 boc
1725 2470 1962 2525 multam
1991 2470 2364 2528 differentiam
2392 2473 2559 2543 putat
2586 2489 2704 2527 esse
2733 2471 3001 2540 Lucilius,

394 2552 486 2620 qui
521 2552 604 2607 ait
639 2550 941 2607 ‘abbiterez
978 2551 1218 2605 multum
1253 2550 1347 2605 hic
1382 2550 1554 2606 refert
1591 2550 1626 2605 d
1664 2550 1773 2605 siet
1808 2567 1880 2605 an
1916 2549 1977 2603 b'
2021 2551 2327 2608 Muellerus
2360 2553 2542 2609 Lucil.
2571 2558 2672 2610 sat.
2701 2554 2797 2608 rel.
2820 2568 2879 2622 p.
2909 2557 2999 2620 47,

393 2632 454 2686 at
484 2629 545 2685 in
578 2631 688 2685 hoc
723 2631 938 2686 nullam
975 2628 1346 2686 differentiam
1380 2631 1548 2700 putat
1573 2647 1694 2685 esse
1722 2629 1995 2698 Lucilius,
2033 2632 2132 2700 qui
2168 2632 2251 2688 ait
2289 2635 2695 2706 ‘scriptumque
2723 2631 2994 2700 abbitere‚

391 2710 605 2766 nullum
643 2713 732 2767 est
766 2711 803 2766 d
841 2709 949 2766 siet
982 2725 1055 2763 an
1090 2708 1151 2764 b'
1195 2710 1490 2767 C'orssemw
1516 2710 1717 2767 Phaet.
1746 2725 1794 2766 v.
1829 2708 2080 2764 XVIII
2102 2728 2165 2782 p.
2195 2718 2308 2771 724
2451 2721 2484 2772 3
2521 2712 2732 2770 Abbire
2760 2712 3000 2768 multum

393 2793 474 2846 est
514 2791 563 2846 D
584 2792 745 2860 siue,
794 2808 867 2846 an
903 2791 949 2845 B
985 2790 1159 2845 habet
1201 2791 1370 2847 editio
1409 2788 1727 2847 Commelini
1765 2791 2089 2861 ‘operarum
2132 2811 2320 2864 nempe
2362 2794 2548 2864 vitio',
2597 2799 2660 2849 ut
2703 2792 2895 2848 scribit
2938 2793 3004 2846 in

391 2871 839 2927 adnotationibus
872 2871 1140 2926 subiectis.
1196 2871 1328 2926 inde
1362 2873 1557 2926 omisso
1578 2887 1704 2927 mon
1739 2872 1914 2927 edidit
1952 2870 2251 2952 Rutschius
2295 2874 2503 2930 Abbire
2549 2874 2790 2929 multum
2829 2874 2915 2927 est
2950 2871 2998 2924 D

391 2950 439 3006 si
473 2953 533 3006 et
566 2968 639 3006 an
676 2950 721 3005 B
756 2951 954 3020 habet,
999 2952 1144 3021 quod
1186 2953 1262 3008 iis
1305 2954 1404 3022 qui
1438 2956 1633 3022 postea
1668 2951 1733 3006 de
1768 2950 1983 3005 Imm’lii
2016 2965 2175 3004 versu
2209 2954 2591 3021 quaesitior-emt
2638 2953 2835 3021 fraudi
2867 2952 3028 3018 fuit,·

388 3033 453 3083 ut
486 3031 597 3088 duo
630 3031 795 3086 verba
830 3033 974 3086 inter
1008 3048 1064 3087 se
1099 3033 1341 3100 diversa,
1377 3032 1657 3100 abbitere,
1692 3033 1756 3087 id
1791 3035 1870 3086 est
1905 3030 2082 3097 abire,
2118 3035 2168 3083 et
2203 3030 2455 3089 adbitere
2469 3075 2485 3103 ‚
2535 3036 2598 3088 id
2633 3039 2710 3089 est
2745 3034 2927 3100 adire,
2963 3049 3001 3084 a

386 3116 546 3181 poeta
580 3113 770 3181 posita
814 3127 922 3166 esse
965 3112 1355 3168 existimarent.
1410 3112 1664 3168 abbitere
1711 3114 1890 3165 autem
1924 3125 2047 3164 cum
2095 3108 2167 3163 ab
2203 3114 2613 3181 praepositione
2649 3113 3000 3183 omnpositum

387 3191 554 3246 πῦιιῖἰ
597 3197 690 3246 est.
770 3207 868 3246 mc
909 3195 1129 3260 poterat
1169 3194 1560 3263 yrmmaticus
1602 3206 1716 3247 non
1757 3191 2012 3245 indicata
2052 3190 2476 3259 siqnifteationis
2519 3193 2834 3261 differentia
2877 3208 2997 3247 eam

387 3273 708 3327 sententiam
742 3271 964 3328 Lucilio
1008 3273 1259 3329 m'buere.
1322 3273 1508 3342 itaque
1551 3272 1633 3326 sic
1667 3271 1861 3339 potius
1895 3270 2108 3326 Lucilii
2150 3273 2314 3327 verba
2361 3274 2618 3329 videntur
2665 3274 3002 3329 restituenda

388 3365 521 3420 esse,
558 3354 729 3420 atque
765 3350 1044 3419 abbitere,
1080 3369 1195 3407 non
1220 3351 1461 3407 multum
1500 3353 1585 3407 est
1618 3350 1712 3405 hic
1750 3349 1787 3404 d
1826 3350 1934 3405 siet
1967 3366 2040 3404 an
2077 3349 2131 3405 b.
2186 3368 2317 3407 nam
2343 3351 2542 3422 habet,
2570 3354 2715 3423 quod
2739 3353 2805 3407 in
2831 3352 2999 3421 prin-

389 3431 506 3500 cipe
540 3431 776 3486 editione
811 3446 935 3487 cum
967 3447 1129 3486 versu
1163 3433 1381 3487 Lucilii
1416 3432 1794 3497 coniunctum,
1830 3431 2026 3486 deinde
2051 3435 2181 3499 post
2216 3432 2301 3486 Ex
2336 3432 2679 3503 praepositio
2713 3433 3002 3502 repetitum

388 3517 523 3579 erat,
538 3531 576 3568 a
592 3512 769 3568 verbis
794 3515 990 3580 poetae
1016 3513 1392 3568 removendum
1418 3526 1529 3568 esse
1554 3510 1938 3565 intellexerunt
1952 3509 2309 3565 Suet-deiocus
2333 3512 2537 3569 vindic.
2555 3529 2744 3582 praec.
2762 3511 2997 3566 Bentlei.

378 3613 439 3664 p.
478 3598 556 3650 24
602 3598 653 3647 et
696 3590 1031 3646 Schmidtius
1075 3591 1257 3649 Iacca.
1294 3598 1397 3648 sat.
1444 3592 1479 3649 Ζ.
1520 3590 1627 3644 IX
1662 3606 1723 3659 p.
1761 3593 1835 3643 13
2050 3595 2083 3643 4
2127 3589 2189 3644 in
2236 3609 2351 3660 qua,
2393 3593 2673 3647 interdum
2718 3590 2914 3647 interit
2948 3589 3000 3643 X

386 3675 582 3730 littera
618 3672 674 3727 R
779 3674 812 3723 8
851 3672 1209 3739 expectatum
1246 3672 1328 3726 R:
1367 3674 1436 3741 cf.
1471 3672 1593 3727 Ter.
1622 3669 1822 3725 Scaur.
1847 3685 1903 3736 p.
1925 3673 2025 3736 22,
2045 3673 2118 3724 13
2153 3669 2294 3725 item
2321 3689 2448 3727 eum
2484 3671 2610 3729 exul
2649 3675 2708 3728 et
2744 3671 3000 3741 expecta-

388 3757 479 3807 tus
515 3752 636 3807 sine
673 3768 700 3805 s
736 3750 928 3805 littera
965 3750 1309 3822 scribuntur,
1347 3770 1473 3807 cum
1500 3751 1713 3819 alioqui
1751 3748 1974 3803 adiecta
2001 3764 2070 3803 ea.
2104 3748 2347 3806 debeant
2380 3751 2548 3807 scribi
2690 3757 2723 3805 9
2759 3751 2827 3805 ut
2861 3766 2999 3818 quo-

386 3834 533 3889 tiens
570 3849 698 3886 cum
734 3827 932 3897 uei-bc,
971 3832 1120 3899 quod
1156 3836 1245 3888 est
1280 3836 1538 3906 expecto,
1584 3826 1910 3902 praeposita
1953 3826 2090 3883 haec
2135 3846 2268 3899 pars
2303 3831 2385 3901 R,
2430 3834 2531 3888 ubi
2574 3834 2737 3903 pecto
2774 3828 3002 3885 coniecit

389 3912 763 3969 Commelinus.
819 3909 908 3977 ut,
945 3909 1203 3976 quotiens
1230 3930 1357 3968 cum
1385 3912 1558 3969 verbo
1596 3908 1746 3979 quod
1782 3908 1870 3963 est
1904 3910 2070 3976 pecto
2108 3912 2419 3981 composita
2455 3913 2595 3968 haec
2629 3929 2759 3983 pars
2799 3910 3001 3967 oratio-

385 3993 473 4049 nis
509 3994 571 4063 (i.
609 4009 652 4048 e.
679 3989 1022 4062 praepositio
1057 3993 1146 4061 ex)
1192 3992 1386 4063 fuerit,
1439 4010 1471 4048 e
1508 3994 1565 4047 et
1601 4009 1637 4044 x
1671 3988 1866 4044 littera
1902 3991 2168 4045 contenta
2202 3991 2301 4058 sit,
2347 3992 2608 4063 quotiens
2645 3995 2836 4048 autem
2871 4010 3000 4048 cum

386 4072 561 4129 verbo
612 4072 761 4142 quod
812 4072 901 4126 est
950 4073 1170 4143 specto,
1221 4072 1535 4129 necessario
1586 4090 1613 4127 s
1662 4068 1855 4124 littera·
1904 4066 2167 4126 inserfior
2213 4071 2312 4140 sit3
2372 4075 2439 4130 ut
2487 4075 2546 4130 in
2595 4075 2724 4145 ipsa
2776 4090 3001 4145 quoque

388 4151 692 4222 scriptione
727 4150 1071 4222 ambiguitas
1109 4152 1416 4209 deducatur
1453 4154 1511 4222 (i.
1532 4170 1574 4207 e.
1594 4152 1844 4219 tollatur)
1883 4150 2006 4205 eius
2038 4152 2190 4220 quod
2227 4155 2316 4208 est
2350 4155 2647 4224 expectare
2682 4153 2845 4208 illum
2872 4153 3003 4209 volo

388 4233 447 4285 et
492 4233 787 4300 expectare
832 4231 996 4286 ludos
1040 4231 1183 4287 mihi
1230 4233 1419 4302 placet
1454 4232 1816 4288 Schneiderus
1859 4246 2084 4300 mamm.
2125 4232 2219 4287 lat.
2255 4249 2305 4288 v.
2347 4233 2389 4285 I
2416 4250 2474 4303 p.
2514 4237 2642 4288 636.
2698 4234 2902 4288 conieci
2937 4236 3003 4286 ut

388 4311 645 4379 quotiens
682 4327 718 4365 a.
742 4311 914 4366 verbo
951 4311 1101 4380 quod
1138 4315 1226 4367 est
1261 4315 1524 4383 expecto,
1560 4312 1621 4366 id
1659 4315 1743 4368 est
1777 4311 2065 4381 opperior,
2102 4313 2423 4382 praeposita
2459 4314 2600 4368 haec
2635 4328 2767 4382 pars
2794 4311 3000 4367 oratio-

387 4390 473 4444 nis
510 4391 581 4458 (h.
610 4408 650 4447 e.
682 4392 1026 4461 expectatus)
1062 4391 1249 4463 fuerit,
1287 4408 1318 4447 e
1346 4394 1406 4447 et
1431 4411 1468 4447 x
1495 4393 1761 4448 contenta
1794 4391 1894 4460 sit3
1931 4390 2189 4461 quotiens
2226 4393 2417 4448 autem
2443 4410 2481 4447 a.
2513 4390 2686 4447 verbo
2724 4391 2875 4460 quod
2913 4392 3002 4448 est

390 4474 610 4541 spect0,
654 4474 719 4527 ut
764 4472 957 4541 specto
1001 4469 1192 4542 ludos,
1243 4473 1557 4530 necessario
1604 4475 1663 4529 et
1705 4490 1732 4526 s
1774 4471 1967 4527 littera.
2012 4470 2225 4526 inserts.
2268 4471 2490 4541 plenior
2526 4472 2626 4540 sit,
2671 4472 2737 4525 ut
2780 4470 2841 4524 in
2876 4468 3003 4540 ipsa.

390 4567 614 4621 quoque
660 4551 963 4622 scriptione
1007 4552 1351 4624 ambiguitas
1398 4554 1743 4610 discernatur
1789 4551 1909 4608 eius
1955 4550 2105 4621 quod
2151 4554 2236 4607 est
2275 4552 2594 4622 ‘expectare
2643 4550 2805 4605 illum
2841 4550 2996 4605 volo'

391 4632 447 4684 et
478 4629 796 4700 ‘expectare
835 4632 979 4687 mihi
1022 4634 1253 4704 placet'.
1293 4636 1362 4702 cf.
1390 4634 1622 4705 Quintil.
1646 4633 1689 4685 I
1714 4637 1766 4699 7,
1792 4636 1830 4686 4
1868 4630 2088 4686 Caesen.
2117 4632 2271 4699 apud
2311 4630 2553 4687 Cassiod.
2573 4647 2636 4699 p.
2668 4635 2821 4686 2315
2860 4630 2999 4700 Gap.

382 4726 443 4777 p.
470 4714 630 4768 2422
667 4713 895 4781 Aqroec.
923 4729 986 4782 p.
1015 4718 1191 4770 2267.
1244 4715 1338 4771 sed
1372 4729 1557 4769 eorum
1590 4728 1744 4768 nemo
1778 4713 1842 4767 id
1876 4711 2023 4781 quod
2047 4709 2275 4780 Longus
2311 4711 2605 4766 tradidisse
2637 4712 2872 4779 videtur,
2908 4729 3003 4768 ex-

391 4791 553 4856 pecto
598 4791 665 4845 de
707 4794 1038 4861 oppa-imao
1082 4794 1289 4848 dictum
1331 4794 1449 4848 sine
1493 4811 1546 4861 s,
1591 4792 1658 4847 de
1700 4792 1995 4860 spectando
2039 4791 2248 4845 iot-serta
2293 4808 2319 4844 s
2366 4790 2552 4844 littera
2601 4808 2639 4846 a
2672 4792 3000 4861 quibusdam

392 4867 653 4936 scripum
687 4885 824 4936 esse,
859 4871 1005 4926 dixit
1151 4877 1215 4926 12
1254 4890 1280 4926 s
1316 4872 1508 4928 littera.
1542 4871 1805 4927 insertior
1840 4870 1897 4925 R
1932 4875 1983 4927 et
2018 4871 2186 4926 codex
2231 4869 2424 4927 Vrsini
