3613 5528
1366 392 1504 446 Ans
1542 391 2031 448 GRAMMATch
2920 393 3048 458 399
3092 347 3101 356 ¹

445 503 488 541 p.
517 494 583 533 28.
611 495 663 534 29
693 494 751 535 H.

445 575 773 638 collationis
820 577 1031 639 modus
1077 597 1194 639 non
1245 588 1359 659 est,
1423 597 1558 640 cum
1616 579 1929 641 absolutus
1984 581 2064 641 sit
2118 589 2178 641 et
2232 579 2378 641 nulli
2424 588 2817 661 comparetur.
2910 582 3051 640 item

449 684 675 747 doctior
712 704 830 747 non
867 693 1032 747 reete
1069 684 1289 746 dicitur
1325 688 1789 768 comparativus,
1825 689 1963 767 quia
2001 705 2118 748 non
2159 695 2489 770 comparet,
2525 686 2629 748 sed
2669 694 3048 767 superponat.

449 810 580 852 eum
628 795 785 855 enim
832 793 964 855 dico
1022 789 1275 854 ‘doctior
1321 794 1419 854 illo
1468 789 1643 874 sum’,
1699 812 1819 856 non
1878 812 2155 875 comparo
2213 812 2307 855 me
2363 793 2475 876 illi,
2531 793 2635 855 sed
2693 812 3048 874 superpono.

621 899 751 961 Non
797 903 994 963 omnia
1040 910 1236 962 autem
1283 903 1521 962 nomina
1566 900 1785 981 gradus
1832 901 2162 963 collationis
2209 904 2532 984 recipiunt,
2578 901 2681 963 sed
2730 900 2852 961 sola
2898 918 3049 980 quae

393 1022 420 1062 τι
449 1013 550 1067 aut
595 1007 934 1087 qualitatem
990 1010 1349 1092 significant,
1405 1017 1473 1072 ut
1525 1008 1719 1071 bonus
1774 1009 2062 1072 candidus
2118 1011 2303 1088 eitu8‚
2357 1017 2460 1071 aut
2513 1011 2928 1090 quantitatem,
2984 1017 3051 1069 ut

447 1113 657 1193 longus
703 1115 853 1177 altus
910 1134 1188 1197 magnus3
1243 1124 1442 1179 cetera
1496 1125 1694 1178 autem
1753 1134 1887 1186 uon,
1927 1114 2148 1177 habent
2205 1114 2607 1200 collationem,
2661 1115 2843 1178 veluti
2898 1134 3047 1197 quae

446 1239 663 1301 corpus
728 1225 1082 1307 significant,
1145 1233 1212 1286 ut
1264 1224 1440 1284 homo
1497 1223 1691 1285 arbor.
1784 1222 2073 1303 quaedam
2133 1224 2396 1300 nomina,
2443 1242 2798 1305 quamquam
2864 1223 3047 1304 quali-

445 1336 626 1389 tatem
673 1330 1032 1413 signifleent‚
1076 1329 1295 1411 gradus
1342 1339 1538 1393 tamen
1579 1324 1589 1415 Ι
1630 1330 1963 1392 collationis
2008 1349 2128 1392 non
2176 1330 2423 1412 habent,
2478 1339 2546 1394 ut
2598 1331 2766 1393 rudis
2812 1329 3049 1393 sobrius

447 1434 764 1497 mediocris
819 1437 1072 1516 grandis.
1174 1437 1461 1517 quaedam
1518 1445 1659 1500 sunt
1712 1456 1863 1517 quae
1921 1456 2107 1498 unum
2166 1445 2395 1499 tantum
2449 1438 2697 1518 gradum
2753 1441 3049 1519 recipiunt

367 1559 418 1598 1⁰
446 1545 934 1624 comparativum,
979 1553 1046 1606 ut
1091 1564 1271 1606 senex
1321 1546 1550 1626 senior,
1595 1546 1828 1605 iuvenis
1873 1546 2141 1606 iuvenior
2190 1544 2637 1623 [iuvenissimus
2674 1549 2831 1608 enim
2880 1565 3045 1608 num-

446 1650 677 1732 quam];
716 1651 1000 1730 quaedam
1039 1652 1467 1733 superlativum
1509 1659 1754 1731 tautum,
1794 1660 1863 1712 ut
1897 1653 2033 1731 pius
2070 1653 2399 1734 piissimuS‚
2444 1651 2635 1714 bellus
2672 1652 3047 1716 bellissimus,

444 1767 583 1818 suut
627 1760 772 1819 item
818 1759 1172 1839 superlativa
1219 1778 1370 1840 quae
1417 1758 1781 1840 absolutum,
1837 1757 1949 1818 hoo
1996 1768 2089 1820 est
2131 1751 2592 1840 πρωτότυπον,
2647 1779 2765 1822 11011
2812 1760 3048 1844 habent,

447 1864 551 1925 sed
601 1863 675 1925 ab
721 1864 997 1926 adverbio
1046 1869 1317 1948 veniunt,
1363 1873 1430 1927 ut
1476 1864 1725 1926 ulterior
1771 1864 2019 1926 ultimus
2064 1864 2137 1926 ab
2184 1865 2338 1928 ultra
2386 1867 2475 1928 vel
2522 1869 2763 1929 citerior
2810 1871 3047 1931 citimus

447 2006 868 2013 ——-.—.—-.———

622 2053 802 2110 Codex
838 2055 1230 2126 Sanyallensi&
1309 2063 1334 2110 1
1376 2073 1501 2110 eum
1540 2054 1756 2110 solutus
1792 2054 1869 2110 sit
1903 2057 1963 2111 et
1995 2056 2163 2112 11111118
2304 2063 2337 2111 2
2368 2057 2524 2127 quia]
2555 2058 2651 2126 qui
2796 2066 2828 2114 6
2856 2061 3045 2115 autem

440 2141 717 2270 loizls'imus'z
757 2137 821 2190 ut
855 2136 1026 2192 homo
1064 2137 1228 2192 arbor
1253 2154 1355 2193 om.
1503 2141 1567 2190 10
1597 2131 1984 2191 iuvenissimus
2013 2137 2161 2191 enim
2190 2153 2493 2207 numquam
2521 2154 2623 2194 om.
2771 2146 2832 2193 11
2864 2140 3045 2195 bellus

621 2394 648 2442 1
689 2385 1007 2442 collationis
1042 2387 1250 2457 gradus
1286 2403 1399 2442 uon
1436 2389 1522 2443 est
1556 2403 1667 2444 cxc.
1708 2386 1923 2442 Charis.
1952 2404 2014 2457 p.
2053 2391 2267 2455 536,20
2429 2395 2461 2444 2
2500 2407 2626 2444 cum
2674 2388 2886 2459 alioqui
2932 2407 3045 2446 non

440 2471 727 2538 comparet
761 2484 871 2522 exc.
912 2468 1127 2526 Charis.
1156 2484 1218 2537 p.
1257 2471 1470 2534 536322
1632 2473 1664 2522 5
1703 2467 1994 2539 candidus]
2050 2469 2210 2524 albus
2257 2469 2334 2523 M
2486 2490 2562 2532 ως
2606 2490 2669 2524 το
2724 2489 2936 2540 μακρος
2980 2472 3045 2524 ut

439 2547 640 2618 longus
672 2552 681 2614 Ι
713 2552 927 2616 υψηλος
964 2567 1138 2618 μεγας
1175 2548 1320 2602 altus
1344 2563 1578 2617 magnus
1609 2550 1619 2617 Ι
1650 2568 1719 2602 τοι
1746 2552 1916 2603 loma
1943 2551 2007 2603 δε
2037 2551 2224 2604 cetera.
2252 2550 2440 2604 autem
2472 2549 2547 2603 M
2688 2556 2718 2605 7
2747 2554 3040 2621 moeones

438 2628 606 2684 homo
639 2631 648 2698 Ι
681 2630 919 2698 δενδρον
956 2629 1119 2683 arbor
1157 2629 1229 2681 M
1388 2632 1421 2680 8
1460 2647 1608 2697 ομως
1651 2647 1752 2683 του
1799 2630 2031 2700 βαθμου
2069 2632 2259 2684 tamen
2304 2629 2506 2700 gradus
2547 2631 2556 2698 Ι
2596 2651 2694 2699 της
2739 2637 3045 2701 σῦκρισεως

441 2709 756 2767 collationis
787 2714 798 2779 Ι
830 2729 933 2764 ουκ
970 2728 1088 2780 εχει
1125 2729 1199 2772 ως
1235 2728 1298 2762 το
1335 2725 1446 2763 11011
1483 2707 1695 2763 habent.
1731 2711 1796 2766 ut
1826 2712 1835 2779 Ι
1902 2728 2065 2773 κενος
2101 2730 2322 2779 ανηφος
2357 2709 2511 2766 rudis
2547 2710 2763 2767 sobrius
2803 2712 2878 2767 M

440 2791 592 2847 rudis
642 2790 827 2847 ebrius
872 2796 922 2845 et
965 2793 1030 2845 111
1072 2791 1284 2861 yraecis
1330 2783 1564 2859 σκληρὸς
1607 2784 1833 2859 ἅνηφος
1877 2793 2103 2847 coniecit
2147 2792 2465 2863 Hayenus.
2506 2792 2723 2849 sobrius
2768 2800 2845 2850 est
2890 2797 3046 2867 apud

442 2871 754 2926 Charisium
786 2887 842 2941 p
881 2875 1089 2938 156,27
1125 2875 1174 2925 et
1209 2871 1273 2924 in
1309 2872 1573 2940 excerptis
1601 2888 1661 2940 p.
1700 2876 1910 2939 536,28

440 3073 847 3156 συγκρίσεως
890 3067 1137 3155 τρόπος
1184 3065 1306 3136 οὔκ
1353 3070 1569 3155 ἐστιν,
1627 3065 1825 3138 ὁπότε
1879 3066 2213 3147 ἆπόλυτος
2266 3075 2367 3154 εἴη
2421 3069 2532 3137 καὶ
2589 3072 2829 3158 μηδενὶ
2885 3090 3042 3159 συγ-

372 3258 382 3269 ,
436 3181 752 3263 κρίνοιτο.
846 3173 1090 3264 ὁμοίως
1135 3173 1219 3245 τὸ
1268 3186 1505 3245 doctior
1553 3173 1634 3244 οὐ
1690 3178 1907 3256 καλῶς
1970 3177 2225 3262 λέγεται
2291 3176 2738 3263 συγκριτικός,
2803 3176 2905 3247 ὅτι
2960 3176 3043 3247 οὐ

439 3288 808 3371 συγκρίνει,
854 3279 1020 3351 ἀλλὰ
1057 3279 1419 3369 ὑπερτιθεῑ.
1494 3280 1659 3351 ὅταν
1683 3281 1812 3371 γὰρ
1842 3283 2012 3369 λέγω
2051 3282 2744 3371 ,,διδασκαλικω’τερος
2779 3286 3043 3354 ἐκείνου

437 3395 646 3479 εἰμί,“
694 3387 778 3459 οὐ
823 3395 1160 3477 συγκρίνω
1209 3388 1499 3477 ἐμαυτὸν
1545 3391 1809 3481 ἐκείνῳ,
1856 3387 2001 3457 ἀλλ’
2050 3387 2412 3476 ὑπερτιθῶ.

384 3530 410 3569 5
616 3495 717 3566 Οὐ
774 3495 991 3566 πάντα
1048 3495 1121 3564 δὲ
1175 3494 1255 3565 τὰ
1313 3494 1609 3584 ὀνόματα
1669 3496 1828 3577 τοὺς
1879 3495 2187 3585 βαθμοὺς
2241 3500 2358 3584 τῆς
2412 3503 2819 3584 συγκρίσεως
2880 3495 3041 3567 ἀνα-

439 3607 776 3693 δέχονται,
840 3602 1009 3672 ἆλλὰ
1073 3602 1249 3691 μόνα
1314 3601 1480 3690 ἅπερ
1545 3599 1632 3673 ἂν
1696 3604 2016 3691 ποιότητα
2081 3610 2420 3692 σημαίνει,
2495 3603 2586 3685 ὡς
2647 3603 2722 3674 τὸ
2783 3604 3044 3692 ἀγαθός

437 3712 668 3793 λευκός
712 3710 947 3799 ταχύς,
1001 3706 1044 3798 ἦ
1090 3710 1454 3799 ποσότητα,
1511 3708 1610 3791 ως
1663 3711 1748 3780 τὸ
1794 3711 2047 3800 μακρός
2091 3709 2349 3798 ὑψηλός
2401 3713 2619 3800 μέγας.
2708 3712 2789 3781 τὰ
2844 3712 3043 3782 λοιπὰ

439 3819 513 3888 δὲ
560 3817 682 3888 οὐκ
728 3824 859 3907 ἔχει
897 3819 1274 3906 σύγκρισιν,
1322 3814 1472 3888 οἷον
1508 3817 1673 3907 ἅπερ
1711 3815 1798 3888 ἂν
1838 3824 2024 3908 σῶμα
2066 3826 2405 3908 σημαίνει,
2443 3817 2532 3900 ὥς
2565 3819 2642 3889 τὸ
2681 3819 3046 3909 ἄνθρωπος

439 3928 745 4012 δένδρον.
834 3925 987 3995 τινὰ
1025 3922 1352 4015 ὀνόματα,
1390 3930 1452 3995 εἰ
1489 3934 1497 4009 Ι
1537 3927 1647 3994 καὶ
1683 3924 1763 3994 τὰ
1799 3926 2084 4015 μάλιστα
2119 3926 2438 4013 ποιότητα
2476 3933 2817 4015 σημαίνει,
2864 3927 3045 4016 ὅμως

361 4066 410 4104 ιο
436 4035 594 4115 τοὺς
631 4030 942 4122 βαθμοὺς
977 4036 1095 4120 τῆς
1131 4039 1538 4122 συγκρίσεως
1584 4031 1725 4103 οὐκ
1771 4039 1928 4122 ἔχει
1941 4085 1960 4120 ,
2006 4032 2097 4114 ὡς
2130 4033 2205 4104 τὸ
2243 4035 2437 4116 κενός
2474 4035 2804 4123 νηφάλιος
2839 4039 3045 4123 πένης

437 4143 653 4230 μέγας.
742 4138 894 4209 τινὰ
941 4142 1114 4210 εἰσὶν
1158 4138 1201 4209 ἃ
1249 4144 1368 4210 ἕνα
1414 4140 1628 4230 μόνον
1673 4141 1950 4230 βαθμὸν
1993 4138 2384 4230 ἀναδέχεται
2429 4140 2550 4211 τὸν
2590 4145 3041 4231 συγκριτικόν,

437 4248 526 4330 ὡς
578 4248 653 4318 τὸ
709 4249 927 4336 γέρων
982 4248 1438 4336 γεραιότερος,
1493 4249 1645 4328 νέος
1697 4249 2020 4336 νεώτερος
2075 4247 2596 4335 [νεωτερτότατος
2651 4247 2776 4336 γὰρ
2825 4246 3039 4337 οὐχί]·

434 4355 584 4425 τινὰ
610 4355 684 4425 τὸ
714 4353 1153 4444 ὑπερθετικὸν
1181 4355 1398 4445 μόνον
1501 4409 1516 4423 .
1547 4360 1727 4423 ἔστιν
1756 4354 2003 4444 ὁμοίως
2028 4353 2431 4441 ὑπερθετικὰ
2460 4351 2502 4423 ἃ
2530 4353 2651 4424 τὸν
2678 4352 3040 4443 ἀπόλυτον,

435 4465 776 4533 τουτέστιν
813 4462 932 4532 τὸν
971 4463 1425 4552 πρωτότυπον,
1463 4458 1586 4531 οὐκ
1615 4468 1906 4551 ἔχουσιν,
1935 4461 2101 4532 ἀλλὰ
2138 4461 2269 4532 ἀπὸ
2298 4461 2739 4552 έπιρρήματος
2769 4466 3041 4553 ἔρχεται,

617 4651 643 4698 1
684 4638 965 4706 ἄπόλυτος
1019 4644 1131 4716 εἴη]
1186 4660 1474 4705 αποαυτος
1524 4661 1609 4696 ειν
1780 4650 1812 4697 2
1860 4637 1923 4697 τὸ
1976 4641 2193 4697 doctior
2237 4659 2337 4698 om.
2511 4647 2544 4695 5
2598 4647 3041 4710 τηνσσῦκρισεως

437 4725 714 4796 recipiunt
747 4726 1138 4794 τιναὸεχονται
1283 4732 1315 4780 6
1354 4742 1574 4794 απεραν
1612 4742 1873 4791 τοιοτητα
2019 4728 2049 4777 7
2087 4717 2163 4784 ὥς
2198 4719 2262 4777 τό
2300 4740 2407 4778 0111.
2566 4728 2631 4775 10
2668 4740 2767 4775 του
2807 4722 3036 4792 βαθμου

508 4799 617 4860 ου’11
657 4802 773 4876 ἔχει
812 4823 913 4861 om.
1057 4802 1357 4877 νηφάλιος]
1396 4820 1617 4872 ανηφος
1762 4808 1825 4856 11
1867 4821 2015 4866 τινες
2052 4820 2195 4857 stow
2341 4808 2404 4857 12
2443 4820 2582 4872 ουχυ
2621 4818 2758 4857 corr.
2799 4821 2926 4875 ουχι

442 4891 506 4941 14
544 4904 749 4958 εχουσα
