3613 5528
593 394 724 461 386
1716 393 2061 450 DOSITHEI

592 509 637 546 p.
668 498 731 537 16.
764 497 813 536 ιτ
840 497 897 537 Η.

595 582 943 663 composita,
998 590 1133 643 nota
1180 581 1608 664 praenominis,
1664 599 1799 643 cum
1848 582 2136 654 Quintum
2182 580 2305 642 sola
2360 581 2676 660 significat,
2735 579 2873 641 item
2927 579 3192 663 honoriS,

593 706 730 749 cum
776 698 1151 768 quaestorem
1195 688 1442 769 indicat3
1498 706 1608 750 nec
1654 691 1851 750 minus
1896 688 2208 771 populum,
2264 707 2400 750 cum
2456 706 2525 749 ea
2580 697 2852 750 notamus
2899 688 3190 760 Quirites:

592 794 702 856 soli
766 814 805 856 u
868 794 1099 857 litterae
1165 797 1567 876 praeponitur.
1657 805 1683 858 t
1739 796 1935 858 littera
1998 812 2330 858 consonans
2394 804 2555 856 muta
2619 805 2738 857 tam
2802 798 3188 877 praeponitur

591 901 891 964 vocalibus
936 921 1111 983 quam
1158 903 1564 986 subiungitur,
1610 911 1678 964 ut
1723 902 1860 965 tulit
1905 907 2132 986 attulit5
2179 905 2562 983 praeponitur
2610 913 2669 964 ct
2705 902 3188 981 consonantibuS‚

594 1019 661 1072 ut
706 1009 909 1072 trabea
955 1011 1168 1073 Aetna:
1214 1019 1352 1073 nota
1394 1012 1826 1093 praenominis,
1882 1029 2016 1072 cum
2071 1009 2194 1071 sola
2238 1009 2440 1071 Titum
2487 1011 2790 1090 significat.
2881 1011 3003 1093 his,
3059 1021 3128 1072 ut
3175 1004 3242 1094 15

590 1135 770 1197 supra
817 1117 1068 1198 dictum,
1113 1117 1403 1180 accedunt
1446 1125 1693 1200 propter
1736 1119 2085 1199 peregrinas
2129 1117 2420 1179 dictiones
2465 1136 2495 1178 z
2542 1126 2603 1178 et
2639 1137 2701 1201 y,
2747 1125 2815 1179 ut
2851 1120 2911 1179 iu
2950 1117 3187 1180 Zenone

592 1233 652 1286 et
695 1223 1041 1305 Hyacintho.

1609 1345 1729 1413 DE
1777 1344 2180 1413 SYLLABA

774 1456 1004 1537 Syllaba
1048 1466 1142 1518 est
1186 1457 1381 1519 littera
1428 1457 1645 1520 vocalis
1690 1458 1782 1520 vel
1830 1458 2163 1520 litterarum
2210 1466 2417 1520 coetus
2471 1476 2581 1539 per
2626 1457 2879 1539 aliquam
2926 1458 3187 1520 vocalem

592 1563 1057 1645 comprehensus
1068 1613 1087 1648 ,
1140 1564 1254 1626 hoc
1302 1574 1394 1627 est
1437 1564 1769 1627 litterarum
1816 1568 2017 1636 iuncta
2073 1567 2417 1627 enuntiatio.
2509 1564 2760 1646 syllabae
2814 1566 3095 1628 dicuutur
3152 1585 3183 1626 a
3214 1577 3269 1618 1⁰

591 1673 820 1752 graecis
866 1671 1510 1753 comprehensionibus.
1584 1673 1693 1734 hae
1740 1681 1938 1735 autem
1976 1681 2079 1734 aut
2113 1671 2323 1735 breves
2362 1681 2503 1734 sunt
2536 1681 2641 1735 aut
2676 1674 2899 1754 longae.
2972 1673 3186 1735 breves

591 1787 865 1875 correpta
910 1778 1126 1840 vocalis
1172 1780 1338 1862 facit,
1392 1789 1493 1841 aut
1548 1797 1683 1841 cum
1741 1778 2129 1841 antecedente
2184 1787 2545 1841 consonante
2600 1778 2795 1841 littera
2853 1780 3068 1841 vocalis
3123 1783 3185 1842 in

590 1889 705 1949 flue
770 1886 1021 1969 syllabae
1086 1889 1434 1970 corripitur3
1499 1887 1702 1968 longas
1767 1886 2056 1968 producta
2104 1933 2118 1947 .
2163 1888 2225 1948 in
2290 1885 2455 1947 brevi
2518 1886 2736 1967 syllaba
2795 1895 3029 1968 tempus
3093 1896 3188 1948 est

591 2015 802 2077 unum,
847 1996 912 2055 in
958 1994 1130 2075 longa
1177 1994 1312 2058 duo.

769 2151 952 2206 Godeae
1005 2149 1398 2221 Sanyallemia.
1490 2156 1517 2204 1
1576 2152 1713 2228 nota
1765 2153 1997 2219 prenoffi
2183 2147 2420 2203 honores
2482 2165 2610 2204 cum
2674 2151 2991 2220 questorem
3057 2168 3185 2206 cum

591 2231 910 2301 questorem
944 2228 1146 2286 indicit
1287 2237 1320 2286 3
1356 2230 1476 2287 sola.
1512 2249 1550 2285 u
1586 2230 1681 2285 litt,
1822 2235 1857 2283 4
1892 2226 2091 2284 attulit
2114 2244 2216 2284 om.
2361 2233 2394 2283 5
2423 2231 2559 2286 nota
2583 2237 2850 2300 praenoffi
2994 2229 3185 2285 titium

663 2317 695 2366 6
731 2310 995 2367 accidunt
1138 2316 1167 2365 7
1205 2308 1463 2380 yacincto
1611 2315 1674 2364 12
1713 2307 1950 2366 uocalib.
1989 2310 2146 2378 (corr.
2187 2307 2418 2379 uocalis)
2455 2309 2516 2364 in
2551 2309 2660 2365 fine
2697 2309 2914 2380 syllaba

765 2457 799 2506 8
836 2453 933 2507 DE
972 2451 1327 2525 SYLLABA]
1367 2452 1581 2509 Charis.
1609 2469 1670 2522 Ρ.
1708 2456 1986 2520 11,9—23
2155 2456 2187 2506 9
2224 2451 2538 2507 litterarum
2576 2451 2752 2508 costus
2792 2451 3080 2508 Charisius

591 2538 658 2588 10
705 2532 955 2604 syllabae
1008 2532 1270 2589 dicuntur
1318 2549 1354 2588 a
1409 2531 1635 2587 Graecis
1688 2527 1842 2600 παρὰ
1898 2527 1961 2587 τὸ
2020 2527 2427 2601 συλλαμβάνειν
2482 2526 2552 2586 τὰ
2618 2528 2945 2603 γράμματα,
3007 2530 3186 2589 latine

590 2613 918 2669 conexiones
958 2644 1015 2654 --
1058 2612 1151 2669 vel
1187 2612 1586 2682 conprehensio
1625 2612 1916 2669 Charisius

588 2774 858 2864 γράμμα
905 2774 1275 2864 σύμφωνον
1320 2772 1601 2862 ἄφωνον
1648 2778 1718 2845 ἐκ
1761 2779 1898 2845 τῶν
1946 2803 1981 2846 c
2025 2777 2153 2844 καὶ
2199 2801 2239 2844 ιι
2285 2774 2689 2864 γραμμάτων
2727 2783 3185 2866 συγκείμενον,

592 2896 868 2971 σημεῖον
915 2886 1402 2970 χρηματισμοῦ,
1449 2879 1645 2950 ὁπότε
1825 2882 2040 2971 μόνον
2090 2887 2423 2970 σημαίνει’
2470 2879 2717 2971 ὁμοίως
2759 2884 2870 2952 καὶ
2913 2881 3184 2973 τιμῆςῆ

589 2987 985 3078 ἀξιώματος,
1032 2986 1230 3059 ὁπότε
1411 2994 1628 3077 δηλοῖ·
1669 2988 1875 3059 οὐδὲν
1915 2989 1989 3058 δὲ
2027 2993 2301 3057 ἔλαττον
2335 2990 2447 3057 καὶ
2485 2992 2722 3076 δῆμον,
2770 2987 2968 3060 ὁπότε
3005 2989 3183 3085 αὐτῷ

588 3095 1044 3186 σημειούμεθα
1196 3118 1212 3134 ·
1258 3098 1479 3185 μόνου
1538 3101 1660 3165 τοῦ
1725 3124 1766 3165 u
1832 3095 2214 3185 γράμματος
2274 3094 2731 3184 προτάσσεται.
2830 3113 2856 3166 t
2914 3097 3185 3187 γράμμα

588 3203 960 3292 σύμφωνον
987 3201 1270 3291 ἄφωνον
1294 3205 1406 3273 καὶ
1431 3203 1980 3292 προτασσόμενον
2017 3204 2429 3291 φωνηέντων
2464 3204 2577 3272 καὶ
2611 3200 3183 3293 ὑποτασσόμενον,
3238 3221 3264 3262 ⁵

587 3308 677 3391 ὦς
720 3308 795 3378 τὸ
841 3309 1122 3398 ἤνεγκεν
1159 3317 1169 3394 1
1208 3310 1684 3398 προσήνεγκεν·
1731 3311 2169 3400 προτάσσεται
2212 3310 2325 3379 καὶ
2362 3308 2767 3398 συμφώνων,
2815 3309 2904 3392 ὡς
2936 3315 3184 3400 τραβέα

588 3417 811 3498 ὃοκός·
858 3431 1133 3505 σημεῖον
1179 3421 1666 3506 χρηματισμοῦ,
1713 3414 1912 3486 ὁπότε
1957 3416 2174 3505 μόνον
2354 3423 2676 3504 σημαίνει.
2765 3417 3048 3506 τούτοις,
3094 3417 3186 3502 ὥς

587 3527 662 3594 ἐν
705 3529 795 3617 τῷ
844 3522 1154 3612 ἀνωτέρω
1202 3533 1539 3613 εἴρηται,
1587 3529 1940 3612 συμβαίνει
1982 3525 2416 3612 προσέρχεται
2454 3522 2566 3593 διὰ
2599 3522 2717 3605 τὰς
2753 3528 2943 3608 ξένας
2977 3528 3186 3609 λέξεις

586 3629 661 3701 τὸ
710 3657 740 3699 z
784 3632 896 3700 καὶ
939 3629 1015 3701 τὸ
1062 3659 1124 3720 y,
1170 3629 1260 3712 ὡς
1305 3634 1388 3702 ἐν
1430 3636 1530 3725 τῷ
1580 3632 1896 3720 Ζήνωνι
1941 3632 2050 3699 καὶ
2086 3629 2439 3722 Ὑακίνθῳ.

1460 3816 1688 3879 ΠΕΡΙ
1754 3816 2306 3879 ΣΥΛΛΑΒΗΣ
3211 3830 3267 3871 10

764 3916 1084 4006 Συλλαβή
1132 3920 1313 3988 ἐστιν
1350 3932 1682 4006 στοιχεῖον
1734 3921 2008 4006 φωνῆεν
2054 3912 2095 4006 ἢ
2143 3923 2488 4006 στοιχείων
2525 3919 2813 4002 σύνοδος
2851 3921 2963 3990 διά
2999 3948 3185 4004 τινος

585 4024 973 4114 φωνήεντος
1033 4027 1553 4114 συνειλημμένη,
1616 4026 1917 4095 τουτέστι
1981 4030 2326 4113 στοιχείων
2383 4028 2733 4116 ἐζευγμένη
2791 4027 3184 4116 ἐκφωνησις.

587 4133 910 4220 συλλαβαὶ
955 4135 1264 4219 λέγονται
1308 4130 1437 4202 άπὸ
1482 4135 1618 4203 τῶν
1665 4133 2031 4221 ἑλληνικῶν
2070 4131 2482 4221 συλλήψεων.
2573 4125 2767 4203 αὗται
2814 4135 2888 4204 δὲ
2934 4131 2977 4224 ἦ
3020 4142 3180 4224 βρα-

585 4246 763 4329 χεῖαί
801 4246 972 4309 εἰσιν
1017 4236 1059 4328 ἢ
1098 4246 1360 4329 μακραί.
1449 4245 1760 4330 βραχείας
1805 4240 2340 4326 συνεσταλμένον
2377 4245 2651 4329 φωνῆεν
2688 4257 2891 4329 ποιεῖ,
2936 4238 2978 4330 ἢ
3017 4240 3180 4312 ὅταν

583 4347 996 4436 προάγοντος
1040 4346 1411 4437 συμφώνου
1456 4345 1839 4436 γράμματος
1884 4348 2158 4432 φωνῆεν
2204 4347 2312 4415 ἐπὶ
2355 4349 2589 4429 τέλους
2634 4353 2968 4437 συλλαβῆς
3023 4370 3178 4418 συσ-
3211 4366 3263 4406 15

584 4456 905 4541 τέλλεται,
950 4454 1206 4544 μακρὰς
1252 4455 1701 4543 ἐκτεταμένον.
1793 4455 1866 4521 έν
1912 4455 1991 4541 τῇ
2037 4459 2313 4544 βραχείᾳ
2358 4460 2656 4546 συλλαβῇ
2711 4455 2956 4544 χρόνος
3000 4457 3182 4525 ἐστὶν

586 4555 709 4648 εἷς,
756 4564 829 4630 έν
875 4564 952 4652 τῇ
1001 4567 1218 4653 μακρᾷ
1266 4562 1409 4632 δύο.

765 4729 792 4777 1
836 4743 900 4780 εκ
935 4744 1035 4779 του
1073 4722 1277 4779 litteris
1313 4744 1617 4796 γραμματω
1761 4729 1797 4777 4
1833 4724 1860 4777 t
1895 4739 1995 4777 om.
2141 4727 2173 4776 6
2209 4741 2307 4776 και
2336 4741 2577 4796 συμφοις
2605 4746 2679 4790 ως
2711 4725 2950 4781 TPAVe
2979 4728 3179 4782 ΔΟΚω

656 4809 690 4858 8
727 4804 944 4873 εἴρηται
979 4820 1080 4861 om.
1243 4812 1275 4860 9
1313 4825 1387 4868 ως
1423 4807 1483 4860 et
1525 4803 1784 4876 yacincbo
1822 4823 1919 4859 και
1967 4799 2329 4859 YACINTO
2487 4813 2551 4860 13
2590 4810 2959 4879 συνλημψεων
3113 4815 3182 4863 14

587 4901 962 4957 συνεσταμενο
1105 4904 1290 4943 ποιειν
1436 4891 1502 4941 17
1542 4882 1645 4957 εἷς]
1682 4903 1767 4949 οις
