3613 5528
594 345 725 409 482
1577 344 1929 400 ARVSIANI
1968 345 2208 401 MESSII

592 458 635 495 p.
663 449 761 487 237.
788 446 869 486 238
896 444 947 486 L.

591 533 749 591 inter
796 529 939 591 iilud
987 549 1094 611 pro
1144 525 1303 590 ‘cum
1343 529 1485 591 illud
1525 526 1763 613 agitur',
1810 532 1930 593 Cic.
1971 531 2180 612 Philip.
2223 531 2272 592 11
2314 532 2564 607 (25,63)
2613 534 2674 592 si
2720 534 2912 594 inter
2959 550 3200 594 cenam

591 647 805 717 atque
863 641 932 699 in
990 640 1171 718 ipsis
1228 640 1372 699 tuis
1428 638 1857 700 immanibus
1911 640 2196 720 poculis
2253 639 2383 700 hoc
2431 638 2566 701 tibi
2612 638 3036 721 accidisset,
3083 639 3200 701 Sal.

599 746 721 825 lug.
770 747 981 821 (30,3)
1027 748 1219 807 inter
1265 744 1820 828 dubitationem,
1866 747 2039 827 Verg.
2085 746 2218 809 buc.
2267 747 2473 823 (924)

551 835 557 842 ’
2184 857 2380 916 inter
2426 854 2773 933 agendum

1271 978 1668 1021 occursare
1716 980 1965 1043 capro,
2011 980 2231 1022 cornu
2281 962 2319 1022 s.
2364 963 2402 1023 i.
2449 981 2519 1042 c.,
3230 977 3260 1017 5

593 1066 706 1129 Sal.
770 1066 906 1128 hist.
964 1066 1043 1127 111
1101 1061 1113 1147 Ι
1171 1069 1365 1128 inter
1420 1085 1675 1128 recens
1739 1068 2052 1129 domitos
2117 1067 2408 1130 lsanros
2471 1067 2899 1148 Pisidasque
2964 1115 2979 1129 .
3043 1070 3201 1129 inter

594 1175 885 1254 geminata
939 1176 1329 1255 praepositio,
1384 1172 1504 1234 Cic.
1561 1175 1621 1234 in
1670 1173 1837 1235 Catii.
1887 1173 1965 1234 111
2013 1174 2173 1249 (2,5)
2232 1183 2306 1235 ut
2361 1174 2647 1237 Tiberis
2704 1178 2896 1237 inter
2950 1194 3073 1236 eos
3130 1183 3202 1236 et

589 1299 767 1361 pons
796 1282 1230 1362 interesset,
1268 1281 1423 1342 idem
1454 1283 1515 1343 in
1542 1281 1821 1342 Pisonem
1852 1282 2060 1356 (7,16)
2099 1282 2285 1362 quod
2324 1290 2558 1343 autem
2598 1285 2822 1344 maius
2850 1283 3198 1344 indicium

592 1391 1061 1470 exspectatis,
1110 1388 1288 1450 nihil
1334 1393 1534 1451 inter
1580 1409 1703 1451 vos
1749 1398 1823 1450 et
1868 1388 2069 1450 Catil.
2117 1387 2595 1452 interfuisse?

764 1496 831 1556 ln
899 1494 1143 1557 verbera
1207 1498 1494 1580 pendent,
1557 1497 1726 1578 Verg.
1785 1497 1928 1558 Aen.
1985 1496 2028 1553 V
2085 1497 2274 1570 (147)
2339 1498 2694 1577 pronique
2758 1499 2829 1557 in
2894 1496 3290 1558 verberam

591 1604 934 1686 pendent,
981 1603 1138 1664 idem
1186 1603 1238 1664 X
1284 1605 1472 1678 (586)

1017 1710 1344 1792 Lucagus
1389 1720 1466 1773 nt
1511 1729 1739 1791 prono
1785 1712 2106 1792 pendens
2152 1714 2221 1773 in
2268 1710 2573 1773 verbera
2620 1709 2764 1772 telo

1016 1820 1348 1880 ammovit
1393 1817 1666 1898 biiugis
1711 1866 1725 1880 .

768 1926 835 1987 ln
890 1927 1072 2007 pedes
1128 1945 1236 2007 pro
1292 1927 1354 1987 in
1409 1926 1634 2008 fugam,
1698 1925 1834 1986 Ter.
1889 1925 2066 1986 Ph'or.
2115 1927 2186 1999 (Ι
2227 1927 2398 2002 4,13)
2462 1935 2676 2006 atque
2742 1944 2845 1987 me
2911 1928 3197 1988 coicere

589 2035 927 2113 protinus
975 2036 1042 2094 in
1092 2033 1337 2115 pedes,
1384 2034 1542 2095 idem
1579 2032 1729 2094 Eun.
1768 2034 1865 2108 (V
1894 2033 2026 2110 2,5)
2075 2051 2201 2113 ego
2248 2036 2317 2094 in
2362 2034 2579 2114 pedes
2619 2042 2962 2114 quantum
2999 2052 3197 2113 queo.
3228 2049 3284 2090 15

766 2141 999 2202 Interea
1053 2140 1196 2224 loci,
1260 2141 1472 2203 Teren.
1527 2141 1677 2203 Eun.
1735 2142 1806 2214 (l
1853 2141 2035 2217 2,46)
2094 2148 2161 2201 te
2224 2143 2506 2204 interea
2568 2140 2739 2224 loci,
2801 2140 2959 2202 idem
3014 2140 3199 2204 Heau.

591 2250 697 2319 (II
737 2247 914 2324 3,16)
962 2253 1034 2308 tu
1083 2249 1363 2312 interea
1409 2247 1551 2308 loci
1587 2295 1602 2309 .
2594 2327 2603 2332 -

768 2354 833 2415 ln
880 2354 1047 2417 illum
1093 2354 1360 2435 exempla
1405 2356 1585 2436 facio,
1632 2355 1846 2418 Teren.
1894 2355 2042 2418 Eun.
2092 2358 2186 2431 (V
2228 2357 2408 2433 4,26)
2456 2356 2626 2435 quid
2674 2352 2822 2418 ais?
2876 2358 2945 2418 in
2992 2374 3198 2436 quem

591 2462 909 2542 exempla
966 2459 1195 2524 fient?
1252 2465 1311 2524 in
1359 2462 1525 2524 iilum
1573 2481 1756 2543 pecco
1805 2463 2078 2525 similiter
2134 2464 2289 2525 idem
2337 2463 2513 2524 Phor.
2561 2465 2657 2538 (V
2695 2464 2876 2539 5220)
2924 2463 3078 2524 vide
3126 2465 3197 2524 in

590 2579 965 2649 cognatam
1010 2589 1271 2650 pecces
1318 2616 1331 2629 .
1379 2571 1441 2630 in
1487 2568 1761 2651 biduum,
1809 2571 1944 2632 Ter.
1994 2570 2143 2632 Eun.
2192 2571 2264 2643 (Ι
2301 2571 2517 2648 2,110)
2567 2573 2637 2632 in
2692 2572 2823 2631 hoc
2879 2570 3283 2652 biduum,2o

589 2676 832 2751 Thais,
888 2676 1040 2739 vale
1087 2725 1101 2738 .
1149 2680 1212 2750 in
1266 2695 1334 2737 os
1390 2675 1655 2758 laudare,
1709 2677 1768 2737 id
1827 2686 1920 2738 est
1973 2685 2349 2757 praesentem
2396 2677 2664 2760 laudare,
2710 2678 2844 2740 Ter.
2891 2677 3053 2739 Adel.
3100 2679 3207 2750 (II

591 2788 726 2862 4,5)
775 2805 1025 2847 vereor
1081 2789 1152 2848 in
1200 2804 1276 2847 os
1326 2795 1392 2847 te
1439 2784 1732 2845 laudare
1790 2785 2096 2865 amplius
2145 2833 2158 2846 .
2206 2787 2267 2845 in
2314 2784 2472 2847 iliius
2517 2784 2648 2846 loco
2696 2794 2754 2848 te
2802 2786 3007 2867 diligo,
3061 2786 3199 2848 Ter.

589 2894 734 2956 And.
782 2896 853 2968 (Ι
891 2895 1076 2972 5,.57)

1148 3003 1207 3062 si
1253 3010 1320 3062 te
1368 3004 1438 3061 in
1485 3002 1804 3080 germani
1853 3002 2106 3062 fratris
2153 3000 2374 3061 dilexi
2419 3001 2577 3063 loco
2625 3050 2639 3064 .

591 3114 649 3171 in
698 3110 865 3171 illum
913 3109 1029 3169 feci
1075 3118 1376 3190 sumptus,
1423 3107 1558 3169 Ter.
1605 3106 1747 3169 Hec.
1795 3109 1926 3181 (IV
1966 3110 2148 3184 4,63)
2204 3118 2536 3189 sumptus
2593 3128 2770 3190 quos
2824 3111 3071 3172 fecisti
3126 3112 3197 3193 in
3228 3125 3283 3165 25

589 3236 735 3278 eam
784 3266 796 3277 .
845 3219 905 3277 in
972 3216 1232 3277 medium
1288 3235 1398 3296 pro
1456 3218 1514 3276 in
1573 3234 1917 3298 commune,
1981 3216 2151 3296 Verg.
2208 3235 2368 3295 geor.
2426 3217 2467 3276 Ι
2513 3217 2699 3292 (127)
2757 3220 2824 3279 in
2890 3217 3200 3279 medium

589 3322 1063 3404 quaerebant,
1098 3322 1253 3384 idem
1292 3342 1491 3403 georg.
1523 3323 1626 3383 1111
1659 3323 1848 3398 (157)
1886 3326 2066 3385 etin
2104 3325 2411 3386 medium
2448 3327 2776 3403 quaesita
2812 3334 3202 3406 reponunt,

590 3431 703 3491 Sal.
752 3430 886 3492 hist.
932 3429 1041 3490 1111
1089 3431 1448 3492 dissidere
1504 3432 1697 3492 inter
1754 3450 1828 3491 se
1885 3450 2190 3513 coepere
2248 3450 2476 3512 neque
2532 3435 2607 3493 in
2667 3434 2974 3494 medium
3030 3451 3197 3493 con-

589 3538 864 3600 sultare
913 3584 927 3597 .

768 3745 950 3802 Codex
988 3745 1287 3801 Parrhasii
1358 3752 1390 3799 2
1427 3745 1486 3800 in
1522 3762 1622 3801 om.
1777 3752 1810 3799 5
1850 3746 1888 3802 f.
1928 3745 1963 3802 i.
2001 3746 2072 3818 c.]
2112 3747 2148 3800 f.
2188 3748 2240 3802 d.
2278 3764 2324 3803 c.
2481 3752 2513 3801 8
2559 3747 2877 3819 interesset]
2926 3748 3198 3804 interesse

676 3843 738 3891 11
779 3836 930 3891 idem
965 3834 1041 3889 XI
1078 3822 1295 3891 locatus
1332 3837 1398 3890 ut
1433 3849 1606 3905 prono
1781 3842 1849 3888 14
1886 3835 2077 3907 Phor.]
2114 3836 2297 3890 forum
2471 3842 2537 3891 15
2573 3836 2724 3891 idem
2761 3852 2884 3891 aen.
2923 3852 3065 3903 eun„
3104 3839 3202 3892 sed

588 3920 757 3975 deleto
791 3934 914 3973 aen.
1059 3915 1355 3988 quantum]
1394 3915 1651 3985 quintum
1797 3922 1867 3970 22
1904 3915 1965 3970 in
2001 3915 2101 3972 illo
2139 3916 2263 3971 loco
2407 3923 2476 3972 26
2516 3917 2538 3970 Ι
2575 3933 2677 3972 om.
2822 3921 2891 3970 28
2929 3934 3126 3987 cepere

771 4124 797 4170 1
840 4113 887 4169 si
932 4114 1079 4169 inter
1123 4130 1317 4169 cenam
1365 4112 1422 4166 in
1469 4111 1605 4183 ipsis
1652 4111 1764 4167 tuis
1812 4111 2148 4167 immanibus
2193 4111 2309 4169 illis
2354 4113 2571 4184 poculis
2609 4113 2715 4167 hoc
2751 4112 2861 4167 tibi
2897 4112 3200 4168 accidisset

590 4198 797 4254 codices
835 4194 1110 4250 Ciceronis
1279 4200 1312 4248 2
1352 4195 1523 4262 etque
1572 4195 1629 4246 in
1675 4191 1816 4262 ipsis
1852 4192 1930 4246 M
2083 4198 2115 4247 5
2153 4209 2324 4248 cornu
2360 4194 2491 4249 ferit
2528 4193 2640 4262 ille,
2679 4196 2876 4248 caveto
2923 4193 3199 4263 Veryilius

665 4284 730 4333 12
768 4277 1025 4347 Lucagus
1063 4278 1129 4330 ut
1163 4292 1369 4345 pronus
1405 4275 1655 4344 pendens
1691 4273 1751 4328 in
1789 4273 2022 4329 verbera.
2057 4274 2171 4329 telo
2211 4275 2504 4330 admonuit
2539 4275 2760 4346 biiugos
2809 4273 3082 4343 Veryilius

597 4368 660 4414 14
696 4360 869 4427 esque
915 4356 1047 4411 hinc
1091 4373 1181 4410 me
1228 4355 1537 4410 conicerem
1583 4353 1839 4425 protinus
1883 4354 1942 4408 in
1987 4355 2160 4425 pedes
2205 4357 2410 4412 codices
2450 4356 2695 4412 Terentii
2732 4357 2953 4412 Phoron.
2994 4357 3037 4409 I
3070 4360 3198 4425 4‚13

664 4446 731 4494 15
769 4439 994 4508 egomet
1026 4436 1086 4491 in
1124 4435 1294 4506 pedes
1330 4425 1539 4492 co'dices
1579 4435 1823 4490 Terentii
1856 4435 2011 4493 Emi.
2063 4436 2114 4490 V
2145 4442 2243 4503 2‚5
2415 4443 2481 4492 16
2519 4438 2738 4493 Interea.
2774 4468 2842 4478 —
2878 4440 2942 4492 tu
2980 4437 3200 4491 interea.

590 4519 701 4575 loci
736 4519 938 4574 rectius
965 4522 1093 4587 post
1127 4517 1372 4586 exempla
1403 4516 1833 4586 praepositionis
1869 4515 2016 4571 inter
2052 4523 2085 4571 9
2122 4515 2436 4573 interfuisse
2474 4518 2792 4573 collocanda
2827 4522 2984 4572 crant

595 4607 659 4655 18
697 4601 760 4654 In
796 4598 958 4654 illum
994 4597 1275 4668 exempla}
1327 4597 1506 4654 Prisc.
1545 4599 1579 4653 1.
1625 4596 1873 4651 XVIII
1916 4601 2044 4653 294.
2094 4603 2205 4652 303
2387 4604 2451 4653 19
2498 4598 2626 4653 vide
2672 4616 2742 4653 ne
2790 4598 2847 4652 in
2894 4600 3199 4668 cognatam

589 4696 785 4750 pecces
831 4680 998 4735 code-‘c
1053 4679 1356 4734 Bembimis
1407 4678 1675 4745 Terentii,
1729 4694 1867 4732 cave
1923 4694 1994 4732 ne
2049 4677 2110 4732 in
2154 4679 2452 4749 cognatam
2504 4695 2700 4748 pecces
2746 4678 2945 4748 reliqui
2989 4678 3200 4734 codices

597 4760 838 4815 Terentii
1005 4766 1075 4815 22
1113 4776 1307 4816 vereor
1354 4776 1540 4816 coram
1585 4757 1645 4813 in
1691 4775 1754 4813 os
1798 4761 1857 4813 te
1893 4757 2125 4814 laudare
2160 4757 2405 4827 emplius
2447 4758 2760 4828 Terentius,
2806 4775 3003 4814 vereor
3036 4758 3097 4813 in
3132 4775 3198 4814 os

589 4856 698 4910 sqq.
741 4840 1072 4896 Priscianus
1108 4841 1143 4895 1.
1182 4856 1226 4895 c.
