3613 5528
1510 426 1795 481 EXCERP
1802 427 1897 481 TA
2874 424 3003 490 341

400 542 442 579 p.
469 530 534 570 ει.
562 530 613 569 28
640 528 703 569 Η.

400 616 734 693 conscripta
762 620 927 693 sunt,
972 618 1219 692 propter
1249 611 1406 690 quod
1436 612 1606 674 multi
1636 611 1841 674 volunt
1875 610 1990 671 hoc
2025 628 2215 690 genus
2253 610 2698 690 compositionis
2735 609 3007 670 bucolico

399 722 645 782 carmini
690 721 876 799 magis
923 720 1258 780 convenire.

574 826 850 907 Pythium
913 827 1056 887 item
1123 831 1381 886 metrum
1437 825 1594 904 quod
1660 820 1798 886 est?
1880 822 2044 884 Idem
2090 823 2250 903 quod
2317 824 2746 885 hexametrum.
2838 822 3001 885 Vnde

398 934 619 996 dictum
665 928 978 1013 pythium?
1051 930 1302 1004 Quidam
1352 918 1556 993 volunt
1601 931 1676 991 ob
1731 929 1823 1011 id,
1878 930 2035 1010 quod
2091 930 2206 991 hoc
2261 949 2480 1009 genere
2539 932 2716 991 metri
2770 929 3006 991 oracula

316 1033 361 1096 5⁰
400 1041 658 1120 primum
705 1038 778 1100 ab
825 1036 1093 1118 Apolline
1142 1041 1263 1099 sint
1308 1038 1491 1119 edita,
1538 1039 1640 1117 qui
1686 1037 2005 1099 interfecto
2045 1035 2312 1117 Pythone
2350 1036 2599 1117 Pythius
2636 1037 2831 1099 dictus
2870 1044 3007 1098 est.

398 1149 502 1226 qui
560 1165 696 1207 cum
762 1149 824 1207 in
882 1144 1142 1207 Parnaso
1199 1144 1527 1226 Pythonem
1594 1152 1937 1225 serpentem
1999 1147 2062 1205 in
2126 1144 2445 1206 vindictam
2510 1146 2715 1205 matris
2781 1146 3008 1224 sagittis

402 1256 855 1336 insequeretur,
901 1252 1133 1313 accolae
1180 1251 1447 1333 Delphici
1493 1251 1605 1313 hoc
1651 1251 1818 1313 illum
1864 1270 2044 1313 versu
2088 1251 2309 1312 hortati
2355 1259 2497 1312 sunt
2543 1299 2555 1310 .

1440 1459 1561 1525 DE
1608 1458 1959 1526 NOMINE

577 1609 731 1682 Quid
793 1619 883 1671 est
939 1603 1201 1670 nomen?
1281 1597 1511 1668 Nomen
1578 1616 1670 1668 est
1732 1626 1872 1687 pars
1929 1608 2213 1668 orationis
2270 1625 2408 1668 cum
2464 1625 2607 1669 casu
2673 1610 3009 1688 significans

317 1735 369 1774 ιο
397 1735 523 1778 rem
572 1715 969 1798 corporalem,
1014 1724 1082 1776 ut
1126 1715 1330 1794 homo,
1378 1731 1484 1773 seu
1530 1711 1995 1795 incorporalem,
2040 1720 2109 1774 ut
2153 1715 2362 1793 pietas.
2456 1713 2620 1785 Quae
2667 1724 2809 1777 sunt
2858 1734 3008 1795 quae

396 1822 671 1884 accidunt
717 1818 987 1883 nomini?
1060 1820 1354 1900 Qualitas,
1401 1818 1631 1880 scilicet
1676 1837 1791 1898 qua
1843 1820 2178 1902 quaeritur,
2232 1827 2436 1881 utrum
2482 1839 2700 1882 nomen
2748 1824 2827 1883 sit
2871 1841 3008 1903 pro-

395 1931 594 2009 prium
640 1947 715 1989 an
761 1928 1204 2010 appellativum3
1251 1945 1468 2008 genuS,
1515 1944 1632 2006 quo
1679 1935 1950 2009 apparet,
1998 1926 2391 1988 masculinum
2430 1929 2617 1989 sitan
2656 1929 3010 1990 femininum

396 2034 487 2096 vel
534 2042 841 2116 neutrum3
888 2053 1202 2116 numerus,
1248 2052 1367 2113 quo
1414 2040 1684 2115 apparet,
1734 2032 2032 2112 singulare
2081 2036 2161 2094 sit
2206 2052 2280 2095 an
2327 2032 2582 2116 plurale3
2630 2035 2844 2118 figura,
2893 2055 3007 2116 qua

398 2149 668 2223 apparet,
715 2141 965 2222 simplex
1012 2143 1090 2202 sit
1134 2160 1209 2202 an
1257 2142 1609 2221 composita3
1657 2158 1858 2222 casu3‚
1905 2158 2023 2219 quo
2070 2139 2419 2202 declinatur.

317 2268 368 2308 ιε
574 2246 658 2308 De
706 2247 958 2310 casibus
1043 2247 1227 2310 Casus
1276 2247 1415 2327 quid
1464 2243 1648 2308 sunt?
1735 2246 1966 2308 Gradus
2031 2246 2269 2326 quidam
2334 2247 2760 2311 declinationis.
2847 2249 3009 2312 Vnde

397 2355 542 2416 dicti
586 2362 729 2416 sunt
775 2352 993 2417 casus?
1066 2355 1237 2428 Quod
1293 2373 1402 2435 per
1460 2372 1564 2415 eos
1617 2354 1902 2434 pleraque
1959 2356 2194 2414 nomina
2242 2372 2273 2414 a
2321 2357 2509 2434 prima
2558 2358 2651 2416 sui
2715 2358 3009 2436 positione

395 2462 608 2523 inflexa
664 2465 968 2524 varientur
1026 2473 1086 2524 et
1142 2463 1368 2524 cadant.
1443 2461 1641 2533 Quare
1696 2461 1981 2541 pleraque
2038 2469 2098 2521 et
2154 2478 2274 2520 non
2331 2459 2570 2550 ompia’?
2644 2462 2797 2523 Sunt
2851 2465 3011 2525 enim

396 2569 682 2649 quaedam
731 2569 1039 2652 vocabula,
1103 2589 1252 2650 quae
1319 2589 1425 2650 per
1489 2587 1662 2630 casus
1721 2568 1884 2629 flecti
1939 2586 2058 2629 non
2099 2564 2109 2649 Ι
2151 2576 2425 2649 possunt,
2494 2577 2561 2630 ut
2622 2579 2764 2650 puta
2830 2571 3012 2652 veluti

399 2696 653 2757 nequam
723 2676 881 2756 frugi
945 2696 1131 2757 nugas
1192 2676 1378 2738 nihili.
1454 2675 1621 2747 'Quot
1681 2683 1823 2736 sunt
1878 2692 2052 2735 casus
2119 2673 2575 2737 declinationis?
2666 2676 2799 2738 Sex.
2893 2677 3010 2749 Qui

317 2781 582 2845 zosunt?
650 2783 1087 2867 Nominativus,
1140 2786 1478 2866 genetivus,
1539 2783 1798 2861 dativuS,
1859 2784 2260 2865 accusativu8‚
2318 2786 2647 2867 vocativuS,
2705 2786 3010 2849 ablativus,

310 2920 317 2929 ·
398 2891 513 2952 Sed
550 2894 609 2952 si
642 2909 675 2952 a
713 2891 977 2952 cadendo
1015 2910 1188 2955 casus
1225 2892 1370 2952 dicti
1407 2898 1574 2971 sunt,
1621 2907 1739 2970 quo
1776 2889 1952 2950 modo
1991 2891 2387 2951 nominativus
2426 2908 2599 2952 casus
2637 2891 2755 2953 dici
2796 2902 3011 2976 potest,

398 3000 501 3077 qui
549 2998 740 3059 adhuc
778 2999 839 3058 in
878 3017 987 3060 suo
1022 3006 1186 3060 statu
1233 3006 1326 3059 est
1371 3015 1482 3058 nec
1529 3015 1561 3058 a
1606 2997 1798 3077 prima
1843 2998 2138 3077 positione
2186 2998 2282 3058 sui
2327 2998 2567 3080 cecidit,
2616 3018 2734 3079 quo
2771 3002 2837 3062 fit
2872 3010 2940 3062 ut
2978 3021 3011 3062 a

395 3091 666 3185 genetivo
713 3123 887 3166 casus
934 3124 1065 3167 esse
1111 3108 1396 3187 incipiant
1431 3122 1500 3165 ac
1546 3122 1655 3184 per
1690 3104 1804 3165 hoc
1844 3106 2108 3184 quinque
2148 3100 2310 3166 sint?
2382 3103 2647 3167 Dicimus
2683 3124 2803 3168 non
2840 3107 3011 3170 aliter

3044 842 3195 891 215,1s

3052 2270 3196 2322 189,17

399 3214 821 3274 nominativum
850 3231 1087 3292 quoque
1117 3231 1319 3274 casum
1348 3211 1465 3273 dici
1492 3229 1687 3293 posse,
1717 3230 1893 3291 quam
1922 3221 1989 3273 ut
2016 3215 2078 3273 in
2107 3210 2405 3293 gradibuS,
2439 3231 2589 3292 quos
2618 3214 3010 3296 ascendimus,

573 3462 606 3511 2
645 3457 890 3511 carmine
943 3456 1080 3510 ΒΜ
1227 3462 1259 3509 3
1306 3454 1554 3509 Phitium
1609 3460 1840 3525 utroque
1894 3455 2010 3509 loco
2062 3454 2119 3507 Β
2134 3455 2203 3508 Μ
2348 3461 2381 3509 4
2419 3456 2645 3512 oracula
2698 3457 2881 3528 primo
2935 3458 3008 3514 ab

398 3535 613 3604 polloni
667 3539 798 3592 sunt
850 3536 1006 3591 edita.
1056 3535 1113 3589 Β
1170 3535 1397 3591 oracula
1450 3535 1629 3605 primo
1684 3532 1921 3605 apollini
1974 3533 2088 3589 sint
2141 3534 2327 3590 edicta.
2384 3536 2460 3590 M
2618 3543 2650 3592 5
2707 3538 2901 3608 pitone
2953 3538 3010 3591 Β

398 3618 629 3687 phitone
669 3617 745 3671 M
880 3615 1096 3688 phitius
1131 3615 1275 3669 ΒΜ
1411 3622 1443 3669 6
1480 3614 1773 3683 phitonem
1797 3608 1956 3671 ’ΒΜ
2094 3616 2153 3671 in
2188 3614 2440 3670 uindicta
2481 3616 2629 3671 ΒΜ
2770 3624 2800 3673 7
2839 3618 3011 3673 ortati

399 3695 473 3749 M
502 3697 648 3751 orati
682 3696 740 3751 Β
770 3739 782 3751 .
809 3712 1063 3766 qraecwm
1094 3711 1310 3750 versum
1346 3713 1384 3750 α
1422 3695 1617 3749 Mario
1664 3694 1947 3753 Victorino
1975 3715 2036 3768 p.
2076 3702 2242 3764 50,21
2281 3700 2332 3750 et
2358 3713 2395 3750 α
2427 3696 2758 3754 Terentiano
2784 3715 2833 3753 v.
2863 3703 3006 3754 1591

399 3776 751 3845 adscriptwm,
780 3773 837 3846 ἰὴ
866 3771 1063 3844 παιάν,
1093 3771 1150 3845 ἰὴ
1179 3771 1377 3846 παιάν,
1407 3770 1464 3845 ἰὴ
1483 3770 1683 3844 παιάν,
1710 3777 2009 3833 omisenmt
2025 3778 2239 3833 Anda-v
2256 3781 2306 3832 et
2324 3778 2537 3832 Atilius
2556 3777 3011 3834 Fortwnatianus

392 3874 450 3926 p.
486 3861 675 3925 284‚9
714 3901 728 3914 .
766 3856 1003 3910 eiusdem
1037 3871 1224 3911 versus
1258 3871 1402 3925 pars
1445 3855 1638 3910 relicta
1686 3861 1805 3911 erat
1852 3857 1917 3912 in
1952 3858 2133 3913 codice
2180 3856 2454 3913 Victorini
2490 3874 2554 3926 p.
2592 3863 2708 3914 215
2727 3864 2829 3926 ‚23
2976 3864 3009 3913 9

399 3936 484 3991 eet
519 3938 712 4005 prio-re
758 3937 871 4017 {oco
917 3946 1018 3992 om'.
1060 3936 1159 4003 M,
1204 3936 1335 3993 add.
1370 3935 1427 3989 Β
1574 3940 1640 3989 12
1679 3953 1855 4005 genus
1902 3953 2015 4008 quo
2061 3935 2377 4006 appellaret
2426 3937 2502 3991 M
2642 3938 2743 4010 sit]
2795 3938 2911 3995 sint
2955 3938 3009 3992 Β

470 4021 534 4070 13
571 4032 865 4073 numerum
910 4031 1022 4084 quo
1068 4031 1277 4085 appare
1324 4015 1551 4085 singul-e
1591 4014 1666 4068 M
1769 4016 1905 4088 qua]
1956 4033 2100 4087 quae
2134 4016 2191 4069 Β
2303 4021 2369 4070 14
2408 4017 2559 4086 quod
2603 4017 2916 4074 declinatur
2951 4019 3010 4073 Β

470 4101 534 4149 15
571 4095 671 4150 DE
708 4092 1011 4148 CASIBVS
1048 4111 1149 4150 om.
1184 4096 1260 4163 B,
1296 4096 1425 4154 add.
1469 4097 1543 4151 M
1646 4095 1794 4151 unde
1842 4095 1979 4150 dicti
2027 4112 2184 4151 casus
2213 4092 2286 4148 ‘B
2333 4096 2484 4151 unde
2529 4097 2717 4154 dictus
2755 4100 2832 4153 M
2939 4104 3004 4154 17

398 4173 687 4229 uariantur
725 4174 800 4228 M
940 4176 997 4229 et
1042 4192 1155 4230 non
1200 4173 1389 4231 omnia
1435 4175 1489 4230 V
1532 4177 1593 4230 et
1636 4176 1867 4231 nomina
1914 4175 1992 4229 M
2032 4177 2090 4229 et
2130 4174 2345 4229 nomini
2387 4174 2445 4229 Β
2589 4177 2741 4233 enim
2787 4194 2888 4234 om.
2925 4178 2999 4247 B,

398 4257 522 4312 aad.
562 4256 639 4311 M
782 4260 848 4309 18
893 4253 1055 4308 uelut
1097 4255 1173 4309 M
1248 4262 1253 4265 '
1312 4260 1376 4310 19
1422 4257 1562 4324 quot
1606 4256 1758 4326 sunt]
1806 4255 1904 4324 qui
1949 4256 2080 4309 sunt
2113 4253 2170 4307 Β
2315 4253 2423 4320 Qui
2468 4258 2601 4310 sunt
2637 4288 2704 4298 -
2754 4264 2819 4313 21
2869 4257 3010 4314 dieti

399 4337 664 4391 ειιιιίιόηι.
685 4334 770 4404 Μ,
807 4334 938 4390 add.
974 4334 1031 4388 Β
1052 4335 1105 4388 V
1243 4342 1311 4391 21
1350 4337 1398 4391 si
1434 4352 1534 4392 om.
1563 4336 1636 4405 B,
1674 4336 1803 4391 add.
1845 4336 1898 4389 V
2035 4339 2104 4387 22
2142 4333 2241 4403 qui
2277 4335 2459 4391 adhuc
2496 4336 2558 4391 in
2593 4353 2693 4392 suo
2730 4339 2884 4393 statu
2919 4340 3008 4392 est

410 4415 458 4468 V
489 4416 624 4485 quia
661 4415 844 4470 adhuc
879 4414 976 4484 (ad
1012 4414 1158 4472 hunc
1194 4418 1269 4487 Β)
1307 4418 1366 4472 in
1402 4433 1504 4473 suo
1541 4416 1629 4470 est
1660 4415 1809 4469 ΒΜ
1982 4432 2093 4485 quo
2131 4416 2197 4471 fit
2253 4416 2307 4471 V
2338 4416 2488 4486 quod
2525 4417 2591 4470 fit
2630 4416 2775 4471 ΒΜ
2943 4420 3010 4473 ut

397 4511 495 4549 om.
536 4495 626 4563 M,
661 4495 791 4551 aad.
826 4495 883 4549 Β
1027 4501 1095 4551 23
1133 4513 1296 4553 casus
1334 4497 1411 4552 M
1442 4511 1578 4551 casu
1612 4494 1666 4548 Β
1810 4492 2088 4566 incipiant
2121 4495 2263 4552 haec
2307 4514 2409 4566 per
2451 4497 2560 4552 hoc
2597 4498 2841 4569 quinque
2880 4501 3013 4553 sunt

398 4575 451 4628 Β
485 4573 765 4645 incipiunt
799 4591 865 4630 ac
902 4592 1004 4645 per
1037 4576 1146 4631 hoc
1184 4577 1427 4645 quinque
1464 4577 1596 4630 sunt
1632 4574 1706 4628 M
1844 4592 1957 4631 non
1993 4575 2161 4632 aliter
2208 4577 2262 4632 V
2293 4577 2442 4632 enim
2477 4577 2661 4632 Aliter
2696 4577 2773 4632 M
2785 4576 2933 4632 enim
2952 4578 3009 4632 B

467 4663 536 4713 24
554 4655 802 4726 quoque]
840 4656 1052 4725 quique
1093 4657 1170 4710 M
1271 4655 1385 4711 dici
1420 4660 1452 4710 ὃ
1488 4671 1652 4725 posse
1690 4654 1765 4708 M
1866 4672 2037 4725 quam
2060 4658 2126 4711 ut
2153 4656 2213 4712 in
2241 4657 2510 4728 gradibus
2527 4673 2638 4727 quo
2657 4658 3009 4713 ascendimus

400 4735 475 4789 M
506 4752 676 4805 quam
711 4736 861 4791 inter
895 4735 1164 4806 gradibus
1200 4752 1340 4805 quos
1377 4732 1727 4790 ascendimus
1760 4734 1818 4788 Β
1855 4752 2026 4805 quam
2061 4738 2127 4791 ut
2160 4735 2222 4791 in
2257 4735 2525 4807 gradibus
2554 4753 2693 4806 quos
2731 4736 3008 4793 discendi-

398 4834 519 4873 mus
564 4817 732 4872 codex
781 4815 1081 4883 Victorini,
1124 4816 1225 4872 ubi
1268 4815 1470 4885 scripsi
1515 4824 1695 4883 quam*
1731 4816 1799 4870 ut
1839 4813 1902 4870 in
1946 4816 2210 4887 gradibus
2255 4833 2357 4886 per
2403 4832 2542 4884 quos
2588 4816 3007 4877 descendimus=

320 4896 337 4914 ⁸
399 4897 468 4966 ef.
508 4896 751 4967 Pompei.
782 4914 844 4967 p.
882 4902 1109 4966 182,16
