3613 5528
1312 407 1408 462 DE
1448 406 2028 463 ORTHOGRAPHIA
2850 406 2975 469 139

369 596 654 657 diversam
693 612 726 654 a
764 593 990 673 vulgari
1029 591 1460 653 consuetudine
1498 590 1951 652 declinationem
1992 592 2298 652 nominum
2337 601 2398 652 et
2435 609 2608 651 usum
2649 610 2715 651 ac
2754 591 2975 670 signiti-

368 705 654 763 cationem
693 699 1115 761 vocabulorum
1152 706 1472 769 notaverat.
1543 698 1614 759 de
1653 706 1843 760 aetate
1882 700 2012 758 eius
2047 706 2109 758 et
2145 706 2389 778 propter
2428 700 2716 759 rationem
2756 697 2976 760 studio-

367 827 499 871 rum
538 817 596 870 et
641 817 885 887 propter
923 805 1419 887 reprehensiones
1469 807 2017 885 grammaticorum,
2065 822 2215 883 quos
2253 812 2415 865 certe
2454 823 2572 865 non
2611 804 2797 867 multo
2842 813 2978 885 post

367 917 575 976 vixisse
634 921 1098 975 consentaneum
1156 920 1276 994 est,
1332 911 1653 993 probabilis
1709 920 1801 973 est
1860 913 2060 992 opinio
2118 929 2255 972 eum
2301 910 2580 973 Hadriani
2639 913 2764 973 sere
2829 922 2975 973 tem-

365 1020 608 1101 poribus
647 1019 738 1080 rel
777 1037 893 1079 non
935 1018 1119 1079 multo
1158 1020 1492 1098 antiquiore
1545 1028 1815 1099 tempore
1855 1020 2087 1079 vixisse.
2153 1018 2328 1098 paulo
2366 1021 2763 1099 antiquiorem
2800 1021 2976 1080 etiam

366 1128 808 1205 grammaticum
866 1127 1050 1186 fuisse
1111 1123 1292 1186 voluit
1349 1125 1650 1207 OsaunuS,
1706 1144 1844 1186 cum
1905 1125 2064 1187 hunc
2121 1145 2253 1187 esse
2302 1126 2604 1188 Vindicem
2661 1128 2984 1206 coniceret,

366 1238 465 1314 qni
512 1234 729 1295 dicitur
775 1233 928 1313 apud
968 1232 1293 1294 Martialem
1331 1231 1407 1292 lX
1440 1229 1545 1312 43,
1580 1229 1661 1292 14
1701 1236 1887 1293 voluit
1923 1236 2088 1294 docti
2140 1235 2406 1295 Vindicis
2443 1253 2571 1295 esse
2609 1237 2772 1295 deus.
2832 1231 2980 1293 nihil

366 1360 503 1402 vero
558 1343 620 1401 in
676 1339 786 1401 hac
840 1358 906 1400 re
967 1338 1349 1400 tribuendum
1408 1346 1500 1398 est
1556 1339 1898 1399 testimonio
1954 1338 2199 1399 Arnobii
2255 1338 2380 1400 adv.
2438 1346 2594 1417 gent.
2644 1338 2668 1399 1
2725 1335 2830 1419 59,
2875 1335 2980 1420 37,

365 1451 634 1523 quamvis
680 1448 987 1524 Epicados
1040 1464 1267 1519 omnes,
1332 1448 1676 1526 CaeselliOS,
1737 1446 2006 1521 Verrios,
2065 1447 2336 1507 Scauros
2382 1449 2636 1507 teneatis
2682 1452 2742 1505 et
2787 1447 2978 1519 A'e‘soS,

366 1574 436 1615 ex
492 1573 609 1634 quo
665 1553 987 1614 Lei-schius
1042 1551 1327 1613 Zeitschr.
1386 1551 1423 1611 f.
1482 1550 1923 1612 Alterthumsw.
1978 1569 2028 1612 a.
2081 1549 2251 1613 1840
2305 1571 2359 1631 p.
2414 1548 2537 1613 109
2594 1561 2654 1614 et
2708 1569 2757 1611 a.
2810 1548 2972 1612 1841

367 1680 421 1740 p.
456 1657 654 1741 1101,
699 1669 1036 1740 temporum
1076 1659 1358 1719 nimirum
1405 1657 1673 1719 ordinem
1722 1660 2075 1738 scriptorem
2123 1661 2184 1719 in
2232 1659 2649 1720 enumerandis
2695 1675 2979 1737 gramma·

368 1770 499 1828 ticis
545 1775 817 1828 secutum
855 1784 986 1826 esse
1026 1772 1219 1845 ratus,
1266 1765 1506 1826 efficere
1546 1764 1729 1826 voluit
1774 1773 1910 1825 ante
1952 1764 2224 1826 Verrium
2264 1766 2537 1827 Flaccum
2569 1764 2742 1841 ⁴hunc
2787 1782 2976 1844 gram·

376 1875 653 1936 maticum
702 1874 901 1934 fuisse.

544 1980 672 2041 Duo
728 1989 923 2042 autem
979 1998 1198 2059 genera
1243 1988 1688 2060 excerptorum,
1746 1998 1898 2059 quae
1945 1979 2015 2040 ad
2066 1978 2416 2057 Caesellium
2466 1978 2766 2040 Vindicem
2828 1979 2978 2039 refe—

371 2087 550 2149 renda
587 2096 753 2166 sunt,
791 2085 1199 2147 Cassiodorius
1236 2089 1464 2168 posuit,
1501 2086 1753 2147 alterum
1791 2105 1860 2147 ex
1895 2085 2179 2147 Caesellio
2210 2084 2608 2166 orthographo
2645 2084 2980 2168 collectum,

372 2193 617 2255 alterum
676 2212 746 2253 ex
795 2190 978 2253 Lucio
1025 2191 1279 2253 Caecilio
1327 2192 1596 2272 Vindice,
1654 2200 1720 2253 ut
1774 2194 1882 2274 ait,
1937 2191 2304 2254 defloratum.
2381 2211 2535 2279 nam·
2569 2193 2724 2272 quod
2782 2199 2978 2273 poste·

375 2303 515 2360 riori
567 2302 774 2378 generi
830 2298 1095 2380 Caecilii,
1154 2317 1270 2359 non
1318 2297 1613 2378 Caesellii,
1670 2317 1884 2359 nomen
1943 2301 2376 2379 praescriptum
2434 2308 2550 2380 est,
2606 2318 2724 2359 non
2780 2307 2979 2380 potest

372 2406 628 2467 dubitari
683 2408 826 2484 quin
886 2425 957 2465 ex
1015 2424 1220 2466 errore
1268 2405 1658 2486 repetendum
1716 2408 1794 2467 sit
1840 2405 2227 2486 Cassiodorii,
2280 2407 2382 2485 qui
2431 2424 2643 2466 nomen
2692 2424 2977 2485 gramma·

376 2515 473 2573 tici
510 2515 574 2573 in
612 2512 814 2573 codice
855 2531 971 2591 quo
1012 2512 1289 2573 utebatur
1326 2522 1675 2592 corruptum
1713 2515 2038 2574 invenerat.
2106 2511 2308 2573 eadem
2351 2514 2606 2573 nominis
2644 2512 2981 2592 corruptela

380 2627 466 2679 est
518 2618 671 2699 apud
720 2618 997 2680 Rufinum
1054 2638 1264 2680 comm.
1322 2622 1384 2680 in
1446 2627 1615 2680 metr.
1664 2619 1903 2681 Terent.
1959 2640 2015 2700 p.
2062 2616 2211 2701 565,
2257 2616 2317 2700 3,
2374 2617 2476 2680 ubi
2527 2621 2684 2680 inter
2730 2638 2834 2681 eos
2879 2623 2983 2699 qui

377 2742 709 2787 mensuram
765 2742 898 2787 esse
953 2729 1013 2789 in
1071 2723 1282 2788 sabulis
1328 2724 1596 2787 Terentii
1653 2734 1713 2788 et
1766 2726 1962 2789 Plauti
2019 2725 2219 2788 dicant
2274 2728 2612 2788 nominatur
2679 2728 2981 2790 Caecilius

394 2834 635 2894 findam.
718 2841 897 2912 atque
962 2835 1138 2893 etiam
1207 2851 1569 2913 praenomen
1626 2833 1832 2916 Lucii,
1888 2833 2043 2914 quod
2102 2833 2256 2913 apud
2317 2833 2461 2893 alios
2518 2835 2805 2914 scriptum
2864 2852 2982 2894 non

377 2941 704 3022 invenitur,
752 2939 1126 3001 Cassiodorio
1163 2947 1404 3000 auctore
1445 2940 1730 3000 Caesellio
1770 2939 2152 3001 tribuendum
2191 2948 2297 3000 est.
2373 2947 2638 3000 ceterum
2677 2942 2737 3001 in
2775 2943 2982 3020 paucis

380 3050 697 3128 excerptis,
743 3065 894 3126 quae
942 3047 1003 3106 in
1050 3045 1158 3105 hac
1206 3054 1373 3125 parte
1411 3065 1482 3106 ex
1522 3065 1591 3106 eo
1630 3045 2042 3106 Cassiodorius
2088 3044 2382 3127 exhihuit,
2429 3045 2572 3106 nihil
2619 3048 2776 3107 inest
2820 3046 2978 3126 quod

380 3156 561 3214 veteri
605 3155 988 3234 grammatico
1030 3150 1211 3212 tribui
1250 3159 1520 3231 nequeat.
1595 3162 1872 3213 auctores
1911 3159 2106 3212 autem
2145 3153 2205 3212 in
2252 3150 2345 3212 his
2384 3170 2534 3231 quae
2574 3171 2731 3213 nunc
2775 3171 2979 3232 super·
3074 3225 3080 3230 ⁹

381 3269 514 3321 sunt
558 3260 706 3321 duos
752 3261 1126 3339 potissimum
1174 3267 1416 3320 secutus
1462 3266 1580 3338 est,
1627 3257 1951 3319 Varronem
1998 3265 2058 3318 et
2105 3256 2450 3318 Cornutum.
2538 3258 2609 3318 ad
2656 3257 2979 3320 Varronem

381 3369 533 3427 enim
579 3368 776 3428 refero
823 3385 974 3446 quae
1032 3365 1104 3426 de
1161 3368 1431 3445 genetivo
1480 3367 1785 3426 nominum
1845 3367 1904 3425 in
1961 3367 2055 3424 ius
2106 3363 2407 3425 [initorum
2455 3365 2724 3444 apposito
2771 3363 2978 3426 Lucilii

379 3474 710 3533 testimonio
765 3473 1068 3552 praecepit
1122 3489 1177 3550 p.
1225 3468 1418 3532 2318.
1494 3489 1609 3550 qua
1666 3471 1737 3532 de
1787 3489 1852 3530 re
1900 3479 1961 3531 ει
2008 3471 2270 3531 Scaurus
2316 3470 2553 3551 eodem,
2608 3478 2675 3532 ut
2733 3470 2983 3545 videtur,

379 3587 615 3640 auctore
666 3596 843 3658 usus,
889 3579 1129 3658 scripsit
1173 3596 1229 3657 p.
1260 3575 1380 3658 22,
1415 3574 1460 3638 4
1506 3585 1565 3638 ει
1610 3577 1925 3656 adscriptis
1963 3575 2243 3637 Varronis
2291 3585 2351 3637 et
2388 3575 2598 3637 Lucilii
2645 3577 2984 3639 nominihus

380 3684 675 3745 Charisius
731 3704 787 3764 p.
838 3681 939 3765 78,
985 3680 1056 3766 4,
1115 3686 1216 3763 qui
1272 3686 1496 3745 rectius
1544 3702 1721 3763 quam
1769 3682 2090 3745 Caesellius
2136 3685 2491 3744 sententiam
2538 3682 2748 3746 Lucilii
2798 3686 2979 3745 inter-

380 3797 643 3870 pretatus
688 3797 795 3850 est.
869 3789 1080 3850 deinde
1129 3788 1201 3850 de
1250 3809 1387 3851 cum
1431 3791 1871 3871 praepositione
1919 3798 1980 3850 et
2035 3789 2312 3850 adverbio
2373 3791 2658 3869 temporis
2703 3789 2983 3850 Varronis

380 3895 643 3956 doctrina
692 3904 753 3956 et
799 3894 1119 3956 Caesellius
1164 3914 1221 3974 p.
1261 3893 1434 3957 2318
1485 3904 1545 3956 et
1592 3895 1855 3957 Scaurus
1900 3915 1955 3975 p.
1995 3893 2099 3976 28,
2136 3893 2177 3957 6
2225 3904 2286 3957 ει
2330 3885 2435 3977 29,
2477 3893 2518 3956 3
2567 3894 2842 3957 videntur
2891 3896 2982 3956 usi

262 4055 269 4060 .
379 4020 524 4062 esse.
614 4001 942 4064 Cornutum
1005 4010 1201 4063 autem
1260 4012 1503 4063 secutus
1560 4010 1652 4062 est
1707 4001 1780 4063 de
1837 4001 2376 4082 praepositionibus
2437 4003 2497 4062 in
2553 4003 2981 4081 compositione

381 4107 692 4170 verborum
736 4111 974 4170 mutatis
1019 4128 1075 4188 p.
1107 4105 1279 4171 2318
1329 4118 1389 4169 et
1434 4107 1506 4168 de
1554 4126 1701 4169 sono
1749 4127 1808 4169 m
1855 4108 2088 4170 litterae
2127 4127 2181 4188 p.
2215 4105 2416 4170 2317:
2462 4108 2534 4169 ef.
2567 4126 2689 4168 exc.
2721 4107 2980 4169 Cassiod.

379 4233 433 4293 p.
480 4212 655 4277 2285
702 4226 763 4277 et
808 4213 1000 4277 2281.

552 4322 747 4384 Minus
809 4331 1038 4384 certum
1106 4322 1389 4384 iudicium
1443 4332 1537 4386 est
1595 4325 1667 4386 de
1726 4323 1907 4386 altera
1964 4331 2380 4404 excerptorum
2440 4331 2636 4404 parte,
2702 4340 2851 4401 quae
2909 4339 2982 4381 ex

382 4428 661 4490 Caesellio
708 4429 1107 4509 orthographo
1154 4429 1400 4490 collecta
1446 4449 1581 4491 esse
1638 4430 1874 4491 dicitur.
1960 4447 2135 4510 quam
2192 4438 2420 4508 partem
2467 4437 2529 4489 et
2576 4429 2983 4490 Cassiodorius

382 4553 448 4602 ex
502 4536 612 4597 alio
667 4536 820 4597 libro
867 4544 1042 4615 atque
1089 4553 1220 4596 eam
1275 4555 1425 4615 quae
1480 4539 1753 4615 sequitur
1808 4555 1841 4597 a
1898 4555 1960 4597 se
2017 4536 2426 4616 depromptam
2482 4554 2613 4596 esse
2676 4536 2983 4615 significat,

385 4650 442 4702 et
485 4642 556 4704 ab
602 4642 697 4704 illa
745 4642 1037 4704 diversam
1076 4661 1207 4703 esse
1255 4644 1381 4721 ipsa
1427 4644 1578 4702 ratio
1627 4651 2045 4723 excerptorum
2092 4622 2473 4703 demonstrat.
2549 4659 2685 4702 nam
2722 4649 2789 4702 ut
2824 4641 2987 4703 nulla

385 4749 441 4808 in
504 4749 595 4809 his
666 4749 934 4828 quamvis
988 4746 1284 4827 aliquanto
1342 4747 1722 4810 uberioribus
1778 4752 2073 4829 excerptis
2141 4749 2438 4829 adscripta
2512 4756 2654 4810 sunt
2717 4756 2984 4811 veterum

386 4857 899 4932 grammaticorum
943 4854 1034 4915 vel
1092 4857 1452 4935 scriptorum
1498 4857 1864 4938 testimonia,
1921 4858 2000 4916 ita
2047 4857 2241 4916 omnia
2289 4855 2360 4916 ad
2409 4874 2582 4918 usum
2633 4858 2983 4918 recentioris
