3613 5528
595 401 723 466 122
1720 400 2068 458 AGROECH

592 503 849 552 anun

770 588 1184 668 Temperantia
1232 595 1323 647 est
1371 590 1721 670 animorum,
1766 590 2118 669 temperatio
2166 606 2388 670 rerum,
2434 591 2756 669 temperies
2800 606 3097 651 aurarum.

767 693 993 755 Passim
1040 692 1260 772 aliquid
1307 694 1560 754 inveniri
1604 693 1678 755 de
1726 713 1791 756 re
1839 694 2134 775 corporali
2190 703 2352 757 recte
2400 695 2676 778 dicimus,
2734 696 2953 757 affatim
2999 695 3072 756 de
3133 713 3199 755 re

592 801 967 882 incorporali.
1039 799 1184 861 illud
1232 801 1389 860 euim
1437 799 1509 861 de
1557 803 1816 883 incessu,
1858 801 1973 863 hoc
2019 801 2092 863 de
2139 803 2354 864 affectu
2402 803 2626 864 dictum
2673 810 2782 864 est.

766 907 964 989 Lepus
1010 907 1223 969 animal
1269 916 1379 988 est,
1423 908 1590 990 lepos
1636 908 1972 970 iucunditas
2019 909 2354 992 voluptatis,
2401 908 2558 970 uude
2605 918 2666 971 et
2702 918 2937 990 gratum
2976 910 3197 991 aliquid

594 1015 853 1095 lepidum
900 1015 1155 1077 dicimus
1202 1013 1396 1095 [lepos
1443 1013 1709 1095 eloquii].
3229 1036 3256 1077 s

766 1122 1108 1203 Recipimus
1154 1121 1371 1202 aliquid
1418 1121 1808 1182 deserendum
1854 1125 2062 1204 rogati,
2107 1125 2466 1203 suscipimus
2513 1130 2717 1185 nostra
2764 1130 2991 1203 sponte.

768 1228 1099 1309 Aspicimus
1120 1246 1378 1311 sursum,
1406 1231 1805 1309 conspicimus
1822 1230 2029 1312 palam,
2061 1232 2414 1310 respicimus
2431 1237 2615 1312 retro,
2644 1231 2992 1311 inspicimus
3015 1231 3194 1291 intuS.

765 1336 1081 1398 Praeterea
1120 1338 1405 1416 temporis
1441 1338 1767 1417 praeteriti,
1806 1336 2121 1398 Sallustius
2150 1332 2562 1416 ‘numquam
2600 1335 2959 1416 Hispanos
2994 1355 3199 1416 prae-

592 1453 793 1506 terea
841 1444 988 1506 tale
1037 1445 1320 1506 lacinus
1368 1444 1633 1503 secisse
1683 1434 1996 1525 [audivi]'‚
2044 1446 2329 1524 temporis
2376 1444 2562 1506 futuri

907 1559 1291 1632 praeterea
1338 1557 1457 1611 aut
1503 1548 1806 1630 supplex
1854 1553 2001 1611 aris
2050 1554 2369 1629 imponet
2413 1554 2772 1613 honorem.
3225 1576 3278 1614 ιο

768 1659 855 1720 Eo
912 1658 1158 1720 verbum
1214 1659 1439 1738 primae
1495 1674 1784 1737 personae
1842 1657 1982 1719 facit
2027 1676 2099 1719 eo
2145 1660 2197 1718 is
2244 1661 2305 1721 it.
2394 1658 2506 1719 eho
2553 1652 2898 1721 adverbium
2944 1661 3199 1721 interro-

596 1768 788 1847 gantis
845 1772 963 1846 est,
1017 1771 1085 1825 ut
1141 1759 1303 1825 ‘eho
1358 1762 1704 1823 Parmeno
1761 1758 2009 1825 nosti'.
2100 1782 2171 1824 eo
2232 1766 2375 1825 item
2430 1764 2772 1827 adverbium
2829 1764 2972 1847 loci,
3026 1775 3094 1827 ut
3149 1769 3200 1828 si

591 1873 751 1934 dicas
799 1867 892 1932 eeo
940 1870 1216 1932 redactus
1262 1864 1436 1932 sum'.
1509 1869 1627 1930 heu
1674 1871 2011 1931 interiectio
2048 1870 2305 1932 dolentis
2341 1880 2451 1952 est,
2496 1891 2572 1934 eu
2609 1871 2930 1934 laudantis:
2975 1872 3198 1933 Teren-

592 1985 712 2043 tius
768 1976 889 2040 ‘eu
944 1972 1327 2038 Phormio’.
1420 1976 1570 2038 heus
1626 1976 1970 2037 adverbium
2027 1980 2320 2061 vocantiS‚
2378 1979 2496 2040 heu
2561 1979 2994 2060 respondentis.
3085 1980 3198 2041 eho

589 2096 682 2150 est
738 2086 1073 2148 interiectio
1128 2084 1389 2146 iubentis
1443 2084 1536 2145 vel
1591 2083 1912 2146 hortantis:
1975 2084 2294 2146 Terentius
2350 2080 2517 2147 ‘eho
2576 2104 2783 2168 puer,
2842 2105 3056 2149 curre
3117 2088 3198 2149 ad
3231 2111 3283 2152 15

587 2186 1063 2255 Bacchidem'.

768 2298 976 2360 Limen
1024 2298 1256 2360 aedium
1305 2306 1424 2380 est,
1469 2299 1639 2360 limes
1686 2301 2014 2379 regionum.

769 2405 1011 2467 Arundo
1041 2423 1226 2466 canna
1255 2413 1349 2467 est
1375 2406 1449 2467 ab
1478 2406 1748 2468 ariditate
1790 2407 1965 2489 dicta,
2010 2407 2281 2469 herundo
2329 2411 2451 2470 avis
2496 2426 2648 2487 quae
2685 2410 2866 2488 tignis
2902 2409 3198 2471 adhaeret.

770 2514 1007 2594 Spirare
1056 2515 1250 2574 vivere
1299 2521 1407 2595 est,
1454 2516 1755 2594 exspirare
1802 2517 1972 2576 mori.

768 2620 1101 2681 Pertinacia
1148 2619 1330 2681 malae
1378 2623 1467 2682 rei
1512 2624 1952 2701 perseverantia
2000 2623 2245 2707 dicitur,
2293 2625 2625 2685 constantia
2669 2622 2876 2685 bonae.
3225 2651 3282 2689 20

769 2726 1205 2808 Consequimur
1258 2725 1539 2810 pedibuS‚
1586 2726 1970 2809 adsequimur
2015 2730 2239 2814 studio,
2295 2730 2680 2811 obsequimur
2727 2730 2940 2805 officio,
2986 2736 3187 2811 perse·

592 2839 831 2917 quimur
877 2837 1110 2915 iniuria,
1157 2833 1579 2915 subsequimur
1624 2836 1852 2917 ordine,
1897 2841 2317 2919 prosequimur
2363 2847 2516 2899 voto.

764 2942 922 3004 Nihil
986 2941 1327 3003 adverbium
1392 2950 1511 3024 est,
1587 2942 1754 3004 nihili
1817 2962 2051 3006 nomen.
2152 2945 2327 3007 bomo
2402 2947 2561 3006 enim
2630 2944 2852 3007 nullius
2917 2949 3199 3008 momenti

591 3052 756 3113 nihili
803 3049 1038 3112 dicitur.

767 3157 969 3219 Genus
1015 3156 1285 3232 familiae,
1332 3166 1569 3237 gentem
1617 3158 1877 3237 regionis
1925 3164 2088 3217 recte
2136 3157 2405 3220 dicimus.
3226 3187 3279 3227 25

772 3364 799 3412 1
840 3355 1263 3427 Temperantia]
1311 3357 1376 3409 in
1419 3356 1646 3425 reliquis
1691 3357 1941 3411 lectiones
1986 3356 2187 3411 codicis
2225 3357 2294 3425 G,
2340 3358 2500 3413 cuius
2540 3360 2819 3429 scriptura
2863 3362 2927 3416 in
2962 3365 3201 3415 exbroena

584 3440 805 3508 paqim
834 3439 1048 3507 partim
1075 3437 1249 3492 deleta
1274 3441 1377 3503 est,
1404 3453 1517 3490 non
1545 3437 1854 3505 adscriptae
1879 3442 2010 3491 sunt
2153 3437 2464 3494 animorum
2494 3441 2581 3494 est
2603 3440 2659 3494 Β
2803 3447 2836 3495 2
2874 3439 3116 3495 inueniri
3143 3440 3198 3493 Β

587 3519 840 3575 inuenire
878 3518 955 3571 M
1092 3532 1151 3569 re
1180 3517 1480 3584 posteriore
1517 3517 1630 3570 loco
1666 3532 1765 3571 om.
1803 3516 1860 3570 Β
2003 3522 2034 3570 3
2074 3517 2180 3571 hoc
2217 3517 2286 3572 de
2323 3519 2531 3575 affectu
2567 3520 2782 3576 dictum
2820 3523 2943 3590 (om.
2982 3520 3088 3589 est)
3127 3520 3204 3573 M

586 3600 694 3654 hoc
730 3599 800 3654 de
838 3596 1044 3652 affectu
1079 3594 1291 3649 dietum
1330 3597 1416 3649 est
1452 3595 1544 3649 uel
1580 3595 1649 3650 de
1683 3595 1806 3650 fatu
1842 3595 1900 3649 Β
1936 3596 2042 3651 hoc
2079 3595 2149 3651 de
2185 3597 2360 3652 affatu
2398 3599 2612 3655 dictum
2649 3615 2684 3659 ς
2827 3606 2859 3654 5
2897 3599 3056 3670 lepos
3082 3599 3198 3654 elo-

590 3679 711 3749 quii
746 3695 847 3734 om.
884 3678 959 3744 B,
996 3675 1122 3730 aad.
1163 3674 1240 3727 M
1380 3681 1412 3730 6
1458 3675 1804 3748 suscepimus
1840 3678 1896 3731 Β
2043 3684 2073 3732 7
2111 3678 2354 3749 sursum]
2405 3679 2736 3749 suspicimus
2772 3680 2827 3734 Β
2972 3686 3006 3735 8
3041 3696 3199 3733 num-

591 3758 730 3829 quid
768 3757 1033 3828 hispanos
1063 3756 1140 3811 M
1162 3773 1467 3825 numquam
1494 3757 1710 3828 hispan'
1736 3759 1819 3813 B:
1858 3759 2084 3816 Sallust.
2118 3759 2279 3814 Cata.
2309 3766 2399 3827 19,
2428 3765 2464 3816 5
2606 3766 2639 3814 9
2676 3759 2874 3815 fecisse
2905 3758 3097 3814 audiui
3127 3759 3202 3813 M

585 3839 786 3894 fecisse
823 3835 1061 3907 cognoui
1097 3835 1155 3889 Β
1300 3842 1367 3892 10
1402 3839 1715 3909 praeterea]
1767 3838 1922 3909 Very.
1960 3842 2099 3895 Aen.
2140 3841 2183 3893 I
2215 3845 2287 3894 49
2430 3841 2564 3911 aris]
2604 3839 2712 3895 eris
2746 3839 2804 3894 B
2946 3839 3201 3910 imponet

588 3921 855 3975 honorem
890 3932 990 3972 om.
1033 3915 1199 3984 ΜΒ,
1237 3915 1442 3971 lacuna
1475 3918 1539 3972 in
1579 3920 1655 3973 M
1685 3920 1893 3975 relicta.
1949 3922 2205 3976 videntur
2233 3925 2414 3974 autem
2439 3925 2729 3990 praeterea
2763 3920 3025 3975 eoecidisse
3060 3937 3199 3989 quae

586 4004 741 4072 apud
779 3997 1079 4068 Vergilium
1114 3997 1440 4051 antecedunt
1474 4001 1533 4053 et
1569 3999 1870 4069 quisquam
1905 4016 2111 4055 numen
2148 3999 2374 4054 Iunonis
2410 3999 2610 4055 adorat
2753 4006 2816 4053 11
2858 4000 2964 4054 eho
2999 3999 3197 4054 aduer-

588 4083 743 4137 binm
786 4110 858 4120 —
905 4075 1052 4133 nosti
1089 4080 1217 4146 post
1249 4082 1312 4130 13
1352 4077 1609 4133 redactus
1660 4098 1779 4134 sum
1828 4086 1878 4135 et
1922 4081 2032 4135 heu
2075 4078 2395 4134 interiectio
2430 4110 2503 4119 —
2547 4078 2935 4150 respondentis
2973 4085 3102 4148 post
3132 4086 3198 4133 16

587 4158 923 4216 Bacchidem
961 4158 1304 4227 transposuit
1341 4158 1634 4212 Putschius
1797 4166 1863 4213 12
1902 4161 1966 4213 ut
2001 4164 2128 4213 ante
2164 4160 2269 4213 eh'o
2306 4175 2405 4213 om.
2444 4158 2527 4212 B.-
2569 4159 2780 4214 Terent.
2819 4159 3077 4214 Eunuch.
3117 4160 3202 4213 II

587 4249 639 4311 3,
679 4248 753 4298 60
896 4237 1155 4309 parmino
1191 4237 1248 4291 B
1372 4240 1438 4292 ul:
1475 4244 1602 4294 ante
1638 4238 1686 4293 si
1724 4255 1825 4293 om.
1863 4239 1917 4292 B
2067 4245 2131 4293 13
2168 4238 2475 4310 laudantis]
2512 4238 2803 4295 laudantis
2838 4239 2894 4293 Β
3025 4245 3092 4293 14
3129 4255 3198 4294 eu

585 4322 786 4378 formio
823 4335 857 4379 ς
903 4335 974 4373 eu
1018 4334 1285 4388 parmeno
1326 4319 1401 4371 M
1443 4336 1513 4373 eu
1549 4317 1788 4374 fax-mino
1825 4320 1880 4373 Β
1928 4336 1996 4374 eu
2033 4319 2317 4376 Phormio,
2373 4319 2551 4374 idem:
2591 4336 2661 4374 eu
2696 4321 2885 4374 noster
2925 4320 3095 4376 laudo
3128 4336 3190 4390 p:

592 4405 803 4458 Terent.
845 4401 1066 4455 Phorm.
1106 4398 1231 4452 III
1264 4403 1316 4464 1,
1353 4403 1423 4453 14
1579 4417 1649 4455 eu
1684 4399 2074 4469 respondentis
2108 4400 2164 4454 Β
2322 4415 2388 4454 eo
2426 4402 2512 4455 est
2546 4398 2861 4455 interiectio
2904 4400 2977 4454 M
3009 4417 3076 4455 eo
3113 4403 3201 4455 est

587 4486 646 4538 et
680 4480 995 4537 interiectio
1031 4481 1086 4533 Β
1250 4486 1316 4535 15
1355 4496 1422 4535 eo
1459 4497 1598 4551 puer
1637 4481 1713 4534 M
1718 4480 1801 4533 B:
1846 4479 2055 4536 Terent.
2094 4480 2294 4551 Heeyr.
2336 4481 2504 4534 IIII
2536 4485 2590 4547 4,
2624 4485 2701 4536 97
2869 4487 2933 4536 18
2973 4480 3197 4534 Arundo

587 4582 768 4619 canna
804 4563 892 4617 est
935 4560 1007 4615 ab
1044 4559 1310 4616 ariditate
1346 4559 1500 4614 dicta
1545 4557 1822 4630 (harundo
1868 4560 2042 4615 telum
2083 4576 2114 4615 e
2153 4576 2333 4615 canna
2369 4561 2494 4615 add.
2536 4564 2621 4630 p).
2669 4560 2909 4616 hirundo
2956 4559 3078 4615 auis
3115 4564 3200 4614 est

588 4660 732 4712 quae
768 4640 943 4712 tignis
981 4640 1265 4695 adhaeret.
1321 4638 1520 4694 hirudo
1559 4638 1903 4710 sanguisuga
1940 4639 2147 4694 dicitur
2184 4653 2264 4709 sp
2479 4640 2731 4695 harundo
2776 4640 2898 4695 auis
2946 4657 3087 4709 quae
3128 4641 3203 4694 M

585 4722 826 4777 hirundo
872 4719 995 4775 auis
1041 4722 1129 4775 est
1174 4735 1318 4788 quae
1364 4719 1419 4773 Β
1597 4725 1661 4773 19
1709 4718 1964 4788 expirare
2010 4719 2153 4774 mori
2198 4734 2232 4777 ς
2277 4719 2560 4790 exspirare
2604 4719 2782 4775 emori
2827 4721 2904 4775 M
2945 4719 3197 4790 expirare

587 4800 764 4855 emori
797 4801 852 4853 Β
980 4804 1050 4852 20
1085 4797 1405 4853 Pertinacia
1440 4799 1593 4853 mala
1624 4800 1708 4855 rei
1743 4797 1894 4854 actio
1922 4797 2347 4854 Perseuerantia
2382 4798 2587 4854 dicitur
2614 4800 2934 4856 constantia
2968 4799 3116 4854 bona
3141 4799 3197 4853 Β

591 4887 657 4936 21
699 4878 1060 4948 obsequimur
1099 4908 1164 4918 —
1202 4879 1335 4933 voto
1372 4895 1474 4936 om.
1509 4878 1566 4933 Β
1710 4885 1778 4934 22
1817 4879 2229 4952 prosequimur]
2269 4879 2627 4950 adsequimur
2664 4882 2741 4936 M
