3613 5528
1390 420 1487 477 DE
1527 420 2111 478 ORTHOGRAPHJA
2919 419 3047 484 271

443 533 485 570 p.
514 522 633 563 sves.
660 523 716 562 84
743 520 792 562 Ρ.

618 607 902 669 Dominor
948 609 1037 668 tui
1083 615 1146 668 et
1189 607 1463 670 dominor
1511 605 1635 668 tibi.

616 713 894 793 Dogmata
940 732 1178 795 graece,
1223 713 1404 775 latine
1449 714 1707 775 decreta.
1783 714 2113 793 dogmatizo
2161 713 2419 774 decerno
2465 713 2587 774 sive
2634 731 2867 775 censeo.

617 819 766 881 Dum
813 822 1156 883 coniunctio
1201 819 1516 901 aliquando
1563 819 1945 881 indicativum
1991 818 2239 881 verbum
2287 818 2495 881 trahit:
2556 818 2879 900 Gregorius
2926 816 3044 882 ‘ne

434 928 766 1008 scientia,
810 927 974 988 dum
1010 930 1209 989 novit
1254 935 1325 989 et
1359 946 1494 989 non
1535 926 1811 1010 diligit,
1855 926 2099 1008 inflet,
2146 935 2248 1008 ut,
2294 926 2452 990 dum
2491 929 2821 990 intuetur
2858 930 3042 1009 quod

379 1032 555 1094 silla
600 1033 986 1114 aliquando
1034 1053 1170 1096 non
1216 1015 1497 1115 ha'buit,
1544 1041 1902 1114 temperet
1947 1032 2295 1116 dolorem,
2341 1034 2526 1113 quod
2575 1031 2863 1097 amisit'.

608 1140 790 1203 Doleo
834 1146 1025 1206 vicem
1071 1144 1161 1204 tui
1207 1150 1268 1204 et
1314 1150 1476 1204 tuam
1524 1151 1584 1203 et
1629 1140 1800 1203 doleo
1848 1140 1982 1203 tibi:
2035 1140 2360 1221 Gregorius
2402 1159 2553 1221 papa
2599 1141 2673 1202 de
2718 1142 3040 1205 Benedicto

429 1257 596 1327 patre
660 1243 847 1310 ‘cum
911 1258 1461 1330 persecutorem
1527 1268 1732 1311 suum
1798 1255 2097 1330 amaret,
2162 1250 2385 1328 magis
2449 1248 2560 1309 illi
2627 1268 2831 1328 quam
2899 1249 3039 1310 sibi

431 1350 716 1417 doluit’.
2306 1369 2309 1370 ’

605 1461 757 1524 Dum
822 1465 1163 1525 coniunctio
1229 1461 1540 1544 aliquando
1603 1463 1845 1525 modum
1900 1462 2371 1542 coniunctium,
2421 1455 2430 1544 Ι
2479 1461 2793 1543 aliquando
2860 1464 3040 1526 trahit

355 1591 406 1630 ιο
433 1568 842 1652 indicativum,
890 1579 958 1632 ut
1003 1564 1195 1631 ‘dum
1241 1573 1663 1631 anxiaretur
1709 1587 1834 1630 cor
1890 1563 2148 1630 meum'
2195 1576 2257 1628 et
2303 1562 2495 1629 ‘dum
2541 1569 2815 1633 dicitur
2869 1571 3037 1633 mihi

428 1675 698 1738 cotidie
746 1676 906 1738 «ubi
951 1685 1063 1740 est
1108 1677 1283 1739 deus
1327 1671 1604 1738 tuus?»’
1650 1684 1712 1739 et
1757 1674 1966 1737 beatus
2010 1694 2158 1755 papa
2206 1674 2530 1754 Gregorius
2576 1671 2819 1740 ‘amici
2866 1696 3033 1759 ergo

428 1781 620 1844 beati
664 1782 818 1859 lob,
863 1784 1022 1846 dum
1067 1786 1624 1865 percussionum
1668 1801 1937 1862 genera
1978 1781 2433 1862 distinguere
2473 1787 2838 1869 nesciunt,
2881 1806 3041 1867 per-

431 1908 720 1952 cussum
773 1909 907 1971 pro
965 1892 1181 1972 culpa
1235 1884 1765 1953 crediderunt'.
1848 1891 1991 1951 item
2038 1888 2393 1969 aliquotiens
2439 1890 2579 1952 dum
2628 1900 2695 1953 ut
2739 1894 3047 1976 significat,

435 2004 502 2059 ut
547 2004 722 2076 poeta
770 1989 995 2078 (bucol.
1042 1996 1102 2072 9,
1147 1990 1265 2079 23)

357 2125 405 2165 is
752 2103 1027 2185 Tityre,
1072 2103 1231 2165 dum
1277 2103 1522 2185 redeo,
1568 2103 1813 2166 brevis
1859 2111 1969 2164 est
2014 2105 2150 2187 via,
2195 2122 2408 2184 pasce
2452 2105 2788 2185 capellas,

615 2207 976 2288 Desperatus
1012 2219 1122 2291 p‘er
1159 2231 1192 2272 e
1230 2210 1632 2293 scribendum,
1669 2211 1980 2292 dispersus
2015 2229 2125 2291 per
2154 2212 2190 2273 i.
2254 2210 2495 2274 discedo
2533 2231 2642 2292 per
2676 2214 2714 2294 i,
2751 2214 3047 2276 descendo

439 2334 549 2395 per
595 2335 646 2377 e.

612 2422 868 2486 Diastole
913 2442 1154 2508 graece,
1198 2425 1379 2487 latine
1424 2426 1826 2488 interdictum.
1901 2434 1993 2487 est
2029 2434 2227 2487 autem
2268 2434 2409 2488 nota
2446 2425 2517 2488 ad
2564 2426 2776 2506 pedem
2815 2426 3047 2489 litterae

437 2532 658 2613 posita,
704 2549 854 2610 quae
897 2531 1051 2593 male
1098 2534 1416 2595 coniuncta
1463 2541 1726 2615 separet,
1771 2551 1848 2594 ne
1894 2550 2047 2612 puer
2093 2531 2297 2612 legens
2340 2540 2532 2615 erret,
2577 2542 2646 2595 ut

356 2659 411 2698 so
759 2636 988 2699 libera
1032 2657 1160 2719 per
1207 2640 1480 2701 vitreos
1527 2641 1748 2701 movit
1792 2640 2101 2717 vestigia
2146 2656 2447 2720 campos,

616 2744 839 2808 Domus
893 2745 1210 2809 ablativum
1265 2766 1470 2810 casum
1525 2746 1844 2829 dupliciter
1900 2747 2099 2829 ess'ert,
2153 2754 2215 2809 et
2258 2749 2322 2809 in
2367 2767 2403 2809 o
2452 2746 2724 2809 videlicet
2779 2755 2839 2810 et
2882 2749 2944 2809 in
2995 2766 3050 2809 u.

440 2852 545 2913 sed
592 2871 626 2913 a
671 2853 846 2915 domo
892 2857 1202 2934 genetivus
1245 2854 1494 2935 pluralis
1537 2858 1606 2919 fit
1650 2854 1992 2934 domorum,
2036 2873 2070 2915 a
2117 2854 2297 2916 domu
2344 2854 2645 2917 domuum.

617 2958 778 3040 Egeo
823 2963 1018 3023 victus
1064 2971 1126 3023 et
1179 2963 1402 3024 victum
1448 2969 1510 3023 et
1563 2963 1739 3024 victu.
1816 2963 2004 3041 eripio
2060 2961 2328 3023 flammae
2388 2961 2704 3023 hominem.
2779 2962 3054 3042 egredior

439 3065 617 3127 domo
666 3076 729 3128 et
772 3069 1025 3130 civitate.

362 3193 416 3233 25
619 3173 807 3236 Error
835 3183 928 3236 est
963 3176 1053 3236 rei
1083 3177 1319 3257 vitium,
1355 3184 1425 3236 ut
1459 3193 1625 3237 amor
1653 3175 1852 3257 dolor3
1890 3176 2109 3236 erratio
2138 3182 2336 3236 certae
2366 3176 2521 3256 viae3
2558 3176 2811 3235 erratrix
2849 3193 3052 3255 perso·

443 3297 578 3340 nam
628 3284 901 3366 respicit,
946 3291 1014 3345 ut
1059 3286 1354 3365 venatri13
1400 3285 1654 3345 erratica
1697 3282 1946 3365 hedera,
1992 3283 2146 3344 vitis.

619 3386 973 3467 Eloquentia
1019 3397 1080 3450 et
1124 3388 1398 3469 eligantia
1445 3388 1765 3469 singularia
1813 3406 2067 3468 semper.

619 3493 877 3557 Exuviae
915 3498 1198 3576 exequiae
1236 3495 1552 3579 excubiae,
1596 3515 1748 3577 quae
1793 3514 2005 3577 graece
2043 3490 2544 3577 ν’ωιτοφυλᾶκια
2582 3497 2882 3579 dicuntur,
2920 3506 3051 3558 exta

443 3618 682 3680 quoque
730 3610 959 3664 tantum
1004 3603 1268 3683 pluralia.

357 3728 418 3769 eo
620 3705 902 3789 Emporia
947 3711 1231 3773 feminino
1277 3730 1497 3793 genere
1545 3720 1605 3773 et
1650 3719 1742 3772 est
1785 3729 2096 3792 graecum,
2139 3709 2319 3771 latine
2366 3719 2682 3772 mercatus

623 3814 1103 3880 Emolumentum
1158 3837 1269 3899 per
1315 3837 1348 3879 e
1397 3815 1725 3898 simplicem
1772 3816 2183 3898 scribendum,
2238 3816 2551 3878 aemulatio
2606 3836 2715 3896 per
2761 3836 2830 3879 ae
2887 3818 3054 3899 diph-

445 3919 726 4000 thongon.

624 4025 795 4107 Equo
841 4030 1021 4092 sedeo
1080 4031 1273 4093 dativo
1321 4050 1464 4093 casu
1510 4039 1572 4092 et
1624 4029 1876 4091 ablativo
1924 4032 2052 4091 sine
2107 4033 2544 4112 praepositione
2601 4031 2944 4114 dicendum,
2998 4040 3059 4093 et

447 4133 669 4214 equum
717 4136 895 4199 sedeo
942 4141 1276 4201 accusativo
1324 4146 1386 4200 et
1430 4141 1492 4200 in
1538 4155 1693 4217 equo
1741 4144 1802 4198 et
1848 4155 2030 4217 super
2076 4156 2296 4218 equum
2343 4138 2629 4212 similiter.

627 4331 660 4379 3
696 4326 970 4384 nescienti
1005 4328 1063 4382 P
1196 4333 1232 4382 4
1267 4325 1429 4384 inflet
1461 4328 1600 4383 item
1637 4328 1772 4382 dum
1809 4327 1906 4385 Ls
2049 4325 2301 4382 intuetur
2334 4327 2437 4382 ills.
2470 4342 2615 4397 quae
2641 4326 2944 4395 aliquando
2984 4326 3061 4381 M

313 4451 334 4485 3
557 4410 591 4480 β
628 4406 880 4463 dolorem
916 4407 986 4463 de
1022 4408 1127 4463 illa
1162 4424 1307 4479 quae
1343 4408 1533 4465 amisit
1569 4409 1645 4462 M
1786 4413 1817 4462 ’1
1858 4406 2052 4477 quam]
2090 4406 2189 4475 qui
2227 4406 2284 4460 P
2422 4412 2455 4460 9
2493 4407 2719 4462 modum
2754 4422 2854 4461 om.
2896 4405 2955 4459 P

337 4486 354 4521 ³
449 4501 521 4550 10
559 4495 878 4551 anxieretur
915 4497 992 4551 M
1112 4497 1341 4569 dicitur]
1382 4485 1505 4553 d—at'i
1543 4497 1602 4551 Ρ
1738 4503 1803 4551 11
1844 4497 1904 4551 et
1940 4495 2074 4549 dum
2110 4495 2306 4550 beatus
2342 4494 2399 4548 P
2515 4495 2674 4566 ergo]
2712 4496 2902 4549 autem
2938 4493 2994 4546 P

449 4581 519 4630 13
557 4574 691 4629 dnm
728 4578 829 4630 aut
864 4575 1144 4646 signifieat
1179 4578 1255 4632 M
1378 4586 1448 4635 16
1485 4577 1738 4648 discedo]
1775 4574 2014 4633 dicendo
2052 4574 2110 4629 P
2218 4582 2281 4630 18
2318 4573 2677 4630 interdictum
2714 4573 2971 4629 sorbeten
3006 4574 3063 4628 P

365 4646 380 4685 ·.
552 4660 620 4708 19
654 4654 897 4724 positam
937 4656 995 4711 P
1107 4663 1178 4713 20
1213 4657 1356 4715 liber
1392 4657 1616 4729 aperuit
1649 4672 1775 4711 reos
1816 4656 1890 4710 M
1923 4654 2067 4709 liber
2102 4669 2202 4723 per
2236 4654 2337 4709 uit.
2376 4669 2501 4709 reos
2541 4652 2597 4707 P
2710 4659 2779 4707 22
2818 4670 2855 4708 s.
2890 4654 3059 4723 domu

445 4734 744 4806 domuum]
783 4751 820 4789 s.
855 4736 1022 4792 domo
1058 4737 1280 4793 domnis
1318 4738 1377 4792 P
1481 4743 1549 4792 23
1587 4735 1800 4790 uictum
1838 4738 1900 4789 et
1933 4732 2113 4804 uictu]
2151 4731 2332 4788 uictui
2360 4733 2417 4786 P
2515 4738 2584 4788 25
2621 4736 2774 4788 certa
2808 4733 2905 4789 uia.
2941 4734 2997 4789 P

321 4858 336 4871 .
445 4823 522 4871 26
551 4814 760 4870 hedera
785 4813 920 4869 uitis
944 4815 1001 4868 P
1023 4816 1231 4872 hedera
1257 4816 1392 4872 uieii
1410 4816 1541 4871 ML
1647 4820 1716 4871 2¹2
1748 4830 1968 4883 semper
1993 4812 2240 4883 Empors.
2259 4843 2324 4854 —
2355 4830 2456 4884 per
2483 4830 2514 4868 e
2540 4812 2854 4883 simplicem
2879 4815 3060 4872 scribe

444 4893 704 4950 Exunise
734 4926 791 4935 —
812 4897 1034 4950 tantum
1052 4896 1297 4965 pluralis.
1314 4895 1632 4952 Aemulatio
1655 4896 1712 4948 P
1817 4901 1887 4947 28
1907 4892 2163 4962 exiquiae
2185 4893 2263 4946 M
2358 4901 2426 4950 34
2445 4894 2503 4948 in
2522 4894 2694 4965 equo]
2714 4894 2773 4949 in
2791 4912 2994 4964 equum
3010 4895 3068 4948 P
