3613 5528
1265 379 1612 435 EXEMPLA
1650 377 2183 437 ELOCVTIONVM
2891 376 3017 440 511

425 491 470 528 p.
499 483 577 524 aes
611 483 662 524 L.

604 567 759 629 Salio
794 586 904 648 per
933 567 1087 627 illam
1120 584 1271 647 rem,
1312 564 1477 643 Verg.
1507 584 1666 645 geor.
1695 565 1746 625 11
1778 565 1965 638 (384)
2006 572 2256 625 unctos
2295 564 2557 625 saliere
2595 582 2719 644 per
2758 571 2975 625 utres,
3009 555 3017 646 Ι

603 674 865 735 Securus
910 673 1088 735 huius
1124 677 1243 753 rei,
1291 671 1459 750 Verg.
1500 674 1637 732 Aen.
1678 671 1778 731 Vll
1817 672 2011 745 (304)
2049 673 2291 732 securi
2336 671 2568 752 pelagi
2614 680 2823 750 atque
2870 671 3020 730 mei.

603 783 810 844 Siccus
855 780 964 841 hac
1008 799 1103 862 re,
1151 778 1316 859 Verg.
1356 779 1499 840 Aen.
1535 778 1663 839 Vlll
1702 778 1886 854 (261)
1926 786 1996 840 et
2040 780 2311 840 siccum
2358 779 2704 858 sanguine
2751 786 3019 858 gultur.

602 888 783 950 Sacer
830 887 941 950 deo
987 887 1098 969 illi,
1145 886 1312 966 Verg.
1359 886 1501 948 Aen.
1549 881 1657 946 XII
1703 886 1902 961 (766)

369 1009 396 1049 ⁵
892 996 1079 1056 sorte
1126 1012 1332 1055 sacer
1377 992 1613 1054 Fauno
1661 993 1861 1054 soliis
1906 992 2223 1054 oleaster
2268 995 2541 1053 amaris,

601 1104 825 1184 Sparge
881 1101 1053 1184 illud,
1105 1099 1277 1180 Verg.
1332 1098 1465 1161 buc.
1522 1101 1729 1176 (8‚30)
1796 1118 2077 1181 sparge,
2142 1101 2419 1182 marite,
2484 1118 2703 1161 nuces
2749 1146 2762 1160 .
2809 1119 3019 1180 sparge

421 1209 504 1271 illi
549 1209 720 1292 illud,
767 1209 884 1271 Cic.
930 1228 1040 1289 pro
1086 1207 1359 1270 Cluentio
1406 1208 1658 1283 (26‚71)
1705 1216 1977 1287 guttam
2022 1209 2340 1287 aspargit
2387 1207 2549 1270 huic
2596 1207 2829 1269 bulbo.

599 1315 804 1378 Sentio
868 1316 941 1378 de
1008 1324 1066 1377 te
1131 1315 1311 1398 bona,
1374 1314 1492 1376 Cic.
1547 1318 1610 1376 in
1665 1314 1830 1376 Catil.
1884 1311 1964 1375 111
2020 1315 2180 1392 (2,5)
2249 1316 2368 1394 qui
2433 1310 2686 1375 omnia
2727 1314 2810 1376 de
2876 1333 3016 1396 rep.

420 1424 793 1505 praeclara
838 1433 1049 1503 atque
1096 1425 1387 1503 egregia
1433 1424 1816 1484 sentirent.

344 1546 393 1585 ιο
598 1531 811 1593 Sancio
867 1538 1175 1610 peccatum
1241 1528 1561 1610 supplicio,
1624 1528 1742 1590 Cic.
1797 1547 1908 1609 pro
1966 1528 2122 1608 Sylla
2176 1531 2261 1606 (p.
2318 1532 2528 1591 Plane.
2586 1530 2808 1606 19,47)
2874 1529 3016 1591 noli

421 1638 952 1699 observantiam
1017 1639 1303 1698 sancire
1370 1654 1595 1718 poena
1651 1684 1665 1696 .
1721 1637 1893 1696 sanxi
1957 1638 2183 1696 crimen
2249 1637 2452 1720 exilio,
2517 1638 2635 1698 Cic.
2699 1654 2808 1717 pro
2865 1634 3018 1716 Sylla

421 1748 503 1823 (p.
560 1747 769 1807 Plane.
824 1745 1046 1820 34,83)
1111 1743 1392 1806 addidit
1455 1763 1559 1806 me
1623 1742 1900 1804 idcirco
1966 1761 2112 1804 mea
2176 1742 2329 1823 lege
2396 1744 2614 1805 exilio
2680 1743 3016 1804 ambitum

419 1855 746 1914 sanxisse
794 1901 807 1913 .

597 1958 803 2021 Statuo
849 1956 1015 2022 illum
1061 1961 1252 2039 capite
1298 1960 1360 2019 in
1406 1966 1656 2038 terram,
1702 1957 1837 2019 Ter.
1884 1957 2046 2019 Adel.
2095 1959 2240 2031 (III
2275 1958 2442 2034 2,18)

340 2082 391 2123 15
420 2065 1888 2146 sublimemmediumabriperemetcapite
1911 2067 3015 2144 primuminterramstatuerem.

596 2173 910 2254 Spectatur
973 2173 1046 2235 ab
1110 2182 1326 2254 aetate,
1390 2170 1560 2252 Verg.
1607 2171 1750 2235 Aen.
1808 2171 1962 2232 vl111
2017 2173 2203 2247 (235)
2269 2191 2441 2234 neve
2506 2170 2678 2232 haec
2744 2174 3017 2233 nostris

418 2289 845 2361 spectentur
891 2280 972 2342 ab
1018 2283 1239 2342 anniS.
2295 2286 2299 2290 ’

594 2388 815 2451 Sitiens
879 2389 1037 2450 illius
1101 2391 1217 2471 rei,
1281 2388 1398 2449 Cic.
1454 2405 1563 2467 pro
1620 2385 1778 2467 Sylla
1837 2390 1918 2464 (p.
1977 2389 2186 2449 Plane.
2243 2388 2414 2462 5,13)
2481 2389 2849 2449 sitientem
2913 2409 3015 2451 me

415 2498 713 2558 virtutis
758 2504 938 2557 tuae.

335 2619 388 2658 so
593 2602 718 2663 Sub
780 2604 1141 2682 praepositio
1206 2603 1525 2683 geminata,
1589 2600 1707 2662 Cic.
1767 2599 1841 2661 de
1896 2601 2146 2681 imperio
2179 2600 2446 2680 'Pompei
2507 2604 2600 2674 (in
2670 2603 2837 2663 Verr.
2897 2610 3014 2665 act.

414 2729 532 2773 seo.
583 2712 622 2772 I
657 2711 873 2786 21,55)
921 2709 1042 2773 sub
1088 2711 1468 2791 imperium
1515 2708 1577 2771 P.
1625 2708 1692 2770 R.
1741 2708 2247 2788 dicionemque
2294 2708 2686 2771 subiunxit.

592 2817 873 2879 Subsedit
926 2817 1084 2878 illam
1140 2836 1293 2899 rem,
1349 2816 1519 2897 Verg.
1576 2816 1714 2877 Aen.
1771 2815 1853 2877 XI
1909 2817 2096 2890 (268)
2153 2816 2503 2877 devictam
2562 2818 2791 2879 Asiam
2848 2818 3012 2879 sub-

415 2926 601 2987 sedit
664 2925 948 2987 adulter
1003 2973 1017 2986 .
1074 2923 1344 2987 subsedit
1395 2924 1504 2985 hac
1560 2943 1656 3004 re,
1724 2922 1881 2984 idem
1937 2922 2080 2983 Aen.
2138 2922 2184 2981 V
2240 2924 2426 2999 (498)
2482 2924 2827 3004 galeaque
2883 2927 3013 2986 ima

413 3031 743 3094 subsedit
787 3033 1086 3093 Acestes
1133 3080 1146 3093 .
1194 3031 1462 3093 subsedit
1507 3034 1565 3091 in
1614 3029 1714 3091 illo
1761 3030 1922 3112 loco,
1969 3029 2086 3091 Cic.
2135 3048 2243 3110 pro
2291 3030 2504 3091 Milone
2553 3031 2799 3107 (19,49)
2848 3031 3012 3093 sub-

333 3139 787 3201 assidendum
833 3139 1074 3219 aliquo
1123 3142 1195 3200 in
1244 3139 1400 3199 loco
1447 3137 1695 3198 Miloni
1741 3184 1754 3198 .

553 3363 770 3421 -σοαεω
805 3366 1100 3421 Parrhasii
1179 3371 1211 3419 2
1249 3363 1328 3419 rei
1367 3379 1468 3419 om.
1626 3362 1761 3433 mei]
1810 3349 1951 3417 mihi·
2119 3370 2151 3418 3
2190 3363 2344 3435 vm]
2384 3364 2407 3418 1
2580 3371 2611 3419 a
2650 3381 2851 3434 sparge
2900 3364 3011 3435 ini]

411 3463 609 3516 sparge
646 3444 746 3501 illo
863 3451 960 3519 ί10
998 3445 1197 3501 Saucio
1238 3476 1303 3485 —
1344 3450 1406 3498 11
1446 3459 1630 3513 poena
1670 3444 1770 3498 hoc
1816 3444 1930 3498 loco
1975 3444 2174 3499 omissa
2210 3449 2342 3513 post
2379 3449 2451 3499 17
2488 3446 2561 3500 ab
2610 3445 2768 3500 annis
2803 3446 3013 3515 scripta

407 3532 539 3581 sunt
684 3532 745 3579 11
788 3526 971 3597 sanxi]
1009 3527 1155 3581 sensi
1296 3522 1488 3594 exilio]
1528 3540 1595 3577 ex
1629 3522 1730 3577 illo
1760 3524 1952 3592 priore
1987 3524 2100 3579 loco
2247 3530 2312 3579 13
2351 3524 2620 3596 sanxisse]
2661 3525 2895 3580 sensisse

413 3612 479 3661 16
517 3606 813 3675 Spectatus
848 3606 1034 3674 priore
1069 3607 1182 3661 loco
1354 3609 1418 3659 1⁷
1457 3606 1781 3673 spectantur
1808 3605 2109 3672 posteriore
2145 3605 2258 3660 loco
2420 3611 2487 3659 23
2526 3605 2612 3677 re]
2651 3622 2739 3661 res
2775 3622 2913 3662 corr.
2950 3624 3010 3661 re

479 3685 814 3756 galeamque

585 3906 618 3954 6
655 3916 856 3971 sparge
892 3899 981 3956 illi
1015 3900 1156 3955 illud
1182 3900 1508 3956 Bondamus
1544 3901 1697 3969 apud
1724 3900 2051 3957 Houvenum
2071 3921 2132 3973 p.
2163 3910 2237 3961 42
2386 3908 2452 3955 10
2485 3900 2685 3956 Sancio
2715 3932 2780 3941 --
2810 3918 3010 3971 poena,

407 3996 545 4050 quae
580 3982 643 4035 in
679 3982 858 4037 codice
892 3981 1049 4049 infra
1077 3986 1143 4035 11
1175 3987 1303 4050 post
1340 3981 1688 4037 elocutionem
1724 3983 2010 4050 spectatur
2054 4016 2124 4024 —
2170 3984 2244 4039 ab
2282 3981 2441 4038 annis
2477 3983 2686 4051 scripta
2720 3987 2866 4051 sunt,
2904 3984 3010 4037 huc

405 4063 655 4116 revocavi
692 4104 705 4118 .
742 4062 939 4116 similis
975 4078 1126 4117 error
1162 4064 1274 4129 fait
1309 4080 1484 4132 supra
1519 4066 1683 4131 479,3
1729 4060 1992 4118 incumbo
2028 4063 2084 4119 in
2123 4063 2283 4121 illam
2318 4083 2436 4120 rem
2583 4068 2647 4116 12
2698 4061 2789 4116 hic
2837 4063 3008 4118 etiam

407 4141 675 4197 addidisti
713 4160 803 4197 me
839 4141 1048 4196 idcirco
1086 4159 1212 4197 mea
1247 4143 1372 4213 lege
1410 4141 1577 4198 exilio
1615 4141 1888 4198 ambitum
1927 4144 2173 4201 sanxisse
2212 4146 2414 4201 Cicero,
2474 4143 2627 4212 apud
2662 4143 3009 4199 ,drusianam

407 4222 564 4278 sanxi
609 4220 818 4276 crimen
864 4220 1031 4291 exilio
1076 4227 1126 4276 et
1175 4222 1423 4277 sanxisse
1466 4222 1812 4277 scribendum
1857 4239 1963 4278 esse
2009 4226 2297 4281 adnotavit
2337 4223 2678 4279 Garatonius
2717 4223 2828 4278 Cic.
2867 4230 3005 4279 orat.

403 4318 452 4356 v.
503 4302 638 4356 VII
661 4303 842 4371 praef.
873 4318 934 4370 p.
978 4301 1041 4354 X
1201 4305 1267 4355 15
1313 4300 1590 4356 sublimen
1639 4302 1840 4356 Maius
1883 4303 1948 4357 in
1993 4306 2226 4359 editione
2264 4303 2675 4360 Mediolanensi
2718 4320 2785 4357 ex
2829 4304 3009 4359 codice

404 4383 771 4438 Ambrosiano
931 4380 1231 4451 arriperem
1269 4382 1475 4437 codices
1517 4381 1759 4437 Terentii
1919 4389 1991 4437 20
2028 4384 2140 4440 Cic.
2181 4385 2250 4440 de
2285 4382 2524 4455 imperio
2562 4382 2817 4453 Pompei]
2856 4382 3004 4437 idem

405 4462 474 4517 de
521 4465 783 4533 praetura
827 4462 1041 4518 urbana
1087 4462 1161 4516 M
1207 4506 1218 4517 .
1265 4464 1330 4517 in
1383 4463 1629 4518 oratione
1682 4464 1747 4519 de
1800 4463 2028 4532 imperio
2074 4464 2173 4521 Gn,
2231 4464 2459 4533 Pompei
2511 4464 2612 4518 sub
2667 4463 3005 4532 praepositio

403 4543 690 4612 geminata
724 4559 838 4596 non
874 4542 1072 4611 leqitur
1109 4584 1121 4596 .
1158 4544 1252 4597 aed
1296 4544 1534 4611 exmplo
1579 4544 1724 4612 quod
1767 4543 2088 4599 Arusianus
2132 4562 2199 4600 eae
2244 4546 2490 4599 oratione
2534 4544 2596 4597 in
2645 4542 2862 4598 Verrem
2906 4544 3003 4598 ad·

402 4624 624 4693 scripsit
665 4623 864 4678 similis
908 4628 984 4677 est
1029 4622 1177 4677 locus
1230 4623 1294 4677 de
1338 4622 1468 4693 imp.
1517 4622 1616 4678 Gn.
1671 4623 1861 4693 Pomp.
1909 4629 2077 4692 12,35
2124 4626 2300 4679 totam
2349 4623 2422 4678 ad
2466 4622 2763 4693 imperium
2809 4623 3005 4693 populi

404 4702 640 4757 Romani
696 4702 949 4757 Ciliciam
1002 4702 1260 4758 adiunxit
1426 4708 1496 4757 24
1550 4702 1961 4758 subsedendum
2014 4721 2081 4758 ex
2121 4703 2173 4758 G
2210 4706 2382 4760 edidit
2416 4704 2836 4759 Lindemannus
2872 4745 2885 4758 .
2924 4702 3005 4758 sic

403 4782 625 4852 Miloni,
664 4799 792 4838 cum
826 4783 1120 4839 insidiator
1155 4788 1325 4851 esset,
1373 4784 1421 4838 si
1457 4783 1618 4837 illum
1655 4784 1727 4839 ad
1765 4783 1961 4838 urbem
1996 4788 2161 4840 nocte
2197 4801 2552 4840 accessurum
2589 4784 2829 4854 sciebat,
2876 4785 3003 4839 sub-

403 4862 694 4919 sidendum
732 4865 903 4933 atque
940 4864 1347 4934 expectandum
1382 4862 1492 4918 fuit
1527 4863 1733 4919 codices
1772 4861 2049 4919 Ciceronis
