3613 5528
1347 421 1444 477 DE
1484 422 2064 479 oRTHooRAPHIA
2880 420 3009 490 173

400 533 445 570 p.
471 522 578 563 2298
605 521 655 561 Px

577 604 679 667 Val
723 607 915 686 prima
962 603 1207 686 syllaba,
1252 607 1546 685 siquidem
1593 607 1613 667 l
1660 608 1842 669 suerit
1896 607 2091 668 littera
2148 616 2494 691 consecuta,
2548 627 2658 689 per
2699 627 2732 667 v
2790 604 3011 671 stu-ibe-

402 722 530 795 tur,
586 722 653 774 ut
705 710 870 773 vallis
918 720 979 773 et
1024 711 1267 774 vallum:
1323 732 1458 774 nam
1514 713 1741 775 ballena
1797 722 1861 774 et
1914 712 2176 774 ballistra
2232 732 2341 793 per
2387 713 2425 774 b
2483 714 2798 775 scribenda
2854 726 3010 776 sunt.

406 822 455 879 si
502 837 639 880 vero
677 818 697 878 l
745 837 863 879 non
903 825 1189 899 sequatur
1232 818 1455 902 littera,
1501 839 1611 900 per
1645 820 1684 880 b
1724 826 1948 881 mutam
1987 819 2336 902 signabitur,
2383 828 2450 882 ut
2493 821 2716 904 balvus,
2760 821 3012 901 balteuS,

402 924 634 1001 balbae,
680 925 739 986 id
777 933 871 987 est
914 927 1158 1006 ianuae3
1208 934 1447 1005 praeter
1498 926 1841 988 adverbium
1878 926 2074 1008 valde,
2121 946 2192 988 eo
2231 925 2387 1005 quod
2435 946 2544 1007 per
2579 927 3010 989 detractionem

342 1034 416 1092 si
470 1031 699 1093 litterae
755 1032 981 1094 dictum
1039 1051 1170 1094 esse
1227 1050 1347 1093 non
1402 1031 1649 1093 dubium
1704 1040 1815 1094 est.
1888 1033 2075 1094 valide
2132 1035 2292 1095 enim
2347 1035 2584 1113 integra
2632 1034 2814 1095 dictio
2871 1051 3011 1094 con-

398 1139 578 1219 sistit,
636 1148 705 1200 ut
758 1138 1047 1221 arbitror,
1105 1148 1166 1200 et
1224 1139 1337 1200 hoc
1394 1158 1646 1220 namque
1702 1142 1865 1200 venit
1919 1139 1992 1200 de
2047 1140 2313 1201 nomine:
2377 1140 2516 1200 facit
2572 1142 2729 1201 enim
2787 1139 3013 1201 validus
3070 1196 3083 1207 ,

397 1244 567 1306 validi
612 1245 819 1309 valido.
884 1265 1026 1327 ergo
1066 1247 1250 1308 valide
1290 1246 1631 1308 adverbium
1680 1247 1874 1309 facere
1922 1245 2192 1328 debebat,
2230 1245 2386 1307 unde
2427 1247 2477 1307 si
2514 1246 3010 1307 voluerimusdn-

398 1360 737 1433 corruptam
795 1356 1068 1416 emittere
1125 1354 1471 1436 dictionem,
1531 1356 1753 1434 primae
1813 1353 2166 1433 syllabarum
2223 1352 2525 1414 subiaceat
2583 1353 2842 1434 regulae.
2916 1354 3011 1415 vel

396 1457 637 1540 syllaba,
698 1460 990 1539 siquidem
1047 1460 1168 1522 sola
1224 1468 1594 1543 permaneat,
1650 1463 1766 1521 erit
1819 1463 2159 1522 coniunctio
2205 1460 2589 1544 disiunctiva,
2635 1480 2785 1541 quae
2832 1481 2942 1542 per
2978 1481 3011 1521 v

322 1582 370 1619 10
398 1566 762 1627 omnifariam
822 1566 1135 1629 scribetur.
1221 1569 1271 1626 si
1318 1585 1458 1627 vero
1506 1574 1683 1645 caput
1742 1567 1924 1628 fuerit
1981 1569 2263 1645 nominis,
2317 1566 2355 1627 b
2404 1575 2625 1628 mutam
2683 1567 2895 1629 babeat
2948 1571 3009 1630 in

397 1674 715 1754 scriptura,
779 1684 845 1735 ut
909 1673 1131 1736 bellum
1195 1672 1584 1734 bellissimum
1640 1679 1702 1733 et
1759 1672 2030 1754 bellaria3
2092 1682 2332 1753 praeter
2387 1672 2575 1734 vellus
2630 1674 3008 1736 discretionis

395 1781 595 1856 gratia.
672 1797 807 1840 nam
854 1782 905 1841 si
948 1799 1060 1860 per
1096 1800 1129 1840 v
1168 1781 1353 1843 vellus
1398 1780 1721 1862 scribatur,
1767 1799 1987 1860 genere
2025 1790 2242 1841 neutro
2281 1799 2348 1842 ac
2389 1780 2785 1842 declinatione
2834 1785 3008 1842 tertia

398 1901 563 1908 -——.

571 1956 598 2003 1
647 1951 668 2006 l
706 1951 900 2006 littera
934 1951 1105 2007 fuerit
1141 1955 1440 2008 consecuta
1472 1952 1529 2006 Β
1685 1957 1717 2005 2
1756 1951 1947 2023 vallis]
1984 1952 2166 2007 ualles
2202 1951 2383 2006 ABG
2521 1968 2652 2006 nam
2687 1952 2914 2007 ballena
2951 1955 3011 2007 et

395 2004 627 2110 balistra
659 2056 716 2110 Β
752 2075 885 2112 nam
922 2058 1183 2114 aballena
1217 2058 1454 2113 balistra
1493 2057 1541 2112 (J
1586 2045 1925 2113 natabalena
1967 2057 2175 2112 balista
2217 2057 2273 2111 A
2453 2064 2485 2112 3
2540 2058 2742 2113 balbus
2773 2058 3008 2114 balteus

394 2135 558 2190 balbe
598 2135 645 2189 G
689 2137 889 2193 balbus
925 2138 1148 2195 balteus
1185 2141 1389 2195 baluae
1425 2140 1479 2192 A
1529 2137 1750 2192 balteus
1785 2138 1987 2193 balbus
2021 2138 2262 2193 balbuae
2297 2138 2354 2192 Β
2497 2145 2530 2192 4
2568 2155 2634 2194 eo
2671 2155 2773 2193 om.
2808 2139 2865 2193 Β

396 2221 427 2268 5
466 2217 551 2270 est
585 2232 685 2271 om.
721 2216 778 2270 Β
923 2224 955 2273 6
992 2236 1232 2289 namque
1270 2218 1461 2274 euenit
1495 2217 1679 2274 ABG
1839 2225 1869 2273 ⁷
1908 2218 2039 2273 inde
2078 2217 2126 2272 si
2161 2215 2503 2273 uoluerimus
2538 2217 2915 2290 incorreptum
2950 2219 3007 2273 Β

1300 2382 2696 2390 —————-—————————————————
2711 2384 3006 2391 —-——--——--

1291 2503 1659 2559 MARTYRII
1697 2502 1796 2558 DE
1832 2502 1878 2557 B
1913 2502 2011 2557 ET
2048 2502 2099 2555 V

397 2677 521 2752 tur,
572 2680 641 2731 ut
697 2668 1198 2749 [Valentinianus]
1256 2671 1420 2731 vallis
1477 2679 1537 2731 et
1592 2670 1821 2732 vallum.
1907 2688 2042 2731 nam
2098 2669 2420 2731 ballaenam
2478 2678 2539 2732 et
2592 2669 2913 2732 ballistram
2974 2690 3005 2730 a

392 2797 601 2856 graeco
640 2797 915 2840 sermone
954 2778 1069 2838 dici
1108 2797 1235 2839 mea
1275 2780 1501 2860 putavit
1539 2780 1864 2857 sententia,
1909 2776 2061 2837 hanc
2097 2768 2274 2858 παρὰ
2321 2770 2398 2837 τὸ
2438 2768 2711 2856 βάλλειν
2761 2769 3006 2856 ἑαυτὴν

390 2876 499 2943 καὶ
537 2879 816 2963 ῥίπτειν,
843 2883 1002 2945 illam
1038 2875 1215 2966 παρὰ
1254 2878 1331 2945 τὸ
1371 2876 1647 2964 βάλλειν
1684 2877 1794 2944 καὶ
1835 2875 2282 2965 στρωννύναι,
2311 2878 2652 2945 τουτέστιν
2681 2874 3005 2963 ἀναιρεῖν.

391 2993 441 3050 si
494 3009 634 3051 vero
691 2991 836 3052 baec
892 3010 1009 3051 non
1070 2998 1356 3070 sequetur
1400 2990 1626 3070 littera,
1686 3008 1796 3070 per
1841 2989 1880 3049 b
1928 2998 2150 3051 mutam
2199 2988 2556 3071 signabitur,
2603 2998 2670 3050 ut
2715 2988 2919 3049 balvus
2967 2979 3002 3049 ὁ

340 3089 663 3175 ὅψελλός,
718 3095 950 3158 balteus
1006 3106 1066 3157 et
1121 3096 1324 3157 balbae
1390 3089 1632 3180 θύραι,
1701 3100 1814 3157 nisi
1880 3116 1910 3157 a
1969 3095 2258 3156 vestibulo
2316 3103 2377 3156 et
2432 3095 2564 3155 albo
2619 3113 2834 3155 nomen
2893 3094 3004 3154 hoc

389 3202 749 3264 arbitremur
785 3205 1204 3282 compositum:
1242 3213 1480 3282 praeter
1516 3201 1861 3264 adverbium
1902 3202 2084 3283 valde,
2122 3221 2194 3262 eo
2232 3201 2392 3280 quod
2428 3220 2536 3282 per
2575 3203 3002 3263 detractionem

388 3310 407 3368 i
452 3308 683 3369 litterae
731 3309 953 3371 dictum
992 3328 1123 3370 esse
1164 3328 1280 3370 non
1321 3309 1565 3371 dubium
1604 3319 1714 3371 est.
1788 3308 1973 3370 valide
2014 3310 2170 3369 enim
2218 3311 2446 3388 integra
2484 3307 2664 3369 dictio
2711 3310 3005 3390 consistit,

388 3425 454 3476 nt
509 3415 794 3497 arbitror,
849 3425 910 3477 et
963 3416 1075 3476 hoc
1132 3434 1385 3496 namque
1442 3418 1602 3477 venit
1665 3416 1739 3476 de
1797 3418 2062 3477 nomine:
2129 3415 2268 3475 facit
2334 3417 2492 3474 enim
2549 3414 2774 3474 validus
2830 3413 3002 3475 validi

387 3520 593 3582 valido.
680 3540 822 3602 ergo
874 3521 1062 3583 valide
1120 3522 1464 3584 adverbium
1524 3524 1717 3584 facere
1766 3522 2046 3604 debebat,
2092 3520 2250 3583 unde
2299 3523 2350 3582 si
2397 3520 2759 3610 voluerimus
2805 3524 3000 3583 incor-

312 3647 362 3684 ιο
390 3638 627 3708 ruptam
655 3631 929 3690 emittere
966 3628 1308 3709 dictionem,
1336 3630 1560 3707 primae
1598 3628 1952 3708 syllabarum
1993 3627 2296 3689 subiaceat
2332 3627 2587 3707 regulae.
2635 3628 2728 3689 vel
2766 3627 3001 3710 syllaba,

388 3735 681 3813 siquidem
720 3734 843 3795 sola
879 3744 1249 3816 permaneat,
1296 3738 1411 3796 erit
1449 3737 1788 3796 coniunctio
1828 3734 2209 3816 disiunctiva,
2256 3752 2404 3814 quae
2449 3752 2556 3813 per
2595 3754 2627 3794 v
2665 3734 3001 3814 digammon

386 3842 756 3903 omnifariam
804 3842 1116 3904 scribetur.
1200 3844 1250 3902 si
1304 3860 1445 3902 vero
1493 3849 1671 3920 caput
1726 3841 1909 3901 fuerit
1954 3842 2236 3914 nominiS‚
2296 3838 2333 3899 b
2379 3847 2602 3901 mutam
2656 3839 2894 3901 habebit
2940 3843 3001 3901 in

387 3950 712 4030 scriptura,
758 3957 826 4010 ut
871 3947 1091 4012 bellum
1136 3947 1526 4009 bellissimum
1565 3955 1625 4008 et
1670 3945 1913 4006 bellaria
1957 3939 2038 4005 τὰ
2078 3938 2493 4029 τραγήματατ
2539 3955 2778 4026 praeter
2815 3946 3002 4008 vellus

386 4053 764 4116 discretionis
802 4057 1006 4133 gratia.
1070 4073 1207 4117 nam
1245 4057 1295 4117 si
1330 4073 1441 4135 per
1467 4057 1510 4113 *v
1560 4055 1893 4132 digammon
1933 4053 2231 4115 scribatur
2278 4052 2489 4135 veIIuS,
2528 4072 2746 4133 genere
2785 4063 3001 4116 neutro

310 4176 359 4216 ιι
385 4179 454 4222 ac
514 4161 908 4223 declinatione
964 4163 1138 4223 tertia
1198 4170 1607 4242 nuncupetur,
1665 4169 1731 4221 ut
1783 4159 1988 4221 villum
2044 4161 2363 4240 significet:
2422 4160 2535 4220 boc
2592 4159 2778 4221 vellus
2843 4163 3000 4221 enim

384 4267 562 4330 buius
618 4268 855 4330 velleris
908 4267 1144 4331 dicitur.
1217 4271 1268 4330 si
1323 4275 1521 4330 autem
1574 4286 1685 4347 per
1730 4265 1768 4327 b
1816 4275 2042 4328 mutam
2087 4275 2357 4350 notetur,
2401 4285 2620 4347 genere
2670 4266 2997 4328 masculino

385 4393 452 4438 ae
500 4375 892 4437 declinatione
931 4376 1192 4437 secunda
1235 4373 1656 4456 declinabitur,
1702 4382 1769 4435 ut
1816 4375 2031 4435 scitum
2069 4373 2408 4436 denuntiet:
2454 4373 2551 4434 hic
2598 4375 2756 4434 enim
2803 4372 2995 4434 bellus

778 4509 815 4517 ς

436 4581 459 4606 ⁸·
566 4571 592 4620 1
632 4564 897 4620 ballaena
932 4567 993 4620 et
1024 4564 1337 4632 ballistram
1374 4564 1442 4618 N
1614 4569 1646 4617 2
1695 4557 1933 4634 ἑαυτήν]
1981 4561 2226 4633 αιᾶὕιήν
2262 4564 2331 4617 Ν
2501 4570 2536 4618 4
2582 4561 2700 4618 sive
2749 4563 2853 4618 hee
2888 4581 3000 4619 nou

389 4646 713 4714 sequeretur
747 4644 940 4701 littera
974 4646 1042 4699 N
1175 4646 1397 4716 balvus]
1436 4639 1631 4700 balbus
1666 4644 1734 4697 N
1870 4650 1902 4698 5
1941 4644 2219 4699 uertibnlo
2254 4644 2322 4699 N
2460 4650 2492 4698 6
2530 4642 2833 4697 arbitretur
2869 4644 2936 4697 N

389 4733 423 4780 8
472 4730 532 4781 et
572 4726 684 4781 hoo
729 4742 831 4782 om.
866 4724 946 4792 N,
982 4725 1109 4781 aad.
1144 4726 1200 4779 P
1340 4732 1408 4780 10
1454 4724 1796 4795 syllabarum
1843 4723 2131 4778 subiaceat
2169 4722 2225 4775 P
2264 4722 2513 4791 syllabae
2549 4722 2833 4778 subiectae
2867 4723 2936 4778 N

393 4813 453 4860 11
494 4806 825 4876 premaneat
858 4805 927 4860 N
952 4805 1264 4875 permansit
1302 4806 1358 4859 P
1516 4810 1582 4858 12
1620 4802 1854 4858 habebit
1892 4801 1949 4855 P
1981 4803 2190 4858 habeat
2222 4801 2286 4856 N
2444 4808 2512 4857 14
2548 4819 2680 4857 nam
2719 4834 2784 4844 -
2829 4804 3002 4860 tertia

387 4886 586 4942 om.P
730 4885 1100 4958 lbac]aN
1238 4885 1692 4940 1‘1aePetN
