3613 5528
1510 394 1898 490 excessu
2821 431 2824 436 ·
2881 431 3009 496 337

404 547 448 585 p.
477 536 539 578 ιτ.
569 535 620 576 1s
646 536 708 577 u.
2995 526 3001 532 ’

404 639 579 700 quem
625 619 699 681 de
754 621 962 682 metris
1018 621 1285 701 scripsit,
1341 614 1728 681 ‘hexameter’
1785 621 1980 700 inquit
2038 614 2312 700 ‘versus',
2370 627 2578 680 contra
2633 636 2812 697 quem
2866 620 3010 679 item

404 726 645 789 Caesius
688 726 940 809 BassuS,
998 728 1087 787 vir
1141 725 1353 788 doctus
1399 735 1576 806 atque
1625 725 1923 806 erudituS,
1976 728 2038 786 in
2093 725 2246 787 libro
2302 724 2376 786 de
2436 727 2642 788 metris
2700 720 3013 786 ‘iambicus

404 829 733 895 trimetrus'
789 835 871 895 ait
916 882 930 896 .
977 832 1320 894 hexameter
1375 851 1516 913 ergo
1572 835 1695 894 sive
1753 831 2136 894 hexametrus
2193 842 2339 911 quot
2391 830 2645 911 pedibus
2700 828 3013 892 caeditur?

404 941 546 1022 Sex,
619 940 848 1021 dactylo
914 949 974 1002 et
1037 939 1301 1020 spondeo
1364 942 1597 1001 circum
1658 958 1723 1000 se
1786 939 1998 1019 positis
2070 945 2174 999 aut
2245 938 2471 999 alterna
2552 939 3010 1018 interpositione

348 1063 376 1103 5
402 1050 656 1109 variatis,

577 1153 920 1216 Hexametri
967 1171 1175 1214 versus
1219 1169 1437 1232 genera
1486 1159 1633 1232 quot
1687 1148 1876 1213 sunt?
1946 1149 2102 1210 Tria.
2176 1150 2338 1222 Quae
2395 1150 2580 1214 sunt?
2650 1127 3007 1214 Hexameter

402 1259 749 1343 dactylicuS,
815 1263 1170 1323 hexameter
1226 1263 1570 1337 dactylicus
1632 1258 1937 1339 heroicuS,
2001 1257 2344 1320 hexameter
2407 1258 2724 1341 iambicus,
2788 1261 2889 1339 qui
2952 1267 3014 1320 et

402 1368 698 1448 senariuS,
745 1370 850 1447 qui
894 1376 1125 1429 constat
1171 1385 1242 1428 ex
1292 1365 1661 1448 simplicibus
1707 1385 1839 1447 sex,
1892 1365 2170 1445 idemque
2218 1383 2291 1426 ex
2338 1365 2674 1446 duplicibus
2722 1369 3013 1448 trimeter,

403 1473 556 1545 Quid
603 1492 775 1555 ergo,
821 1476 871 1535 si
916 1492 1125 1535 versus
1171 1473 1513 1535 hexameter
1561 1492 1661 1534 sex
1701 1472 1983 1553 spondeis
2021 1474 2384 1554 constiterit,
2429 1475 2651 1553 poterit
2687 1472 3012 1553 dactylicus

323 1598 374 1638 ιο
402 1577 563 1644 dici?
634 1579 768 1641 Erit
803 1580 1044 1660 quidem
1081 1598 1291 1642 versus
1329 1580 1712 1661 spondiazon,
1759 1578 1864 1639 sed
1903 1586 2161 1639 metrum
2199 1578 2579 1663 dactylicum,
2626 1582 2844 1660 quippe
2883 1582 3013 1640 eius

402 1688 563 1749 modi
608 1689 958 1768 compositio
1007 1706 1125 1749 non
1174 1689 1289 1748 nisi
1335 1690 1397 1748 in
1456 1685 1810 1767 dactylicum
1871 1694 2130 1747 metrum
2188 1685 2361 1748 cadit.
2434 1686 2549 1758 Qui
2605 1695 2746 1749 sunt
2803 1705 3013 1748 versus

403 1797 729 1858 hexametri
775 1790 1093 1875 dactylici?
1167 1794 1283 1866 Qui
1330 1802 1561 1856 tantum
1608 1812 1710 1855 sex
1756 1792 2009 1874 pedibus
2056 1792 2361 1873 dactylicis
2418 1801 2719 1876 constant,
2774 1803 3013 1874 praeter

401 1902 553 1964 bella
609 1910 670 1964 et
724 1903 879 1964 facta
934 1900 1184 1963 heroum
1242 1901 1548 1981 quodlibet
1602 1899 1762 1962 aliud
1820 1903 2222 1982 continenteS,
2286 1909 2354 1962 ut
2417 1909 2560 1981 puta
2623 1901 2806 1963 veluti
2872 1910 3015 1963 sunt

403 2008 670 2070 bucolica
716 2016 777 2070 et
821 2010 1096 2088 georgica
1144 2017 1461 2087 ceteraque
1509 2007 1687 2069 huius
1735 2007 1912 2068 modi.
1990 2006 2107 2078 Qui
2159 2015 2304 2068 sunt
2358 2007 2686 2070 hexametri
2740 2007 3014 2087 dactylici

327 2133 377 2173 15
403 2112 676 2177 heroici?
748 2114 865 2186 Qui
919 2114 1070 2176 bella
1126 2123 1188 2176 et
1241 2112 1491 2176 heroum
1548 2132 1646 2175 res
1703 2123 1901 2193 gestas
1948 2112 2456 2197 complectuntur,
2511 2124 2577 2175 ut
2629 2124 2771 2195 puta
2830 2113 3016 2175 veluti

405 2233 496 2285 est
548 2223 682 2284 Ilias
737 2222 981 2284 Homeri
1038 2221 1127 2282 vel
1183 2221 1410 2302 Virgilii
1456 2222 1765 2283 Aeneidos
1842 2220 1957 2292 Qui
2013 2230 2107 2281 est
2160 2239 2267 2301 pes
2327 2218 2617 2301 quintus?
2688 2221 2851 2283 Idem
2909 2224 3013 2302 qui

405 2329 686 2410 dactylus,
751 2328 948 2402 Quare
987 2326 1275 2410 quintus?
1335 2329 1484 2400 Quia
1524 2347 1761 2409 semper
1798 2331 1861 2389 in
1899 2347 2075 2390 versu
2116 2330 2381 2408 exceptis
2417 2327 2548 2389 aliis
2583 2327 2749 2410 locis,
2795 2327 3014 2408 quibus

405 2439 561 2498 varie
597 2439 868 2519 ponitur,
907 2438 1171 2516 quintam
1211 2439 1515 2516 regionem
1551 2437 1794 2516 proprie
1833 2434 2103 2516 obtinet,
2132 2437 2450 2515 minusque
2488 2436 2640 2498 lenis
2677 2444 2769 2497 est
2803 2454 3013 2497 versus

405 2547 507 2624 qui
563 2547 771 2624 quinto
827 2544 958 2605 loco
1014 2542 1345 2624 spondeum
1399 2544 1585 2622 magis
1646 2560 1822 2621 quam
1880 2540 2176 2621 dactylum
2234 2541 2535 2625 habuerit,
2590 2553 2651 2606 et
2705 2541 3013 2604 vocabitur

327 2667 381 2707 20
405 2650 759 2731 spondiazon
771 2656 797 2732 ,‘
826 2649 1008 2712 veluti
1054 2657 1145 2711 est
1189 2648 1314 2729 ille,

828 2766 959 2820 aut
1002 2757 1200 2820 leves
1245 2775 1500 2819 ocreas
1548 2755 1746 2817 lento
1793 2754 2072 2817 ducunt
2117 2768 2436 2836 argento.

406 2874 465 2928 et
517 2865 651 2928 ideo
708 2884 818 2927 nec
874 2868 941 2927 in
991 2866 1108 2926 fine
1164 2864 1431 2945 dactylus
1487 2862 1667 2925 debet
1720 2866 1890 2944 poni,
1944 2866 2101 2924 sicut
2157 2882 2273 2925 nec
2328 2864 2628 2945 spondeus
2682 2867 2744 2927 in
2803 2868 3011 2949 quinto

403 2972 533 3034 loco
563 3020 577 3034 .
606 2971 906 3052 spondeus
931 2966 937 3055 1
961 2981 1158 3034 autem
1196 2992 1229 3033 a
1267 2969 1619 3052 quibusdam
1655 2973 1812 3032 imus
1849 2989 1956 3050 pes
1994 2973 2470 3052 cognominatur3
2508 2972 2666 3052 quod
2705 2974 3009 3051 regionem

407 3089 628 3141 sextam
675 3097 911 3159 semper
958 3078 1222 3141 obtineat
1268 3097 1380 3140 nec
1426 3095 1708 3157 umquam
1754 3077 2020 3158 dactylus
2065 3081 2127 3139 in
2174 3080 2291 3139 tine
2336 3087 2608 3159 ponatur.

327 3202 379 3242 ιο
583 3185 699 3256 Qui
744 3184 957 3246 modus
1005 3196 1097 3247 est
1142 3184 1498 3267 syllabarum
1543 3187 1605 3244 in
1642 3201 1819 3244 versu
1859 3183 2201 3245 hexametro
2238 3182 2525 3265 dactylico
2563 3186 2686 3246 sive
2723 3183 3010 3248 heroico?

406 3328 455 3335 .-

582 3390 615 3439 3
651 3385 977 3440 hexameter
1014 3401 1148 3455 ergo
1177 3413 1244 3424 —
1274 3390 1305 3438 5
1345 3382 1577 3438 variatis
1614 3382 1884 3437 Iulianus
1910 3383 1977 3437 de
2001 3383 2216 3439 ratione
2241 3388 2532 3439 tumorum
2554 3401 2613 3453 p.
2646 3389 2714 3439 51
2745 3385 2823 3439 ed.
2853 3383 3010 3439 Rom.

585 3552 613 3600 1
654 3560 820 3615 quem
857 3544 925 3599 de
963 3543 1159 3599 metris
1196 3543 1418 3613 scripsit
1453 3544 1734 3618 exameter
1769 3541 1968 3611 inquid
2003 3558 2199 3598 uersus
2228 3546 2425 3600 contra
2451 3561 2616 3615 quem
2644 3545 2729 3600 ita
2757 3544 2936 3600 cesius
2955 3546 3012 3599 Β

404 3643 569 3694 quem
597 3626 667 3680 de
704 3625 899 3680 metris
936 3616 1127 3679 exam’t‘
1158 3623 1355 3693 inquid
1391 3624 1587 3678 contra
1623 3638 1791 3691 quem
1835 3621 1974 3677 item
2011 3622 2190 3679 cesius
2231 3625 2308 3678 M
2445 3632 2477 3680 3
2519 3619 2744 3682 examet
2776 3642 2910 3695 ergo
2941 3626 3018 3680 M

406 3708 687 3761 exametre
723 3722 858 3776 ergo
893 3704 950 3758 Β
1093 3710 1128 3758 4
1165 3720 1263 3759 sex
1299 3703 1523 3772 dactylo
1561 3704 1621 3758 et
1655 3702 1892 3773 spondio
1922 3703 2130 3759 circum
2158 3721 2217 3759 se
2243 3705 2443 3774 positis
2472 3708 2571 3762 aut
2599 3706 2817 3762 alterna
2843 3705 3011 3761 inter-

404 3784 679 3855 positione
708 3784 947 3841 uariacis
979 3785 1056 3838 M
1087 3783 1146 3839 Si
1184 3801 1254 3839 ex
1287 3782 1497 3838 dactilo
1533 3781 1863 3838 uariaetatis
1897 3782 1955 3837 Β
2100 3790 2131 3838 6
2170 3784 2275 3840 Int.
2307 3802 2450 3855 quae
2478 3789 2610 3841 sunt
2635 3787 2700 3840 R.
2732 3788 3014 3841 exameter

341 3920 349 3933 ,
405 3868 639 3936 (ametor
664 3869 752 3936 M)
789 3863 1082 3920 dactilicus
1119 3863 1334 3919 eroicus
1362 3862 1504 3916 ΒΜ
1535 3862 1688 3929 Quae
1725 3864 1890 3917 sunt?
1956 3862 2059 3917 Est
2083 3863 2408 3920 hexameter
2435 3867 2743 3937 dactylicus
2769 3870 3011 3935 tantum,

407 3948 489 4002 est
539 3947 867 4001 hexameter
918 3943 1230 4013 dactylicus
1282 3944 1486 3998 herous
1551 3943 1605 3996 V
1664 3943 1855 4010 Quae?
1912 3943 2234 3999 hexameter
2289 3945 2625 4017 dactylicus,
2689 3948 3013 4002 hexameter

403 4027 659 4083 heroicus
695 4027 1014 4082 Aldhelmus
1133 4032 1166 4081 8
1203 4025 1455 4081 senui-ius
1486 4025 1562 4079 M
1679 4041 1776 4079 sex
1813 4023 2072 4092 idemque
2110 4041 2177 4078 ex
2205 4023 2521 4095 duplicibus
2550 4043 2651 4082 om.
2679 4027 2753 4094 B,
2782 4028 2909 4081 add.
2940 4027 3016 4080 M

414 4114 470 4161 ,9
500 4106 649 4176 quod
677 4123 813 4177 ergo
843 4105 918 4161 M
1026 4111 1091 4159 12
1129 4104 1339 4176 sex]·si
1375 4121 1442 4159 ex
1468 4105 1525 4158 Β
1636 4110 1702 4158 14
1740 4103 1860 4159 eius
1887 4102 2040 4157 modi
2065 4103 2122 4157 Β
2232 4108 2364 4159 sunt
2399 4122 2499 4161 om.
2532 4106 2689 4172 ΒΜ,
2727 4107 2853 4161 add.
2897 4106 3012 4160 Vet

404 4190 723 4245 Aldhelmus
866 4190 934 4241 15
973 4184 1151 4240 ueluti
1187 4188 1273 4240 est
1299 4184 1426 4241 ilias
1458 4185 1533 4239 M
1557 4184 1738 4239 ueluti
1765 4185 1897 4238 sunt
1923 4181 2090 4237 hilias
2116 4184 2173 4237 Β
2322 4190 2386 4238 16
2416 4184 2515 4253 qui
2542 4187 2630 4240 est
2655 4202 2752 4255 pes
2783 4185 3011 4255 quintus

402 4268 551 4323 idem
590 4268 687 4337 qui
723 4264 1020 4321 dactilicns
1057 4280 1229 4333 quare
1266 4262 1494 4332 quintus
1531 4268 1620 4320 est
1657 4281 1724 4321 eo
1761 4261 1912 4333 quod
1948 4279 2167 4333 semper
2202 4265 2369 4319 coda
2417 4263 2716 4331 Victorini,
2754 4265 2887 4331 Quis
2926 4268 3014 4322 est

404 4364 505 4417 pes
540 4346 768 4415 quintus
785 4352 810 4401 ἰ’
848 4345 1103 4415 dactylus
1142 4388 1155 4400 .
1196 4361 1369 4413 quare
1407 4345 1637 4414 quintus
1675 4344 1902 4415 dactylo
1940 4343 2231 4412 conpetit?
2268 4343 2403 4413 quia
2429 4362 2648 4415 semper
2676 4347 3011 4402 Aldhelmus.

406 4427 511 4494 Qui
556 4428 645 4482 est
689 4443 788 4496 pes
837 4424 1105 4495 quintus?
1150 4424 1377 4493 quintus
1423 4425 1651 4494 quidem
1700 4439 1798 4494 pes
1846 4439 2065 4493 semper
2110 4425 2368 4495 dactylus
2414 4467 2427 4481 .
2484 4432 2690 4497 quare?
2741 4442 2807 4481 eo
2861 4425 3014 4494 quod

406 4522 623 4576 semper
658 4506 808 4561 edidi
843 4505 1000 4576 apud
1037 4505 1382 4560 Victorinum
1419 4549 1432 4563 .
1469 4507 1564 4561 sed
1597 4505 1990 4576 qrammaticus
2025 4506 2305 4577 dactylum
2340 4506 2488 4561 dixit
2523 4507 2774 4575 quintum
2806 4506 3013 4575 pedem,

396 4591 687 4657 propterea
703 4586 850 4655 quod
874 4586 927 4640 is
951 4585 1016 4639 in
1040 4585 1349 4641 hexametro
1372 4602 1533 4641 versu
1558 4588 1813 4656 quintum
1839 4586 2016 4639 locum
2042 4586 2303 4641 obtineret
2443 4585 2593 4640 idem
2623 4586 2745 4657 qui]
2783 4586 3010 4654 quidem

406 4665 503 4736 qui
535 4666 592 4719 Β
608 4665 680 4719 M
823 4671 888 4721 1‘1
927 4665 987 4719 in
1032 4681 1227 4721 uersus
1274 4666 1523 4736 exceptis
1570 4666 1696 4722 aliis
1739 4665 1880 4722 locis
1915 4667 1972 4720 Β
2016 4664 2077 4720 in
2121 4682 2287 4720 uersu
2333 4665 2580 4735 exceptis
2625 4666 2724 4720 alii
2759 4666 2898 4721 locis
2939 4668 3016 4722 M

477 4750 544 4800 18
571 4744 714 4801 lenis
740 4744 817 4799 M
844 4743 989 4799 leuis
1014 4745 1071 4799 Β
1179 4751 1244 4801 21
1285 4746 1387 4801 aut
1418 4746 1595 4817 leves]
1636 4746 1791 4816 Vei-9.
1822 4746 1962 4801 Aen.
2004 4744 2140 4800 VII
2163 4749 2274 4801 634
2381 4746 2597 4801 ducunt
2619 4746 2675 4800 B
2706 4745 2910 4801 ducent
2939 4748 3016 4801 M

475 4831 545 4881 28
584 4842 619 4880 a
653 4841 754 4881 om.
790 4825 873 4894 B,
911 4825 1041 4881 add.
1081 4826 1158 4881 M
1297 4830 1365 4881 25
1411 4826 1471 4881 in
1513 4841 1678 4882 uerso
1722 4828 2007 4880 exameta-o
2048 4823 2312 4880 dactilico
2350 4824 2470 4880 siue
2507 4825 2733 4882 heroico
2767 4826 2838 4894 Β,
2860 4826 3010 4882 inter

404 4921 626 4962 uersum
661 4907 944 4961 emmetro
983 4904 1262 4975 dactylico
1299 4904 1417 4960 siue
1455 4907 1736 4961 exameta-o
1777 4905 1854 4959 M

3050 1166 3198 1217 sos‚15

3051 3198 3198 3250 21o,1s
