3613 5528
587 380 678 445 40
1462 386 1467 393 ‘
1664 381 1864 436 VELII
1901 374 2128 437 LONGI

592 568 746 630 fecta
793 585 1000 628 eorum
1048 565 1336 627 librorum
1384 567 1590 627 notitia
1638 565 1708 626 ad
1756 584 1852 627 me
1898 569 2197 649 pervenit,
2254 574 2373 628 tam
2421 568 2731 628 manifesto
2780 579 3200 654 apparuerunt,

592 684 662 736 ut
718 673 917 736 nullus
977 672 1331 735 dubitationi
1398 672 1566 735 locus
1626 673 1873 735 relictus
1933 681 2108 735 esset.
2199 691 2333 734 nam
2400 672 2539 734 olim
2604 683 2842 753 praeter
2900 675 3198 739 Parrhasii

592 781 810 843 librum
869 780 1180 841 Vrsiniano
1247 798 1485 860 quoque
1545 779 1800 860 aliquam
1855 783 2271 841 auctoritatem
2327 780 2679 863 tribueram,
2743 801 2919 861 quam
2979 783 3198 845 nullam

594 908 729 950 esse
763 897 1022 970 apparet,
1066 895 1378 968 postquam
1420 905 1556 947 eum
1595 905 1666 947 ex
1704 887 1804 947 illo
1843 887 2207 967 descriptum
2246 906 2379 948 esse
2417 887 2783 951 intellectum
2820 898 2929 951 est.
3005 909 3199 970 neque

591 999 874 1057 maiorem
930 995 1107 1056 fldem
1164 993 1381 1055 habere
1440 1002 1585 1073 puto
1644 1001 1768 1055 tres
1824 993 2086 1076 codiceS,
2152 1013 2302 1073 quos
2356 1002 2595 1074 praeter
2652 995 2784 1057 illos
2850 997 2922 1057 de
2984 998 3201 1077 quibus

591 1103 711 1164 dixi
766 1120 1083 1183 superesse
1139 1103 1302 1184 novi,
1356 1100 1804 1181 Neapolitanum
1852 1099 2104 1161 alterum
2151 1099 2289 1161 bibl.
2336 1098 2457 1179 reg.
2504 1100 2577 1159 1v
2623 1102 2670 1160 Α
2723 1099 2822 1184 12,
2870 1101 3200 1164 Ambrosia·

593 1228 738 1270 num
784 1209 831 1269 D
878 1206 1008 1271 498
1056 1209 1188 1290 int,
1249 1208 1722 1290 Bruxellensem,
1783 1226 2138 1288 quamquam
2200 1227 2270 1268 ex
2332 1208 2425 1268 his
2487 1227 2673 1268 unum
2734 1208 3201 1293 Neapolitanum,

593 1334 771 1395 quem
817 1313 1135 1377 Iannellius
1180 1314 1215 1376 l.
1265 1334 1314 1375 c.
1361 1313 1705 1395 descripsit,
1762 1314 1938 1394 paulo
1999 1315 2337 1374 accuratius
2384 1317 2647 1394 cognovi.
2722 1318 2851 1377 eius
2897 1319 3054 1377 enim
3101 1317 3202 1378 ali·

594 1440 771 1502 quam
825 1431 1055 1502 partem
1111 1439 1248 1482 cum
1303 1420 1570 1483 Putschii
1625 1420 1884 1481 editione
1942 1419 2272 1481 Stenderus
2330 1421 2680 1483 contulerat.
2759 1425 2820 1482 in
2867 1422 2976 1483 hac
3023 1398 3203 1503 igitur

590 1538 760 1610 parte
815 1528 1035 1590 librum
1090 1548 1225 1590 cum
1283 1527 1468 1588 altero
1524 1527 1623 1588 illo
1678 1529 1761 1588 ita
1819 1529 2290 1588 consentientem
2346 1529 2571 1609 inveni,
2639 1537 2706 1590 ut
2759 1547 2880 1589 non
2937 1529 3203 1592 dubitem

595 1639 738 1716 quin
786 1654 857 1698 ex
904 1633 1017 1696 hoc
1063 1636 1399 1715 descriptus
1446 1637 1540 1696 sit.
1615 1643 1885 1695 ceterum
1933 1634 2315 1714 neglegenter
2354 1616 2613 1715 scriptus
2651 1644 2712 1697 et
2747 1636 3020 1715 plurimis
3057 1637 3204 1700 locis

593 1752 798 1824 postea
845 1751 1153 1805 correctus
1190 1761 1322 1803 esse
1361 1743 1595 1804 dicitur.
1670 1742 1785 1803 fuit
1821 1750 2020 1803 autem
2058 1744 2184 1821 ipse
2223 1736 2480 1823 quoque,
2526 1744 2682 1803 sicut
2717 1744 2768 1804 is
2808 1762 2985 1823 quem
3024 1763 3203 1824 supra
3267 1726 3274 1731 ’

607 1849 748 1932 dixi,
802 1848 1126 1932 Parrhasii,
1183 1849 1341 1930 quod
1378 1849 1619 1909 ‘indicat
1676 1848 1885 1910 similis
1932 1848 2296 1928 subscriptio
2343 1851 2405 1909 in
2459 1849 2575 1909 fine
2630 1849 2878 1932 codicis,
2936 1845 3206 1913 ‘Antonii

597 1955 909 2037 Seripandi
956 1975 1028 2018 ex
1074 1957 1197 2017 Iani
1243 1955 1542 2017 Parrhasii
1600 1951 1997 2017 testamento’.
2082 1954 2453 2016 Ambrosiani
2499 1956 2721 2018 codicis
2766 1957 3022 2018 indicem
3069 1957 3203 2020 dedi

595 2082 839 2144 gramm.
886 2062 982 2125 lat.
1028 2082 1079 2125 v,
1128 2062 1202 2123 vt
1247 2082 1303 2143 p.
1352 2061 1499 2126 248.
1576 2062 2023 2124 Bruxellensem
2079 2065 2140 2124 in
2197 2062 2460 2142 catalogo
2516 2061 2904 2124 bibliothecae
2961 2064 3202 2127 Bruxel-

598 2171 780 2232 lensis
838 2163 1186 2253 (Catalogue
1244 2168 1350 2231 des
1405 2172 1762 2231 manuscrits
1818 2169 1890 2229 de
1947 2167 2001 2229 la
2061 2168 2467 2249 bibliotheque
2522 2169 2595 2230 de
2645 2165 3036 2255 Bourgogne)
3084 2192 3133 2232 v.
3180 2173 3205 2232 1

597 2298 655 2359 p.
717 2273 844 2339 168
904 2274 1228 2337 indicatum
1289 2279 1486 2337 inveni
1549 2279 1660 2357 ita,
1721 2270 1812 2336 ειι.
1870 2272 2043 2337 8366
2099 2273 2299 2336 Velius
2359 2274 2597 2356 Longus
2657 2275 2731 2338 de
2791 2278 3257 2359 orthographia·

596 2384 1013 2446 Necessarium
1060 2380 1317 2443 arbitror
1364 2391 1476 2443 etc.
1523 2400 1677 2444 saec.
1727 2376 1851 2443 17⁹.

777 2489 1001 2550 Eodem
1047 2507 1266 2569 genere
1313 2487 1587 2549 codicum
1631 2490 1726 2549 usi
1774 2498 1916 2549 sunt
1961 2490 2071 2549 viri
2117 2488 2302 2572 docti,
2359 2492 2463 2569 qui
2509 2488 2695 2569 Longi
2741 2490 2988 2574 librum,
3046 2503 3208 2555 ante-

601 2618 775 2680 quam
841 2599 995 2677 typis
1068 2614 1389 2676 expressus
1454 2604 1612 2677 erat,
1687 2598 1751 2657 in
1817 2596 2300 2676 quaestionibus'
2330 2599 2728 2678 grammaticis
2794 2596 3208 2661 adhibuerunt.

603 2727 636 2771 e
693 2703 911 2787 quibus
964 2705 1158 2785 primo
1213 2702 1344 2763 loco
1400 2702 1795 2764 nominandus
1851 2711 1942 2767 est
1990 2704 2238 2764 loannes
2283 2703 2518 2766 Pierius
2564 2702 2932 2787 Valerianus,
2988 2709 3091 2787 qui
3150 2709 3208 2768 in

602 2811 1088 2892 castigationibus
1134 2813 1196 2872 in
1234 2810 1542 2891 Virgilium
1579 2810 1799 2872 Romae
1839 2829 1887 2871 a.
1932 2809 2097 2873 1521
2139 2813 2398 2891 primum
2437 2810 2612 2872 editis
2650 2814 2992 2891 saepissime
3029 2814 3209 2875 huius

603 2920 970 3003 grammatici
1015 2919 1376 2979 mentionem
1424 2918 1595 2999 fecit,
1656 2917 1880 2999 codice,
1936 2902 2014 2978 ut‘
2057 2916 2308 3000 videtur,
2366 2936 2511 2979 usus
2556 2917 2871 2980 Parrhasii.
2965 2919 3037 2981 ab
3097 2920 3209 2981 hoc

602 3029 761 3090 enim
807 3025 1059 3087 aliorum
1103 3026 1623 3104 grammaticorum
1659 3023 1844 3102 libros
1882 3042 2021 3085 eum
2059 3026 2359 3104 accepisse
2398 3027 2636 3087 scimus.
2710 3027 2923 3088 deinde
2961 3028 3211 3088 loannes

602 3135 865 3215 Baptista
910 3133 1054 3194 Pius
1100 3131 1492 3192 Bononiensis
1539 3132 1600 3191 in
1657 3132 2101 3191 annotationum
2158 3134 2558 3210 posteriorum
2605 3135 2794 3212 capite
2842 3132 2916 3192 1v
2962 3128 3210 3215 (Gruter

605 3225 778 3323 lamp.
816 3260 866 3303 v.
896 3239 932 3304 ,Ι
969 3258 1024 3319 p.
1065 3233 1225 3322 396)
1263 3237 1336 3297 de
1374 3255 1550 3298 versu
1579 3236 1847 3297 Terentii
1883 3236 2120 3297 Phorm.
2157 3235 2204 3293 V
2248 3235 2302 3317 l,
2346 3233 2426 3298 15
2463 3237 2770 3317 disputans
2808 3238 2983 3300 verba
3021 3238 3212 3300 Verrii

606 3348 793 3427 Longi
849 3339 1015 3429 (nam
1070 3338 1376 3427 ita‚dicit)
1429 3363 1484 3423 p.
1534 3341 1708 3405 2213
1766 3348 1995 3405 inventi
2053 3351 2194 3405 sunt
2250 3352 2448 3406 tamen
2495 3364 2649 3426 sqq.,
2711 3346 2813 3406 sed
2876 3345 3091 3408 additis
3148 3349 3211 3407 in

606 3456 722 3516 fine
770 3450 1005 3514 duobus
1050 3449 1322 3511 versibus
1359 3449 1553 3511 Plauti
1599 3449 1969 3531 interpolata,
2015 3452 2231 3511 citavit.
2307 3451 2379 3511 de
2427 3450 2630 3513 codice
2669 3461 2865 3515 autem
2906 3472 3023 3533 quo
3062 3471 3209 3514 usus

601 3569 695 3622 est
740 3558 950 3621 scribit
993 3556 1158 3638 baec,
1205 3551 1502 3616 ‘Verrium
1549 3555 1708 3617 hunc
1756 3559 2195 3618 exactissimum
2242 3556 2704 3620 Grammaticum
2751 3562 3018 3640 ignotum
3066 3563 3209 3641 scio,

608 3687 719 3731 nec
790 3664 1063 3726 manibus
1121 3663 1507 3743 profanorum
1572 3666 1701 3724 teri.
1792 3664 1857 3724 In
1915 3664 2108 3725 lucem
2166 3683 2198 3724 e
2258 3664 2540 3745 pulvereo
2603 3664 2848 3727 latibulo
2909 3674 3210 3727 extractus

602 3772 834 3854 pridem
894 3790 925 3831 a
982 3771 1108 3830 viro
1166 3768 1563 3829 literatissimo
1621 3767 1874 3849 Georgio
1921 3769 2172 3851 Merula,
2228 3774 2330 3850 qui
2376 3771 2688 3831 Mediolani
2736 3771 2952 3832 docuit.
3029 3770 3209 3850 Copia

603 3880 796 3940 Verrii
834 3877 1014 3939 huius
1051 3875 1310 3937 Merulae
1348 3877 1595 3955 contigit
1633 3894 1704 3936 ex
1742 3875 1980 3959 libraria
2018 3875 2295 3938 Bobiensi
2334 3876 2776 3939 characteribus
2804 3875 3210 3957 Longobardis

605 3989 791 4048 ferme
839 3982 1316 4046 exolescentibus
1361 3985 1423 4044 in
1469 3985 1826 4063 scripturam
1872 3982 2196 4045 Romanam
2244 3986 2592 4045 reformatis.
2668 3983 2752 4044 Ad
2800 4003 2895 4045 me
2942 3987 3102 4046 venit
3148 3984 3205 4045 id

605 4090 958 4172 opusculum
1015 4107 1262 4151 munere
1308 4089 1468 4151 Alex.
1515 4088 1812 4151 Gabuardi
1856 4090 2195 4151 Parmensis
2250 4090 2537 4152 auditoris
2587 4093 2728 4173 mei,
2785 4110 2921 4152 cum
2977 4090 3213 4170 publice

607 4199 880 4260 Mantuae
927 4197 1223 4278 docerem,
1268 4198 1506 4258 iuuenis
1552 4199 1920 4276 antiquitatis
1967 4193 2424 4258 studiosissimi'.
2501 4197 2756 4278 denique
2803 4197 3036 4260 Marcus
3073 4198 3213 4258 Ver-

607 4307 836 4367 tranius
881 4303 1122 4365 Maurus
1168 4304 1228 4364 in
1276 4306 1432 4365 notis
1477 4305 1538 4365 in
1586 4303 1719 4364 Tac.
1768 4322 1901 4364 ann.
1949 4302 2029 4363 XI
2079 4299 2160 4364 14
2207 4296 2510 4384 (Lugduni
2547 4323 2596 4365 a.
2642 4299 2839 4387 1569)
2888 4305 2960 4365 de
2999 4304 3216 4366 litteris

606 4431 638 4472 a
686 4411 929 4473 Claudio
977 4412 1234 4472 inventis
1280 4410 1466 4491 Longi
1524 4412 1863 4472 testimonio
1909 4430 1964 4489 p.
2013 4407 2189 4472 2235
2243 4429 2391 4471 usus
2448 4418 2564 4487 est,
2623 4406 2738 4471 ‘De
2794 4411 2969 4471 tertia
3015 4409 3215 4473 Velius

607 4518 846 4598 Longus
910 4517 1023 4579 hoc
1097 4515 1275 4577 habet
1335 4519 1394 4577 in
1457 4516 1555 4578 lib.
1622 4516 1694 4576 de
1755 4514 2216 4599 orthographia,
2282 4537 2461 4596 quem
2526 4520 2994 4597 manuscriptum
3061 4518 3213 4597 apud

609 4624 940 4686 Strossium
967 4631 1201 4704 egomet
1228 4622 1448 4684 Romae
1480 4624 1618 4702 legi:
1656 4624 1947 4684 Claudius
1967 4627 2273 4701 princeps,
2303 4626 2515 4706 inquit,
2543 4643 2758 4687 novam
2789 4658 2871 4668 -—
2900 4620 3213 4687 scribere’.

787 4730 1045 4824 Primam
1097 4737 1291 4791 autem
1338 4730 1518 4791 huius
1565 4728 1702 4790 libri
1747 4729 2066 4790 editionem
2113 4735 2338 4811 paravit
2384 4730 2681 4792 Fulvius
2725 4731 3058 4812 Vrsinus,
3114 4733 3212 4809 qui

611 4845 747 4917 post
793 4846 961 4898 notas
1007 4835 1079 4898 ad
1120 4836 1402 4898 Catonem
1448 4834 1773 4896 Varronem
1820 4810 2204 4898 Columellam
2249 4836 2322 4899 de
2371 4856 2436 4899 re
2493 4839 2715 4898 rustica
2772 4845 2832 4898 et
2878 4837 3031 4898 lunii
3077 4836 3213 4898 Phi—
