3613 5528
644 432 689 492 4
1621 430 1977 487 TERENTII
2016 430 2282 487 SCAVRI

687 689 707 702 ·
815 615 1062 678 Praeter
1124 617 1234 678 hos
1290 617 1524 678 codices
1593 620 1653 678 in
1712 617 1840 678 aliis
1895 619 2088 697 iisque
2154 618 2369 697 partim
2436 614 2869 696 antiquioribus
2933 632 3118 695 pauca
3179 632 3251 673 ex

637 725 806 783 initio
860 721 997 784 libri
1043 731 1319 803 excerpta
1368 732 1429 785 61
1474 742 1609 785 611111
1658 722 1950 785 similibus
1997 724 2245 785 aliorum
2285 726 2802 803 grammaticorum
2842 722 3139 801 excerptis
3177 720 3250 780 de

638 828 1053 911 orthographia
1094 834 1410 893 coniuncta
1443 831 1740 911 leguntur.
1799 849 1873 890 ex
1912 848 2029 909 quo
2068 849 2286 910 genere
2326 829 2600 892 codicum
2642 837 2922 909 quattuor
2951 829 3087 888 novi
3124 826 3250 887 hos,

606 938 821 998 ‘codex
883 938 1532 1018 Sangermanensis
1584 935 1755 1000 1180
1811 956 1962 999 saec.
2010 938 2118 1019 lx,
2174 939 2247 999 de
2304 956 2422 1018 quo
2478 937 2599 998 dixi
2645 953 2889 1016 gramm.
2935 935 3031 996 lat.
3079 953 3128 994 v.
3177 932 3252 993 IV

637 1063 692 1123 p.
714 1043 973 1126 XXXIII,
1016 1045 1225 1106 Scauri
1256 1054 1530 1125 excerpta
1561 1044 1800 1106 exhibet
1830 1046 1866 1105 f.
1898 1044 2001 1127 36,
2042 1048 2192 1106 Item
2230 1048 2674 1123 orthoqraplzia
2715 1046 2724 1119 Ι
2774 1044 3250 1104 Terentescauro

637 1154 1080 1229 orthoyraphia
1110 1155 1299 1227 iyilur
1328 1160 1415 1212 est
1443 1155 1607 1212 ratio
1644 1160 1814 1212 recte
1848 1155 2100 1230 syllabis
2136 1155 2463 1214 scribendi.
2509 1153 2826 1212 scribendi
2859 1157 3060 1211 autem
3089 1150 3251 1208 ratio

636 1265 926 1331 quattuor
953 1262 1144 1320 modis
1180 1261 1442 1319 uitiatur
1464 1293 1545 1301 -
1562 1276 1680 1335 pro
1718 1276 1838 1319 non
1863 1263 2133 1337 positum
2163 1268 2251 1320 est
2281 1255 2365 1341 (p.
2386 1252 2609 1340 2251).
2657 1259 2896 1332 Reliqio
2927 1259 3060 1317 ideo
3099 1258 3251 1316 dici-

637 1372 740 1423 tur
756 1382 881 1444 sqq.
922 1359 1154 1447 (Hagen
1192 1365 1394 1426 anecd.
1431 1364 1594 1425 Helv.
1638 1384 1694 1445 p.
1732 1359 1915 1448 297).
1971 1384 2107 1427 611111
2157 1365 2270 1426 1166
2322 1367 2618 1427 consentit
2657 1365 2841 1425 codex
2880 1363 3250 1423 Monacensis

644 1467 856 1531 14252
894 1470 1378 1534 Emmeramus
1417 1468 1548 1534 252
1596 1490 1753 1533 116116
1796 1472 1887 1533 vel
1928 1480 2131 1533 octavo
2172 1470 2409 1532 saeculo
2456 1474 2716 1552 scriptus
2755 1471 2791 1531 Γ.
2826 1468 2881 1551 1,
2921 1472 3012 1530 De
3047 1472 3247 1530 ortho—

632 1581 902 1656 9rapbia
941 1580 952 1654 Ι
1001 1579 1481 1641 Terentescauro
1518 1583 1962 1658 ortboqrapbia
1999 1612 2066 1621 —
2099 1597 2218 1657 pro
2255 1597 2374 1639 non
2407 1583 2668 1655 positum
2707 1586 2796 1638 est
2825 1579 3075 1652 Releqio
3095 1594 3250 1656 sqq.:

639 1686 712 1745 cs.
743 1685 983 1767 catalog.
1014 1689 1140 1748 cod.
1172 1687 1268 1748 lat.
1298 1686 1435 1748 bibl.
1466 1706 1586 1767 reg.
1617 1688 1841 1749 Monac.
1881 1708 1931 1748 v.
1962 1688 2014 1748 Il
2045 1686 2085 1749 2
2114 1708 2169 1769 p.
2204 1684 2347 1749 150.
2414 1685 2617 1746 eadem
2655 1692 2933 1764 excerpta
2969 1683 3251 1763 leguntur

638 1793 698 1852 in
738 1792 941 1853 codice
981 1793 1065 1853 Sa
1083 1792 1443 1872 ngallensi
1480 1790 1612 1855 249
1653 1813 1698 1855 s,
1729 1774 1808 1854 IX
1839 1803 1975 1875 post
2003 1793 2196 1855 Albini
2232 1793 2452 1855 librum
2483 1791 2555 1853 de
2595 1791 3016 1871 orthographia
3043 1792 3104 1850 in
3133 1789 3249 1849 fine

638 1898 859 1959 codicis
905 1918 960 1979 p.
1007 1895 1124 1980 91,
1179 1901 1479 1975 incipiunt
1525 1918 1735 1976 pauca
1790 1919 1871 1961 ex
1925 1901 2083 1962 libro
2129 1902 2462 1960 terentiani
2501 1901 2720 1961 scauri
2770 1894 2780 1978 Ι
2835 1902 3128 1975 excerpta
3175 1897 3252 1955 de

637 2009 993 2081 orloqrafia.
1087 2006 1440 2080 Ortoqrafia
1488 2009 1676 2080 iyitur
1723 2014 1812 2067 est
1857 2011 2019 2067 ratio
2077 2010 2138 2067 in
2185 2008 2435 2084 syllabis
2480 2016 2649 2067 recte
2692 2006 3022 2066 scribendi.
3095 2005 3246 2063 scri-

636 2113 820 2173 bendi
854 2121 1056 2173 autem
1093 2116 1255 2174 ratio
1295 2120 1586 2189 quattuor
1622 2116 1814 2174 modis
1850 2117 2112 2174 uitiatur
2140 2131 2296 2192 sqq.:
2334 2113 2408 2173 cs.
2465 2112 2874 2173 Verzeichniss
2911 2111 3019 2171 der
3057 2108 3247 2170 Hand-

635 2218 922 2281 schril'ten
970 2219 1078 2281 der
1126 2218 1623 2281 Stiftsbibliothek
1673 2239 1784 2281 von
1835 2220 1919 2282 St.
1967 2220 2170 2282 Gallen
2218 2240 2275 2301 p.
2321 2218 2425 2281 92.
2501 2237 2694 2299 neque
2749 2219 2980 2279 diversa
3038 2215 3110 2277 ab
3156 2215 3251 2275 1113

548 2404 555 2409 ¹
634 2334 776 2387 sunt
821 2335 1100 2407 excerpta
1139 2326 1361 2387 codicis
1397 2325 1776 2389 Leidensis
1815 2327 1981 2390 Voss.
2022 2326 2081 2390 4.
2120 2323 2206 2389 33
2246 2347 2398 2389 3366.
2437 2326 2489 2386 Χ
2526 2345 2662 2388 611111
2701 2327 3000 2405 excerptis
3038 2323 3250 2384 Isidori

636 2442 695 2492 61
738 2431 933 2494 Albini
980 2436 1294 2495 coniuncta
1341 2436 1379 2495 l'.
1433 2432 1587 2516 171,
1635 2438 2184 2511 incipiunt·pauca
2231 2454 2309 2495 ex
2355 2437 2555 2494 multis
2596 2436 3140 2507 {grammaticorum
3187 2433 3254 2491 id

633 2547 723 2601 est
768 2544 1051 2601 terrentii
1088 2544 1395 2617 prisciani
1427 2543 1609 2617 capri
1644 2543 1988 2601 cassiodori
2021 2548 2080 2600 et
2124 2544 2386 2602 aliorum
2430 2541 2606 2601 libris
2644 2546 2940 2615 excerpta
2978 2541 3055 2599 de
3091 2545 3249 2598 orlo-

630 2650 841 2723 qrafia
878 2656 939 2708 et
974 2649 1051 2707 de
1087 2648 1442 2722 differentia
1479 2649 1760 2706 similium
1788 2650 2085 2708 orationis
2121 2650 2413 2724 partium.
2462 2649 2804 2721 ortoyrafia
2837 2664 3028 2721 yrece
3063 2649 3252 2705 latine

634 2761 809 2815 recta
863 2757 1176 2832 scriptura
1232 2758 1690 2831 interpretatur.
1757 2762 1891 2814 orto
1947 2757 2104 2815 enim
2159 2762 2334 2816 recta
2384 2750 2595 2831 qrafia
2638 2757 2955 2831 scriptura
3002 2755 3248 2814 dicitur.

632 2863 787 2922 baec
844 2864 1169 2939 disciplina
1223 2866 1401 2923 docet
1455 2864 1955 2937 quemadmodum
2010 2866 2285 2923 scribere
2340 2864 2677 2923 debeamus,
2751 2879 2893 2922 nam
2938 2864 3096 2921 sicut
3142 2879 3249 2920 ars

632 2977 864 3030 tractat
909 2971 985 3029 de
1022 2973 1296 3046 partium
1345 2971 1749 3030 declinatione
1786 2971 1873 3028 ita
1912 2972 2252 3043 ortoyrafia
2298 2971 2374 3029 de
2418 2970 2732 3030 scribendi
2767 2972 3014 3045 peritia.
3089 2975 3247 3027 orto-

627 3078 838 3151 yrafia
885 3079 1076 3152 iqitur
1120 3081 1210 3138 est
1254 3079 1417 3137 ratio
1465 3079 1527 3136 in
1571 3078 1821 3152 syllabis
1866 3085 2036 3136 recte
2081 3078 2408 3138 scribendi.
2482 3079 2798 3138 scribendi
2840 3082 3041 3137 autem
3087 3078 3249 3136 ratio

631 3190 896 3257 quatuor
954 3185 1146 3244 modis
1204 3186 1465 3243 uitiatur
1529 3215 1601 3224 —
1672 3189 1761 3242 est
1822 3186 1980 3243 enim
2039 3186 2243 3244 nescio
2305 3201 2426 3244 non
2484 3187 2628 3244 scio.
2718 3185 3019 3244 Aeternus
3077 3190 3249 3242 aetas

632 3306 851 3351 aeuum
900 3308 1026 3369 sqq.
1088 3322 1163 3331 —-
1226 3307 1345 3350 non
1393 3291 1693 3365 palatium
1748 3292 1891 3349 aule
1947 3293 2184 3349 nomine
2237 3291 2349 3349 sed
2402 3293 2657 3351 atrium.-
2717 3290 2791 3350 cs.
2849 3306 3093 3367 gramm.
3149 3286 3246 3347 lat.

632 3415 682 3458 v.
732 3395 811 3455 lll
862 3416 917 3476 p.
966 3392 1114 3458 389.

814 3502 1079 3582 Denique
1128 3520 1195 3561 ea
1243 3517 1392 3580 quae
1440 3499 1512 3560 de
1560 3499 1932 3562 ordinatione
1980 3504 2239 3582 partium
2288 3504 2573 3564 orationis
2619 3505 2987 3584 praescripto
3036 3502 3246 3564 Scauri

631 3610 870 3670 nomine
917 3611 979 3670 in
1024 3607 1289 3668 Palatino
1338 3605 1540 3666 codice
1589 3605 1870 3686 leguntur
1928 3609 2106 3668 etiam
2162 3609 2222 3669 in
2270 3609 2474 3670 codice
2521 3609 2943 3671 Valentiano
2989 3609 3047 3671 Μ
3096 3607 3151 3671 7.
3202 3607 3243 3671 3

630 3714 867 3776 saeculo
924 3734 1078 3777 nono
1135 3716 1355 3794 scripta
1412 3720 1552 3774 sunt
1605 3720 1742 3793 post
1797 3712 1994 3775 Albini
2049 3718 2541 3777 commentarium
2594 3720 2657 3778 in
2713 3716 3112 3798 Priscianum,
3167 3716 3239 3776 de

631 3840 749 3901 quo
805 3822 927 3883 dixi
981 3822 1055 3883 de
1110 3838 1354 3901 gramm.
1411 3818 1686 3898 quibusd.
1743 3819 1842 3881 lat.
1895 3821 1997 3881 ins.
2058 3830 2171 3884 aet.
2228 3841 2284 3902 p.
2332 3819 2404 3898 8,
2460 3831 2522 3883 et
2566 3824 2902 3883 vsententias
2957 3822 3237 3900 quasdam

629 3927 970 4010 Hieronymi
1035 3935 1096 3989 61
1140 3929 1480 4009 Augustini,
1545 3927 1898 3989 Terrentius
1956 3932 2047 3988 ait
2095 3930 2164 3990 In
2223 3935 2510 3990 contextu
2567 3932 2861 3990 historiae
2914 3960 2982 3971 -ο
3041 3946 3243 3991 omnes

621 4043 835 4112 partes
889 4039 1186 4098 orationis
1231 4036 1538 4097 eximabit.
1614 4043 1950 4115 sequuntur
2005 4037 2145 4096 item
2194 4034 2535 4115 Hieronymi
2584 4038 2912 4097 sententiae
2960 4044 3021 4096 et
3083 4055 3240 4097 com-

630 4145 956 4204 mentarius
1000 4144 1062 4203 in
1112 4142 1420 4203 Donatum.

807 4249 1072 4312 Primum
1104 4250 1298 4311 editus
1326 4256 1419 4309 est
1449 4248 1657 4310 Scauri
1688 4248 1840 4311 liber
1868 4269 1900 4310 e
1931 4250 2134 4311 codice
2156 4249 2511 4312 Laurissano
2541 4249 2614 4310 ab
2645 4250 2859 4310 Ioanne
2890 4248 3240 4311 Sichardo

628 4358 688 4416 in
746 4355 1004 4418 editione
1060 4355 1380 4417 Basileensi
1437 4354 1642 4416 Adami
1699 4355 1862 4418 Petri
1918 4374 1966 4416 a.
2020 4353 2208 4438 1527,
2262 4374 2438 4435 quam
2496 4355 2785 4436 descripsi
2841 4375 3084 4436 gramm.
3141 4357 3238 4418 lat.
3329 4431 3338 4440 Ι

626 4481 677 4524 v.
708 4461 780 4522 vl
818 4464 1001 4542 praef.
1030 4483 1086 4544 p.
1116 4462 1211 4523 [x.
1268 4462 1340 4523 de
1381 4461 1605 4523 Scauro
1643 4462 1902 4524 Adamus
1940 4463 2154 4524 Petrus
2192 4466 2251 4524 in
2291 4462 2654 4544 praefatione
2693 4462 2764 4523 ad
2802 4463 2989 4525 filium
3027 4462 3239 4525 scribit

626 4569 792 4652 11366,
839 4564 1058 4630 ‘Porro
1105 4569 1452 4631 Terentium
1502 4567 1821 4651 Scaurum,
1869 4586 2046 4648 quem
2092 4569 2156 4628 A.
2205 4567 2428 4629 Gellius
2476 4567 2909 4631 nobilissimum
2954 4570 3237 4631 Hadriani

625 4674 995 4756 temporibus
1041 4679 1487 4757 grammaticum
1546 4684 1744 4758 uocat,
1801 4676 1874 4737 de
1922 4676 2340 4757 orthographia
2387 4676 2789 4759 adiunximus,
2846 4678 3016 4739 cuius
3065 4677 3237 4739 nobis

625 4784 855 4863 copiam
903 4802 974 4844 ex
1021 4786 1427 4847 uetustissimo
1477 4782 1679 4843 codice
1718 4780 2075 4844 Laurissano
2115 4783 2193 4843 lo.
2234 4782 2557 4845 Sichardus
2604 4784 2762 4866 fecit,
2809 4786 2922 4866 uir,
2969 4803 3045 4845 ne
3092 4785 3235 4864 quid

624 4890 780 4953 aliud
838 4891 1054 4974 dicam,
1111 4892 1446 4953 studiorum
1506 4906 1715 4949 causae
1772 4890 1993 4968 optime
2048 4888 2274 4948 uolens.
2362 4889 2643 4970 Adeoque
2698 4893 2751 4951 is
2795 4891 3037 4952 uidetur
3083 4909 3236 4975 6336,
