3613 5528
535 376 664 441 120
1664 378 2012 435 AGROECII

530 492 575 527 p.
604 481 723 521 22⁷0.
753 481 801 520 ’τι
830 480 879 518 P.

532 560 905 645 ‘optimum
962 581 1311 645 quemque
1368 567 1437 625 in
1492 567 1788 645 primam
1845 567 2065 628 aciem
2122 562 2517 629 subduxit'.
2601 562 2727 628 ‘me
2787 570 2874 627 tui
2918 563 3133 647 pudet'
3252 565 3261 573 '

531 672 675 733 dicit
740 680 799 734 et
859 690 1036 753 quem
1095 671 1169 733 de
1228 671 1474 733 alterius
1539 674 1692 734 sacto
1750 673 1938 754 pudet
1995 682 2057 735 et
2116 692 2296 754 quem
2355 673 2428 735 de
2494 692 2630 735 suo:
2696 673 3014 736 Terentius
3071 676 3133 735 in

532 779 809 859 Adelphis
865 779 975 841 sub
1009 778 1231 863 ⁷verbis
1276 778 1554 841 Aeschini
1609 775 1765 842 ‘ubi
1821 800 1978 843 eum
2031 781 2254 863 pudet
2308 784 2500 862 patri
2554 800 2691 842 non
2748 789 2911 842 ante
2968 800 3134 843 con-

533 880 846 947 sessum’.
911 887 1230 947 discrimen
1259 886 1591 965 periculum
1629 886 1721 948 vel
1758 888 2086 949 diversitas,
2150 888 2380 949 reditus
2418 907 2729 969 regressus
2760 889 2848 950 vel
2884 888 3134 950 lucrum.

530 1013 848 1075 supremus
927 1013 1196 1056 summus
1262 1004 1321 1056 et
1389 994 1634 1056 ultimus
1694 1003 1785 1071 et⁴
1825 997 2196 1075 superiorem
2258 1004 2319 1057 et
2382 996 2726 1057 inferiorem
2785 986 3133 1075 significant.
3191 1012 3217 1050 5

531 1103 717 1163 altum
770 1110 832 1163 et
886 1101 1048 1182 quod
1103 1120 1343 1163 sursum
1399 1111 1492 1163 est
1546 1111 1608 1163 et
1663 1102 1822 1182 quod
1877 1101 2173 1164 deorsum.
2255 1102 2464 1184 procul
2519 1111 2581 1164 et
2626 1102 2799 1183 longe
2846 1113 2906 1165 et
2949 1122 3135 1183 prope

530 1208 845 1287 significat:
891 1205 1168 1287 Virgilius

1382 1316 1618 1397 clipeo
1664 1326 1776 1380 est
1823 1336 2122 1380 excussa
2172 1317 2438 1398 [sagitta]
2485 1318 2888 1399 proculque

852 1425 1217 1504 egregium
1263 1425 1601 1486 Antorem
1648 1431 1843 1488 latus
1891 1430 2088 1488 inter
2133 1434 2203 1488 et
2247 1430 2381 1487 ilia
2421 1425 2622 1502 fixit.

530 1531 842 1593 damnatus
889 1539 949 1592 et
995 1531 1265 1592 addictus
1311 1542 1372 1593 et
1418 1530 1751 1594 absolutus:
1797 1533 1954 1594 idem
2001 1532 2280 1613 Virgilius
3167 1547 3221 1587 ιο

850 1656 1055 1720 quem
1103 1638 1387 1699 damnet
1432 1637 1632 1699 labor
1678 1648 1797 1702 aut
1844 1658 1981 1718 quo
2027 1650 2278 1720 vergat
2322 1640 2640 1720 pondere
2687 1640 2935 1722 letum,

532 1747 590 1808 id
638 1754 731 1807 est
767 1764 945 1826 quem
982 1749 1173 1807 virtus
1212 1763 1317 1807 sua
1355 1744 1616 1807 absolvat
1654 1755 1756 1807 aut
1791 1749 2078 1807 victorem
2115 1746 2307 1807 faciat.
2381 1750 2900 1863 numquanbenim
2938 1754 3139 1809 tantus

530 1860 738 1915 auctor
791 1854 855 1914 in
910 1851 1141 1914 duabus
1195 1852 1448 1912 diversis
1492 1851 1761 1914 lancibus
1819 1871 1996 1914 unam
2052 1870 2181 1914 rem
2245 1853 2527 1936 ponebat,
2592 1856 2947 1934 praesertim
3001 1871 3138 1914 cum
3193 1904 3214 1915 „

529 1962 939 2041 interponeret
976 1954 1123 2022 ‘aut'
1162 1956 1643 2021 coniunctionem
1681 1959 2110 2022 disiunctivam.
2185 1960 2343 2023 idem
2380 1964 2508 2042 ipse
2544 1960 2658 2023 elio
2701 1957 2710 2041 Ι
2749 1959 2880 2022 loco
2920 1956 3138 2022 ‘dam-

531 2067 735 2130 nabis
790 2076 865 2129 tu
920 2085 1205 2148 quoque
1264 2063 1501 2129 votis’.
1590 2069 1747 2129 sicut
1800 2069 1922 2129 voti
1977 2087 2115 2129 reos
2170 2068 2427 2150 dixerat,
2486 2070 2566 2129 ita
2627 2076 2689 2128 et
2747 2066 3133 2129 absolvendos
3163 2085 3217 2125 15

529 2175 692 2237 dixit.
775 2175 934 2236 unde
992 2182 1053 2236 et
1106 2177 1169 2236 in
1223 2177 1355 2237 iure
1413 2171 1676 2237 ‘damnas
1732 2185 1862 2237 esto
1917 2170 2148 2256 legato'
2203 2174 2451 2257 dicitur,
2512 2175 2626 2235 hoc
2682 2183 2775 2236 est
2829 2170 3141 2236 ‘solvendo

531 2276 719 2365 esto'‚
774 2281 934 2360 quod
987 2281 1134 2343 solvi
1189 2280 1463 2343 omnibus
1518 2281 1710 2342 modis
1757 2299 2002 2343 necesse
2058 2291 2176 2365 est,
2231 2284 2462 2343 etiamsi
2507 2299 2605 2342 res
2660 2280 2891 2360 legatur
2937 2281 3142 2342 aliena.

532 2392 592 2449 in
651 2391 1012 2469 praepositio
1074 2391 1387 2468 utriusque
1447 2408 1651 2472 casus,
1708 2406 1845 2450 cum
1900 2392 1964 2450 in
2018 2389 2281 2469 loquelas
2337 2390 2577 2470 transit,
2635 2389 2700 2449 fit
2756 2390 2932 2449 etiam
2989 2406 3146 2448 com-

534 2497 731 2557 munis
799 2495 1153 2558 intellectus.
1246 2515 1383 2558 nam
1458 2506 1517 2559 et
1592 2499 1734 2558 satis
1800 2506 1862 2558 et
1931 2514 2143 2577 parum
2207 2504 2267 2558 et
2336 2497 2555 2557 lactum
2619 2495 2840 2575 aliquid
2902 2503 2962 2556 et
3023 2514 3143 2557 non

536 2605 754 2665 sactum
815 2604 1138 2686 significat,
1193 2606 1348 2665 sicut
1403 2607 1679 2684 inpotens
1726 2614 1788 2665 et
1831 2604 2137 2666 infractus
2239 2602 2424 2665 latere
2478 2611 2540 2665 et
2599 2601 2955 2665 absconsum
3012 2621 3144 2663 esse
3174 2621 3228 2661 so

534 2710 753 2792 aliquid
835 2709 1089 2773 dicimus
1165 2719 1225 2773 et
1289 2711 1410 2773 late
1483 2718 1717 2792 patere:
1789 2709 2070 2791 Virgilius
2146 2705 2248 2773 ‘et
2322 2720 2525 2774 scuta
2597 2710 2896 2773 latentia
2975 2727 3146 2772 con-

534 2813 737 2880 dunt'
809 2826 871 2878 et
938 2812 1173 2879 ‘torva
1233 2818 1462 2879 solum
1524 2817 1654 2879 sub
1726 2818 1969 2879 fronte
2036 2815 2356 2881 latebat'.
2464 2817 2828 2880 horrendum
2893 2817 3146 2878 dicimus

711 3052 743 3101 2
781 3045 941 3116 dicit]
981 3044 1095 3100 dici
1131 3061 1268 3101 corr.
1300 3043 1537 3099 dicimus
1571 3043 1637 3113 0,
1676 3058 1776 3099 om.
1811 3043 1886 3096 M
2025 3044 2321 3100 Terentius
2351 3075 2418 3084 —
2457 3043 2745 3114 Aeschini]
2785 3044 2845 3098 in
2880 3042 3148 3112 adelpho-

534 3145 655 3180 rum
691 3125 849 3181 libris
884 3124 1157 3182 terentius
1186 3125 1289 3180 sub
1316 3123 1506 3179 uerbis
1534 3121 1785 3178 aeschini
1825 3124 1900 3177 M
1933 3122 2124 3179 Cicero
2162 3124 2222 3179 in
2259 3124 2454 3180 adelfis
2491 3125 2592 3179 sub
2630 3122 2818 3178 uerbis
2854 3121 3076 3178 aesceni
3106 3122 3156 3177 O

535 3206 726 3263 Cicero
772 3206 832 3261 in
877 3207 1247 3275 adelphorum
1292 3205 1395 3260 sub
1440 3202 1630 3259 uerbis
1676 3203 1899 3259 sesceni
1942 3203 2022 3258 B:
2084 3204 2294 3259 Terent.
2342 3205 2574 3273 Adelph.
2623 3204 2794 3258 IIII
2835 3207 2889 3270 5,
2933 3207 3005 3256 49

535 3293 568 3341 4
606 3286 904 3342 discrimen
943 3317 1010 3327 -
1046 3286 1263 3341 lucrum
1300 3301 1402 3341 om.
1438 3284 1578 3351 BC,
1614 3285 1741 3340 aad.
1783 3286 1861 3339 M
2039 3291 2070 3340 5
2119 3283 2400 3354 significat
2437 3286 2513 3339 M
2517 3282 2635 3339 BG
2809 3289 2840 3338 7
2877 3282 3149 3353 Virgilius

535 3383 632 3421 om.
668 3366 832 3433 ΜΒ,
871 3368 998 3424 add.
1031 3366 1079 3421 0
1218 3372 1252 3421 8
1289 3366 1472 3436 clipeo
1500 3381 1734 3420 excussa
1761 3364 1973 3434 sagitta
1998 3365 2303 3436 proculque
2334 3366 2410 3419 M
2443 3364 2623 3436 clipeo
2660 3368 2915 3433 (excussa
2942 3365 3069 3420 add.
3099 3366 3147 3433 c)

537 3446 751 3516 sagitta
785 3447 979 3516 procul
1020 3446 1068 3500 C
1107 3445 1312 3516 Clepeo
1350 3447 1439 3501 est
1474 3461 1703 3500 excussa
1739 3445 1950 3517 sagitta
1983 3446 2289 3515 proculque
2324 3446 2405 3500 B:
2457 3446 2612 3517 Verq.
2642 3446 2777 3500 Aen.
2810 3446 2872 3499 X
2898 3449 3008 3501 777

538 3534 569 3580 9
609 3528 900 3599 Antorem]
939 3530 1105 3582 antor
1137 3529 1225 3582 est
1258 3528 1313 3580 Β
1351 3527 1690 3582 Antenorem
1730 3525 1805 3578 M
1816 3523 1864 3578 G
2001 3524 2150 3580 letus
2180 3557 2247 3566 —
2275 3525 2400 3580 fixilz
2435 3542 2536 3583 om.
2570 3526 2705 3582 ΜΒ
2718 3525 2775 3592 G,
2814 3525 2941 3581 add.
2963 3542 3008 3594 p

542 3617 605 3664 10
643 3608 938 3662 damnatus
967 3610 1026 3662 et
1052 3606 1308 3662 addictus
1338 3609 1395 3662 et
1422 3606 1709 3662 absolutus
1741 3607 1853 3661 Mc
1888 3606 2162 3675 dampnat
2197 3607 2256 3660 et
2290 3604 2467 3670 addat
2503 3609 2563 3661 et
2599 3605 2887 3662 absolutus
2918 3603 2967 3657 G
2997 3603 3150 3659 dam-

537 3691 700 3743 natus
739 3691 796 3743 et
841 3688 1095 3743 addictus
1133 3691 1191 3743 et
1234 3686 1460 3742 additus
1508 3688 1567 3742 et
1612 3687 1899 3743 absolutus
1935 3687 1991 3740 Β
2211 3691 2272 3738 11
2315 3686 2505 3757 quem]
2555 3686 2652 3756 qui
2686 3685 2770 3738 Β.·
2818 3684 2973 3755 Ver-9.
3009 3685 3150 3738 Aen.

543 3768 689 3822 XII
716 3773 830 3824 727
974 3772 1073 3822 aut
1110 3783 1219 3836 quo
1250 3769 1450 3838 tergat
1484 3768 1727 3837 pondere
1754 3768 1934 3823 lecum
1961 3783 2060 3822 om.
2092 3765 2164 3834 B,
2201 3767 2302 3820 aut.
2338 3782 2450 3834 quo
2477 3768 2676 3838 vergat
2702 3765 2948 3835 pondere
2976 3779 3076 3819 om.
3110 3761 3158 3817 Ο

648 3848 850 3919 letum]
889 3848 1102 3902 loetum
1142 3847 1275 3901 MC
1438 3853 1503 3900 12
1541 3846 1601 3901 id
1638 3847 1744 3917 est]
1785 3847 1947 3901 adest
1983 3863 2121 3904 corr.
2161 3849 2233 3903 al.
2270 3864 2339 3902 m.
2379 3846 2438 3901 id
2476 3850 2563 3902 est
2596 3847 2655 3900 Β
2798 3844 3059 3900 absoluat
3095 3847 3153 3899 et:

543 3928 815 3983 uictorem
855 3928 931 3981 Μ
1101 3928 1295 3982 tant-us
1333 3928 1528 3982 auctor
1564 3943 1664 3983 om.
1702 3927 1818 3981 BC
1997 3934 2062 3981 14
2099 3926 2514 3997 disiunctivam]
2555 3924 2919 3981 distantiuam
2955 3924 3011 3978 Β

540 4006 852 4078 damnabis]
904 4008 1058 4077 Very.
1097 4009 1269 4064 bucol.
1309 4013 1363 4075 5,
1400 4014 1474 4063 80
1603 4013 1669 4062 15
1708 4009 1854 4079 reos]
1894 4026 2020 4064 reus
2059 4009 2134 4063 M
2269 4006 2640 4062 absoluendas
2675 4005 2732 4059 Β
2878 4010 2945 4058 16
2981 4002 3149 4076 dixit]

539 4088 758 4143 dixerat
796 4087 844 4141 0
1017 4091 1075 4144 et
1120 4088 1179 4142 in
1226 4088 1343 4143 iure
1385 4089 1461 4142 M
1503 4089 1561 4142 ei,
1595 4086 1714 4143 iure
1751 4088 1867 4142 BC
2041 4089 2311 4144 damnans
2347 4087 2518 4142 istum
2557 4087 2677 4140 esto
2714 4084 2954 4154 ligatum
2991 4086 3150 4152 (corr.

538 4168 811 4239 legatum)
850 4167 1059 4223 dicitur
1093 4169 1201 4223 hoc
1238 4170 1324 4224 est
1358 4168 1623 4223 soluendo
1654 4170 1776 4224 esto
1812 4169 1984 4224 istum
2011 4167 2160 4237 quod
2194 4168 2270 4221 M
2302 4166 2534 4222 damnas
2561 4169 2682 4221 esto
2718 4165 2978 4236 legamen
3016 4163 3153 4218 dici·

537 4251 630 4303 tur
676 4249 784 4303 hoc
821 4251 906 4304 est
943 4248 1212 4304 soluendo
1251 4250 1371 4303 esto
1424 4249 1574 4318 quod
1610 4248 1666 4302 Β
1713 4249 2051 4318 dampnatus
2089 4250 2210 4303 esto
2258 4247 2475 4318 legibus
2513 4244 2720 4301 dicitur
2756 4247 2815 4300 et.
2851 4243 3151 4298 soluendus

540 4331 659 4384 esto
690 4329 840 4399 quod
872 4328 920 4382 Ο
1059 4336 1124 4384 17
1164 4329 1385 4385 etiamsi
1419 4345 1507 4383 res
1544 4328 1758 4396 ligatur
1783 4326 1877 4381 uel
1915 4326 2101 4396 agitur
2130 4328 2220 4382 uel
2258 4325 2497 4382 soluitur
2525 4325 2735 4396 alieno,
2771 4327 2865 4380 sed
2890 4326 3077 4380 deletis
3100 4343 3151 4380 v.

540 4410 630 4465 uel
669 4410 860 4482 agitur
898 4409 946 4465 0
1101 4409 1346 4480 legatur]
1383 4408 1596 4478 ligatur
1629 4408 1685 4461 Β
1850 4412 1917 4460 18
1955 4406 2227 4477 loquelas]
2267 4406 2496 4475 loquela
2534 4406 2582 4460 Ο
2729 4406 2814 4477 fit]
2856 4405 2931 4461 sit
2970 4406 3016 4460 (J

543 4496 608 4545 19
646 4507 775 4545 nam
813 4491 905 4545 uel
943 4493 1002 4545 et
1038 4490 1173 4545 satis
1210 4489 1325 4544 BC
1478 4486 1693 4557 aliquid
1731 4493 1830 4541 aut
1865 4503 1976 4542 non
2013 4487 2223 4542 factum
2263 4485 2311 4539 Ο
2342 4486 2555 4556 aliquid
2591 4485 2685 4542 uel
2723 4486 2872 4555 quod
2909 4490 3009 4542 aut
3042 4504 3153 4542 non

539 4571 750 4625 factum
785 4571 841 4624 Β
987 4577 1056 4626 20
1091 4572 1372 4641 impotens
1412 4571 1487 4624 M
1626 4565 1915 4622 imfractus
1954 4566 2041 4636 M,
2078 4564 2321 4620 infactus
2359 4581 2496 4620 corr.
2533 4565 2774 4621 infectus
2813 4565 2861 4620 G
2989 4573 3054 4621 21
3096 4571 3155 4622 et

2601 4660 2633 4688 V

542 4700 622 4756 sic
649 4701 923 4758 elabentis
959 4703 1205 4759 cendunt
1240 4703 1323 4758 Β.·
1362 4703 1518 4772 Very.
1546 4702 1684 4756 Aen.
1718 4701 1845 4754 III
1876 4705 1992 4756 237
2171 4706 2239 4754 22
2276 4701 2441 4755 torua
2475 4700 2530 4753 Β
2568 4717 2737 4757 corus
2766 4701 2815 4756 0
2845 4718 3017 4756 curua
3055 4703 3149 4756 M:

554 4781 708 4850 Vei-9.
747 4782 885 4837 Aen.
924 4784 1052 4837 III
1086 4788 1197 4839 636
1306 4784 1407 4838 sub
1445 4782 1650 4852 fronte]
1690 4780 1961 4836 suffronius
1994 4781 2050 4834 Β
2186 4779 2473 4836 horridum
2511 4780 2745 4836 dicimus
2782 4781 3150 4852 despicabile:

542 4861 882 4916 horrendum
917 4863 1308 4918 admirandum
1335 4881 1381 4933 p
