3613 5528
1426 449 1521 506 DE
1559 448 2135 507 ORTHOGRAPHIA
2951 451 3070 518 131

471 656 592 698 rem
647 636 1192 716 diligentissimum,
1264 639 1363 715 qui
1420 636 1563 696 mihi
1622 639 1795 697 etiam
1853 637 2118 698 eiusdem
2176 641 2436 699 auctoris
2507 637 2588 699 De
2646 638 3077 720 orthographia

470 746 932 824 manuscriptum
963 761 1266 822 nunquam
1296 752 1464 804 antea
1495 744 1736 818 editum,
1767 744 2057 823 praebuit.
2104 743 2382 804 Nonnihil
2411 754 2716 823 praeterea
2750 746 3076 807 industriae

466 859 525 911 et
570 850 785 910 laboris
824 852 954 911 Ant.
989 850 1317 910 Fontanoni
1366 852 1424 911 in
1465 850 1672 910 eodem
1711 850 1896 911 Paris.
1930 824 2151 910 Senatu
2190 850 2467 912 Advocati
2511 851 2681 933 huic,
2728 860 2795 913 ut
2834 852 3073 932 quibus-

463 956 595 1017 dam
634 956 763 1016 aliis
801 954 1084 1036 operibus
1123 950 1421 1016 accessit'.
1485 954 1695 1017 eodem
1735 955 1992 1018 Danielis
2029 955 2180 1016 libro
2220 955 2443 1036 aliquot
2480 960 2649 1019 annis
2686 967 2821 1020 ante
2858 959 3075 1021 Petrus

461 1062 744 1122 Pithoeus
804 1064 863 1122 in
926 1062 1400 1122 adversariorum
1470 1061 1917 1124 subsecivorum
1989 1061 2140 1122 libro
2204 1065 2404 1142 priore
2470 1082 2517 1123 a.
2590 1060 2758 1126 1564
2817 1068 3074 1145 primum

463 1167 619 1228 edito
675 1187 723 1228 c.
774 1165 814 1229 6
875 1187 930 1247 p.
977 1164 1065 1229 25
1122 1167 1211 1229 ed.
1259 1167 1429 1229 Basil.
1483 1188 1532 1228 a.
1585 1167 1757 1231 1574
1816 1188 1960 1231 usus
2017 1178 2169 1250 erat,
2231 1188 2367 1230 cum
2425 1170 2753 1231 Adamantii
2811 1170 3074 1251 Martyrii

462 1273 636 1335 verba
693 1275 846 1354 apud
895 1275 1154 1336 Cassiod.
1200 1295 1256 1355 p.
1304 1273 1477 1337 2299
1536 1279 1728 1338 berna
1784 1281 1928 1338 licet
1983 1295 2094 1353 eqo
2151 1280 2482 1339 invenerim
2530 1296 2656 1357 sqq.
2719 1273 2812 1338 ‘ex
2876 1287 3072 1339 vetere

442 1376 715 1442 ‘Danielis
771 1377 1124 1462 exemplari'
1181 1382 1564 1444 adscriberet.
1639 1403 1773 1444 nam
1831 1382 2035 1464 pauci‘s
2092 1402 2242 1463 quae
2301 1387 2427 1463 ipse
2486 1383 2770 1445 Pithoeus
2828 1388 3076 1445 mutavit

461 1490 722 1566 exceptis
777 1508 845 1549 ea
902 1507 1039 1550 cum
1085 1490 1350 1550 Parisina
1408 1490 1666 1551 editione
1733 1493 2132 1552 consentiunt.
2217 1488 2473 1550 Danielis
2520 1498 2716 1551 autem
2763 1490 2902 1550 olim
2964 1492 3075 1552 suit

460 1602 518 1653 et
552 1593 736 1654 codex
767 1594 1086 1656 Beruensis
1115 1591 1448 1676 243,·sicut
1484 1615 1662 1676 supra
1701 1597 1926 1658 dictum
1957 1605 2066 1678 est,
2094 1604 2155 1657 et
2196 1596 2598 1676 apographum
2637 1604 2803 1657 sexto
2843 1596 3072 1658 decimo

461 1700 692 1762 saeculo
751 1719 822 1761 ex
879 1701 991 1762 hoc
1047 1702 1268 1763 sactum
1324 1710 1384 1763 et
1439 1705 1501 1762 in
1558 1704 1672 1763 tine
1733 1703 2103 1783 suppletum,
2165 1702 2320 1782 quod
2377 1721 2534 1763 nunc
2589 1705 2784 1782 ipsum
2834 1722 3071 1783 quoque

460 1809 614 1868 inter
676 1807 911 1869 codices
971 1808 1305 1870 Beruenses
1365 1817 1637 1870 servatur
1696 1828 1751 1870 n.
1820 1806 1962 1870 175.
2054 1812 2114 1869 in
2180 1811 2442 1887 margine
2504 1810 2821 1889 apographi
2895 1829 3070 1871 manu

461 1912 713 1974 Danielis
768 1918 1142 1976 coniecturas
1199 1925 1259 1977 et
1318 1918 1504 1997 ipsius
1560 1927 1621 1978 et
1678 1917 1927 1978 Puteani
1983 1924 2043 1978 et
2102 1925 2380 1995 excerpta
2435 1915 2660 1994 aliquot
2708 1911 2808 1976 ‘ex
2868 1918 3070 1979 codice

459 2016 675 2081 veteri’
733 2021 1027 2101 adscripta
1086 2040 1217 2083 esse
1273 2022 1417 2084 dicit
1473 2022 1749 2103 Hagenus
1805 2022 1971 2084 catal.
2029 2021 2156 2082 cod.
2214 2021 2387 2082 Bern.
2443 2041 2499 2101 p.
2533 2019 2704 2105 237.
2803 2032 3072 2084 ceterum

460 2115 720 2188 Parisina
768 2127 948 2189 editio
998 2128 1198 2189 multis
1243 2127 1390 2189 locis
1436 2147 1572 2190 cum
1620 2129 1822 2190 codice
1869 2129 2201 2209 Puteane0,
2248 2129 2349 2207 qui
2398 2146 2556 2189 nunc
2601 2128 2908 2190 Parisinus
2955 2139 3066 2212 est,

456 2234 535 2292 ita
581 2236 902 2316 consentit,
959 2244 1025 2295 ut
1081 2234 1339 2296 dubitari
1396 2243 1654 2314 nequeat
1700 2237 1843 2314 quin
1908 2238 1959 2295 is
2015 2252 2252 2314 quoque
2301 2234 2372 2295 ad
2428 2253 2557 2296 eam
2604 2234 2923 2297 editionem
2971 2236 3068 2297 ad·

456 2337 684 2400 hibitus
731 2343 824 2401 sit.

628 2446 853 2509 Eodem
907 2466 1089 2530 anno,
1146 2466 1263 2527 quo
1310 2447 1576 2511 Parisina
1634 2447 1814 2509 editio
1871 2449 2021 2510 iacta
2079 2457 2232 2531 erat,
2299 2449 2452 2510 liber
2519 2449 2592 2511 de
2650 2450 3066 2530 orthographia

455 2571 485 2612 a
545 2551 904 2616 Ludovico
966 2554 1311 2615 Carrione
1373 2574 1444 2615 ex
1505 2556 1707 2616 codice
1760 2555 2099 2616 Coloniensi
2155 2558 2471 2635 separatim
2536 2557 2731 2618 editus
2792 2564 2884 2617 est
2949 2556 3061 2617 hoc

456 2661 652 2742 titulo,
708 2657 932 2741 ‘Magni
990 2663 1213 2724 Aurelii
1270 2660 1606 2722 Cassiodori
1663 2661 1969 2722 Senatoris
2027 2661 2090 2722 V.
2149 2661 2210 2722 C.
2273 2662 2346 2723 de
2416 2662 2834 2743 orthographia
2895 2663 3062 2745 liber,

455 2767 665 2829 edente
713 2777 773 2829 et
820 2770 1169 2830 emendante
1208 2769 1506 2830 Ludovico
1545 2769 1829 2829 Carrione
1866 2769 2187 2848 Brugense.
2266 2772 2645 2852 Antverpiae,
2691 2769 2778 2830 Ex
2825 2772 3059 2831 officina

454 2872 863 2955 Christophori
900 2875 1155 2936 Plautini
1202 2875 1732 2956 Architypographi
1775 2875 1958 2954 Regii.
2007 2872 2403 2937 MDLXXIX'.
2479 2876 2551 2937 de
2601 2894 2778 2937 manu
2825 2879 3065 2956 scriptis

455 2990 648 3042 autem
691 2981 855 3042 libris
894 2982 1110 3061 quihus
1150 2983 1355 3043 Carrio
1395 3003 1539 3044 usus
1577 2992 1705 3044 erat
1753 2986 1812 3043 in
1854 2983 2100 3062 epistula
2142 2983 2211 3042 ad
2253 2982 2631 3043 Theodorum
2669 2982 3062 3044 Pulmannum

455 3088 585 3148 data
632 3107 681 3149 a.
729 3088 783 3149 d.
834 3088 949 3148 Vll.
999 3087 1240 3151 Kalend.
1288 3088 1466 3169 April.
1515 3088 1864 3149 MDLXXlX
1911 3089 2118 3150 scribit
2165 3089 2334 3171 haec,
2382 3085 2576 3160 ‘Quod
2630 3088 2800 3167 quale
2847 3092 2949 3168 sit,
2999 3098 3065 3150 ut

453 3194 660 3256 melius
714 3194 1105 3276 intelligatur,
1162 3194 1496 3257 Cassiodori
1553 3198 1663 3257 viri
1718 3180 1992 3263 omnibus
2049 3195 2372 3256 honoribus
2431 3198 2491 3256 in
2549 3214 2653 3257 sua
2713 3214 2835 3275 rep.
2884 3197 3060 3276 aucti,

450 3310 537 3382 et,
582 3310 650 3363 ut
693 3303 790 3363 illa
837 3312 1103 3383 tempora
1154 3302 1446 3383 serebant,
1494 3322 1613 3364 non
1660 3303 1944 3364 ineruditi
1984 3302 2475 3382 orthographiam
2524 3322 2595 3362 ex
2642 3303 3060 3394 diversissimis

453 3408 846 3488 scriptoribus
884 3408 1284 3491 compilatam,
1323 3418 1383 3470 et
1421 3408 1732 3489 aliquando
1771 3412 1948 3470 etiam
1988 3408 2057 3470 ab
2096 3412 2227 3488 ipso
2257 3408 2607 3469 Cassiodoro
2646 3408 3060 3487 interpolatam

449 3532 606 3575 nunc
652 3514 724 3574 ad
784 3523 839 3575 te
887 3517 1083 3595 mitto,
1141 3524 1200 3576 et
1246 3515 1359 3576 sub
1407 3526 1508 3577 tuo
1572 3519 1836 3597 nomine,
1892 3515 2094 3578 nitidis
2153 3515 2269 3577 illis
2325 3516 2758 3606 accuratisffiii
2803 3514 3059 3575 Plautini

450 3623 637 3682 nostri
683 3620 1125 3682 characteribus
1164 3621 1547 3705 descriptam,
1592 3624 1653 3683 in
1694 3622 1931 3701 vulgum
1970 3625 2130 3683 exire
2170 3622 2362 3684 iuben.
2397 3655 2473 3665 ——
2507 3622 2687 3684 Notas
2725 3618 3086 3704 adiicerem,‘

447 3746 594 3806 quas
653 3727 790 3788 olim
856 3730 1181 3807 fragmento
1238 3726 1374 3789 libri
1427 3727 1894 3811 GemblacensiS,
1950 3738 2011 3789 et
2065 3729 2180 3789 illis
2236 3728 2595 3790 membranis
2651 3746 3060 3810 apposueram,

447 3851 592 3912 quas
647 3854 680 3894 a
730 3834 1005 3894 Cornelio
1066 3834 1416 3917 Gualthero,
1474 3836 1709 3897 homine
1766 3838 2133 3915 antiquitatis
2190 3835 2649 3910 studiosissimo,
2707 3835 3060 3896 Francis-cus

446 3938 754 4001 Martinius
797 3943 961 4001 omni
1009 3940 1447 4001 immortalitate
1493 3941 1902 4024 dignissimuS,
1950 3961 2199 4021 meoque
2240 3953 2300 4003 et
2337 3943 2482 4021 reip.
2547 3942 2868 4003 litterariae
2909 3940 3057 4001 malo

447 4047 758 4107 immature
807 4050 1135 4108 exstinctus
1183 4047 1253 4107 ad
1301 4067 1394 4109 me
1444 4051 1713 4130 miserat,
1759 4051 1873 4110 nisi
1919 4048 2047 4110 illas
2095 4048 2265 4130 mihi,
2313 4056 2379 4110 ut
2427 4056 2626 4109 cetera
2673 4049 2798 4109 sere
2838 4050 3057 4128 scripta

446 4171 571 4212 mea
620 4156 813 4213 omnia
836 4200 853 4233 ,
901 4172 1015 4214 una
1054 4171 1189 4213 cum
1228 4156 1575 4215 suavissimo
1614 4154 1996 4216 Lovaniensis
2034 4156 2364 4216 academiae
2403 4174 2671 4237 secessu,
2717 4157 3058 4235 etiamnum,

445 4261 668 4320 utinam
718 4278 791 4319 ne
838 4268 1175 4339 aeternum,
1233 4260 1503 4320 militaris
1559 4262 1852 4322 invideret
1906 4263 2150 4323 iniuria.
2214 4280 2347 4322 nam
2397 4279 2546 4340 quae
2594 4280 2752 4322 nunc
2811 4260 3057 4338 edimuS,

444 4364 579 4425 libri
626 4364 1031 4446 ColoniensiS,
1077 4383 1253 4443 quem
1300 4384 1329 4425 a
1369 4366 1688 4427 Melcbiore
1727 4366 2023 4448 Hittorpio
2062 4370 2326 4428 omnium
2373 4365 2665 4427 bonorum
2711 4366 3054 4427 doctissimo

443 4479 504 4531 et
558 4470 871 4531 doctorum
928 4472 1150 4549 optimo
1207 4472 1571 4551 accepimus,
1632 4471 1808 4531 fidem
1867 4482 2225 4552 sequuntur,
2282 4476 2527 4552 eiusque
2583 4475 2931 4533 auctoritate
2989 4490 3053 4531 se

445 4578 599 4637 tueri
644 4571 916 4637 debent'.
990 4577 1318 4656 fragmento
1359 4576 1794 4660 Gemblacensi,
1842 4581 2014 4639 cuius
2059 4587 2298 4658 praeter
2335 4578 2744 4640 Coloniensem
2788 4577 3053 4638 codicem

443 4682 555 4743 hoc
603 4682 733 4742 loco
780 4683 1143 4743 mentionem
1190 4684 1354 4764 facit,
1402 4703 1546 4746 usus
1595 4693 1722 4744 erat
1767 4694 1939 4745 antea
1983 4687 2044 4744 in
2093 4687 2469 4764 antiquarum
2524 4685 2845 4746 lectionum
2894 4702 3050 4745 com·

444 4791 730 4849 mentario
769 4789 1033 4849 secundo
1081 4809 1130 4850 c.
1168 4788 1210 4851 2
1256 4790 1330 4852 de
1368 4790 1696 4851 Adamantii
1736 4789 1997 4870 Martyrii
2046 4790 2241 4851 verbis
2290 4790 2443 4871 apud
2492 4791 2751 4853 Cassiod.
2790 4811 2843 4871 p.
2873 4789 3051 4853 2295

444 4897 550 4954 illa
607 4913 842 4971 quoque
903 4898 1172 4972 nomina,
1232 4915 1490 4972 quorum
1548 4900 1821 4958 secunda
1877 4899 2113 4973 syllaba
2171 4901 2232 4957 in
2290 4915 2329 4958 α
2388 4901 2592 4959 littera
2648 4900 2869 4959 desinit
2923 4917 3051 4978 sqq.

2550 5002 2625 5053 9*
