3613 5528
615 400 746 465 468
1596 403 1948 458 ARVSIANI
1986 403 2225 460 MESSII

608 515 653 552 p.
682 502 775 541 225.
803 503 881 542 226
910 501 963 544 11.

610 585 727 647 Cic.
775 605 883 667 pro
921 587 1135 649 Roscio
1176 592 1257 665 (p.
1299 589 1475 649 Rosc,
1518 591 1641 649 Am.
1680 590 1946 664 52,150)
1993 593 2191 651 i-nter
2236 591 2430 651 feras
2477 593 2706 652 satius
2752 599 2868 652 est
2912 599 3215 652 aetatem

608 693 869 773 degere
918 743 930 755 .
3103 677 3107 681 ,

786 802 1080 864 Desuetus
1143 803 1263 885 hie,
1328 803 1498 884 Verg.
1556 805 1696 866 Aen.
1755 803 1825 864 v1
1883 805 2061 879 (815)
2128 813 2198 865 et
2261 806 2393 865 iam
2458 805 2755 866 desueta
2821 807 3213 886 triumphis

608 912 886 990 agmina
933 959 947 970 .

784 1017 1008 1079 Diffidit
1052 1017 1162 1102 illi,
1212 1017 1378 1098 Verg.
1417 1020 1560 1080 Aen.
1599 1018 1677 1079 111
1717 1021 1855 1094 (51)
1905 1039 2055 1081 cum
2104 1023 2237 1081 iam
2283 1019 2667 1081 diffideret
2713 1022 2956 1101 armi8‚
3004 1020 3211 1082 Cicero
3267 1033 3293 1074 ⁵

605 1142 715 1205 pro
790 1124 1060 1186 Cluentio
1125 1145 1160 1183 ιιι
1229 1125 1685 1189 diffidentem
1760 1125 1978 1188 rebus
2055 1130 2209 1188 suis
2250 1143 2298 1208 ·‚
2373 1126 2487 1187 Sal.
2560 1125 2724 1188 Catil.
2799 1123 2996 1203 (31,3)
3072 1128 3210 1189 sibi

605 1235 1034 1312 patriaeque
1082 1231 1429 1294 diffidere
1479 1282 1492 1294 .

571 1343 576 1348 ’
783 1339 1044 1401 Defende
1092 1340 1247 1401 illam
1295 1359 1423 1401 rem
1476 1360 1586 1420 pro
1633 1340 1706 1402 ab
1754 1340 1851 1402 ina
1899 1360 1992 1422 re,
2047 1340 2217 1420 Verg.
2266 1341 2406 1402 Aen.
2454 1340 2506 1400 X
2553 1341 2745 1415 (905)
2791 1341 3004 1423 hunc,
3057 1361 3208 1418 oro,

606 1448 912 1512 defende
970 1450 1284 1510 furorem
1334 1497 1347 1510 .
1395 1449 1647 1510 defendo
1696 1448 1766 1510 ab
1815 1448 1911 1509 illa
1959 1467 2051 1530 re,
2101 1451 2256 1509 idem
2304 1448 2434 1509 buc.
2483 1449 2653 1525 (7‚6)
2702 1447 2861 1510 dum
2920 1457 3208 1510 teneras

606 1556 912 1617 defendo
959 1575 992 1616 a
1039 1557 1312 1636 frigore
1363 1566 1630 1637 myrtos
1678 1605 1692 1617 .
3238 1570 3291 1609 10

782 1663 1122 1724 Discrucior
1169 1663 1346 1725 huius
1393 1667 1512 1740 rei,
1560 1663 1694 1726 Ter.
1742 1663 1902 1725 Adel.
1951 1664 2083 1738 (IV
2122 1664 2250 1740 4‚1J
2298 1663 2709 1725 discrucior
2755 1667 2984 1726 animi.

782 1769 1009 1832 Dubius
1055 1771 1233 1833 huius
1279 1775 1399 1846 rei,
1448 1771 1661 1833 Salust.
1710 1772 1847 1832 hist.
1895 1771 1973 1832 111
2021 1769 2282 1833 dubius
2329 1771 2641 1833 consilii.
2682 1773 2693 1847 1
3006 1847 3019 1859 .

783 1877 988 1939 Decidi
1033 1878 1104 1939 de
1151 1877 1246 1938 illa
1295 1897 1378 1958 re,
1429 1877 1563 1939 Ter.
1610 1878 1790 1940 Heau.
1843 1879 1949 1950 (II
1986 1879 2120 1954 3‚9)
2168 1886 2430 1957 quanta
2476 1879 2557 1940 de
2604 1899 2727 1960 spe
2775 1880 3031 1941 decidi.

784 1985 1026 2066 Deperit
1070 1987 1344 2066 amicam,
1389 1986 1525 2046 Ter.
1572 1984 1755 2048 Heau.
1804 1986 1948 2058 (III
1986 1987 2161 2061 2,14)
2209 1985 2438 2046 Clinia
2487 1986 2665 2047 hanc
2712 1990 2773 2049 si
2820 1988 3117 2068 deperIt.

783 2092 867 2154 De
931 2092 1128 2155 subito
1193 2111 1328 2153 cum
1392 2094 1858 2173 praepositione,
1921 2092 2057 2154 Te’r.
2104 2092 2288 2153 Heau.
2354 2094 2485 2167 (IV
2540 2093 2675 2169 2,6J
2740 2093 2973 2155 bolum
3042 2094 3288 2155 mihim

606 2208 881 2262 tantum
930 2207 1254 2280 ereptum
1301 2209 1436 2261 tam
1484 2199 1564 2260 de
1613 2199 1856 2260 subito
1904 2218 1985 2260 ex
2033 2197 2367 2261 saucibus
2415 2248 2428 2260 .

782 2307 864 2368 De
929 2315 1203 2390 repente,
1266 2305 1401 2367 Ter.
1449 2304 1625 2385 Hecy.
1684 2306 1815 2379 (IV
1863 2306 1991 2387 1‚3)
2054 2307 2416 2386 corripuit
2461 2306 2542 2367 de
2592 2315 2892 2388 repente
2941 2309 3206 2369 tacitus

605 2434 762 2476 sese
810 2416 890 2476 ad
937 2416 1162 2477 filiam
1211 2462 1224 2475 .

781 2522 959 2584 Duxit
1004 2541 1095 2604 se,
1142 2521 1276 2582 Ter.
1322 2520 1498 2601 Hecy.
1547 2521 1679 2594 (IV
1716 2521 1850 2594 1‚7)

889 2648 1063 2691 uxor
1108 2628 1231 2690 ubi
1276 2647 1381 2689 me
1429 2627 1508 2689 ad
1558 2628 1782 2689 filiam
1831 2629 1935 2687 ire
1982 2629 2241 2708 sensit,
2287 2646 2360 2688 se
2408 2627 2615 2688 duxit
2661 2629 2851 2688 foras
2901 2675 2912 2687 .
3234 2642 3288 2681 20

781 2736 1041 2817 Diligens
1079 2736 1257 2798 huius
1293 2737 1409 2817 rei,
1455 2735 1574 2797 Cic.
1603 2753 1713 2816 pro
1744 2733 2017 2797 Cornelio
2057 2732 2109 2796 11
2148 2753 2350 2815 quam
2396 2734 2791 2815 diligentes
2837 2734 3207 2798 libertatis

603 2864 727 2906 vos
772 2853 1104 2926 oporteat
1149 2863 1307 2906 esse
1355 2891 1368 2904 .

779 2952 1100 3033 Duntaxat,
1153 2950 1214 3012 id
1268 2958 1361 3012 est
1415 2952 1642 3011 tantum
1698 2948 1873 3010 modo
1927 2949 2019 3011 vel
2065 2949 2180 3010 hoc
2235 2949 2390 3032 solo,
2445 2951 2563 3012 Cic.
2611 2968 2720 3031 pro
2766 2950 2941 3012 Corn.
2989 2949 3042 3011 11
3089 2953 3207 3029 qui

606 3058 990 3120 commodis
1036 3058 1101 3120 P.
1148 3058 1214 3119 R.
1261 3057 1505 3137 lingua
1552 3056 1915 3118 dumtaxat
1961 3077 2037 3118 ac
2086 3056 2454 3120 voluntate
2503 3059 2890 3120 consuluit.

783 3167 966 3229 Demo
1014 3166 1085 3227 de
1134 3166 1273 3246 hoc,
1320 3164 1437 3225 Cic.
1485 3184 1594 3245 pro
1642 3166 1773 3226 Cor.
1821 3164 1846 3225 1
1894 3165 2080 3227 demi
2127 3165 2400 3227 medius
2447 3165 2669 3227 fidius
2716 3165 2797 3227 de
2843 3165 2954 3227 his
3002 3185 3204 3227 orna·
3236 3178 3289 3218 25

604 3274 865 3334 mentis
911 3273 1362 3352 aliquantum
1410 3272 1639 3333 malim
1687 3320 1701 3333 .

783 3378 897 3440 Das
962 3380 1074 3440 hoc
1141 3381 1363 3461 facere,
1427 3379 1595 3459 Verg.
1653 3378 1795 3440 Aen.
1853 3378 1880 3440 1
1945 3379 2092 3453 (79)
2158 3388 2232 3440 tu
2297 3379 2418 3441 das
2485 3381 2722 3461 epulis
2785 3381 3206 3444 accumbere

603 3487 835 3548 divum
902 3494 964 3547 et
1026 3486 1074 3543 V
1137 3487 1325 3561 (689)
1392 3486 1472 3548 da
1547 3486 1893 3547 flammam
1967 3487 2267 3548 evadere
2343 3486 2562 3548 classi
2626 3496 2687 3549 et
2749 3487 2855 3548 ΧΠ
2912 3489 3060 3563 (97)
3126 3490 3207 3551 da

604 3604 938 3655 sternere
987 3612 1253 3675 corpus
1300 3596 1623 3655 semiviri
1669 3593 1969 3673 Phrygis
2017 3641 2030 3654 .

780 3700 863 3761 De
929 3702 1024 3762 die
1091 3704 1247 3763 sicut
1309 3720 1380 3762 ex
1446 3710 1741 3781 tempore,
1808 3700 1942 3761 Ter.
1991 3700 2150 3762 Adel.
2208 3704 2303 3776 (V
2342 3704 2470 3778 9,8)
2538 3722 2881 3783 apparare
2946 3705 3028 3765 de
3093 3703 3288 3764 dieso

603 3810 1037 3890 convivium,
1084 3808 1202 3871 Cic.
1249 3808 1462 3890 Philip.
1510 3807 1561 3868 11
1609 3808 1862 3883 (34,87)
1919 3827 2056 3868 non
2113 3808 2341 3870 solum
2395 3809 2477 3870 de
2533 3811 2643 3872 die
2692 3811 2814 3871 sed
2869 3813 3080 3871 etiam
3127 3811 3206 3871 ad

604 3914 787 3976 diem
832 3918 1073 3976 vivere
1122 3965 1134 3977 .

785 4087 990 4143 Codex‘
1019 4088 1313 4144 Parrhasii
1406 4096 1438 4144 6
1478 4088 1652 4160 Catil]
1691 4086 1832 4144 Cati.
2007 4093 2036 4141 7
2077 4085 2358 4143 diffideret
2527 4095 2559 4143 9
2596 4088 2833 4145 defendo
2877 4090 2951 4144 ab
2986 4088 3088 4144 illa
3123 4089 3206 4161 re]

604 4167 841 4223 defende
877 4168 950 4223 ab
987 4169 1089 4225 illa
1123 4186 1182 4224 re
1308 4169 1456 4225 idem
1495 4185 1599 4224 om.
1720 4174 1781 4222 11
1824 4169 1907 4223 rei
1944 4185 2042 4224 om.
2177 4175 2241 4222 12
2278 4168 2361 4224 rei
2396 4186 2496 4224 om.
2608 4174 2674 4223 13
2713 4169 2897 4242 Heau]
2936 4171 3047 4224 heu
3082 4172 3206 4226 item

605 4254 676 4305 14
711 4255 762 4305 et
796 4255 869 4306 15
991 4257 1056 4306 17
1096 4249 1386 4321 corripuit]
1424 4250 1672 4320 peripuit
1799 4257 1865 4305 19
1903 4249 2139 4305 Duxisse
2175 4250 2298 4304 Ter.
2422 4255 2492 4306 28
2528 4250 2657 4318 XII]
2694 4250 2771 4304 XI
2904 4255 2973 4304 29
3011 4266 3209 4320 corpus

605 4333 849 4386 sternere
886 4348 1024 4387 corr.
1063 4334 1308 4387 sternere
1346 4347 1546 4400 corpus
2698 4356 2704 4361 ·

784 4499 816 4547 6
853 4492 1140 4559 lacunam,
1176 4510 1286 4563 qua
1321 4493 1620 4561 exmplum
1647 4492 1918 4547 orationis
1944 4507 2053 4561 pro
2084 4490 2331 4546 Cluentio
2358 4495 2531 4558 23,63
2569 4488 2666 4559 qui
2700 4488 2808 4545 sibi
2843 4489 2957 4545 alia.
2992 4488 3207 4545 ratione

608 4570 890 4627 diffideret
924 4574 1154 4641 excidit,
1199 4575 1461 4630 indicavi.
1499 4574 1749 4643 sequitur
1797 4574 2097 4642 exemplum
2132 4575 2401 4629 orationis
2436 4573 2502 4626 de
2545 4571 2773 4640 imperio
2812 4570 3041 4639 Pompei
3073 4575 3207 4637 9‚23

604 4652 1058 4723 diffidentemque
1093 4655 1259 4709 rebus
1296 4653 1409 4707 suis
1556 4658 1621 4707 15
1657 4652 1851 4707 bolum
1888 4652 2028 4708 mihi
2062 4655 2282 4708 tantum
2321 4655 2573 4723 ereptum
2609 4651 2765 4720 apud
2796 4650 3107 4705 Terentium
3140 4667 3209 4705 ev

605 4733 817 4787 duobus
862 4734 1140 4789 codicibus
1184 4734 1356 4788 edidit
1399 4733 1709 4801 Boauleia-3,
1762 4734 1955 4789 bolum
2010 4737 2229 4789 tantum
2275 4733 2417 4788 mihi
2462 4732 2713 4801 ereptum
2761 4731 2960 4800 reliqui
3003 4731 3209 4785 codices

614 4814 856 4868 Terentii
1003 4819 1067 4868 17
1104 4811 1381 4883 proripuit
1418 4814 1492 4867 M
1504 4813 1557 4867 G
1592 4813 1677 4868 ita.
1713 4812 1984 4882 corripuit
2026 4814 2309 4868 Terentius
2450 4818 2520 4867 24
2556 4812 2616 4866 P.
2654 4812 2744 4882 R.]
2781 4810 2998 4881 patriae
3037 4809 3093 4863 G-

608 4898 677 4948 25
715 4893 783 4949 de
820 4894 909 4948 his
945 4894 1235 4950 tormentis
1275 4894 1350 4948 M
1489 4900 1556 4948 31
1595 4894 1667 4949 ad
1704 4892 1880 4967 diem]
1917 4892 1977 4948 in
2014 4894 2162 4950 diem
2202 4893 2385 4949 Cicero
