3613 5528
1284 439 1631 494 EXEMPLA
1669 438 2202 495 ELOCVTIONVM
2908 433 3041 500 465

439 551 487 588 p.
516 542 609 582 sss.
637 541 716 580 224
744 540 797 581 L.
835 565 846 576 .

622 625 804 686 Decet
852 633 938 707 te,
985 624 1105 687 Cic.
1151 625 1360 705 Philip.
1409 624 1461 686 Π
1506 627 1714 702 (8,20)
1763 644 1967 706 quam
2013 626 2079 687 id
2127 635 2223 706 te,
2270 625 2372 687 dii
2416 624 2610 706 honi,
2656 643 2790 685 non
2840 624 3044 685 dece·

442 732 561 794 bat
628 783 640 794 .
707 731 880 794 decet
945 733 1075 808 tibi,
1144 732 1256 793 Sal.
1322 732 1457 794 hist.
1522 732 1547 793 1
1611 733 1842 794 locum
1909 733 2293 795 editiorem
2367 751 2568 812 quam
2641 731 3046 836 victoribffis

445 838 749 901 decebat
794 843 1011 923 capit,
1059 840 1192 902 Ter.
1240 839 1425 901 Adelr.
1474 842 1568 914 (V
1605 841 1737 918 8,5)
1786 844 1883 902 ita
1933 840 2137 902 nobis
2184 841 2412 901 decet.

623 947 875 1010 Dimidio
923 948 1140 1028 pluriS,
1186 947 1246 1008 id
1294 956 1385 1008 est
1432 948 1638 1030 duplo,
1686 948 1804 1010 Cic.
1855 949 2132 1010 frument.
2181 952 2273 1022 (in
2326 950 2494 1009 Verr.
2528 949 2641 1009 ΙΙΙ
2670 948 2868 1022 32‚75
2893 950 3046 1023 sqq.)

365 1065 390 1104 ⁶
445 1055 518 1116 de
566 1054 833 1116 decumis
879 1054 1322 1116 Herbitensium
1369 1074 1477 1135 per
1524 1058 1882 1138 triennium,
1938 1073 2075 1117 cum
2128 1058 2320 1136 primo
2377 1074 2528 1117 anno
2574 1055 2844 1116 venditas
2890 1053 3049 1115 dicat

356 1169 370 1184 '
444 1164 625 1224 tritIci
673 1161 886 1223 modiis
932 1161 1114 1222 XVIII
1178 1160 1443 1243 milibuS,
1498 1163 1761 1224 secundo
1824 1165 2007 1224 tritici
2063 1162 2275 1223 modiis
2338 1161 2491 1222 XXV
2548 1162 2784 1224 milibus
2839 1161 3047 1243 DCCC,

444 1287 597 1329 anno
689 1270 866 1329 tertio
968 1271 1398 1349 supraiaciente
1489 1270 1853 1351 Aeschrione
1944 1271 2210 1332 venditas
2300 1270 2444 1331 dicit
2523 1271 2837 1332 medimnis
2919 1269 3050 1330 VIII

445 1374 682 1437 milibus
748 1384 1015 1457 centum,
1080 1377 1139 1437 id
1198 1383 1290 1437 est
1345 1374 1557 1437 modiis
1611 1375 1845 1437 XLVIII
1903 1375 2140 1438 milibus
2200 1376 2322 1457 DC,
2386 1375 2562 1456 dupla
2628 1394 2855 1437 summa
2910 1379 3048 1437 anni

443 1485 726 1564 proximi,
822 1484 1186 1545 addicitur
1278 1483 1653 1544 medimnis
1743 1482 1898 1544 VIII
1991 1483 2280 1545 milibus
2373 1484 2416 1544 C
2509 1483 2805 1545 dimidio
2896 1485 3047 1545 sere

367 1602 417 1640 10
443 1590 674 1671 pluris
738 1608 938 1670 quam
1007 1594 1390 1672 superiore
1456 1608 1635 1651 anno
1691 1611 1706 1651 ε
1762 1589 1921 1651 idem
1980 1609 2089 1670 pro
2152 1590 2363 1651 Flacco
2419 1591 2678 1666 (20,47J
2744 1590 3049 1652 habebat

444 1699 626 1757 enim
675 1697 925 1759 rhetor
971 1700 1109 1759 iste
1167 1697 1595 1779 discipulos,
1650 1715 1828 1777 quos
1887 1697 2184 1758 dimidio
2240 1698 2582 1760 redderet
2637 1698 3047 1773 stultioreS,

444 1822 649 1884 quam
708 1814 1114 1887 acceperat3
1171 1806 1519 1867 nemInem
1578 1812 1813 1866 tamen
1879 1803 2052 1866 adeo
2109 1805 2468 1867 infatuare
2526 1808 2789 1887 potuit,
2854 1813 2929 1866 ut
2984 1807 3047 1865 ei

444 1930 798 1974 nummum
844 1912 1324 1975 concrederet
1370 1961 1384 1973 .

623 2019 784 2080 Dedo
823 2019 1058 2097 illi'rei‚
1105 2003 1223 2081 Ci‘c.
1252 2039 1361 2101 pro
1392 2018 1586 2081 Caelio
1618 2021 1869 2096 (19,47)
1909 2021 2022 2082 hic
2069 2023 2129 2082 si
2174 2040 2247 2082 se
2294 2024 2420 2083 isti
2467 2023 2651 2082 vitae
2699 2021 3049 2105 dedisset,

369 2137 419 2177 15
446 2126 617 2207 Verg.
646 2146 844 2207 georg.
873 2126 982 2187 1111
1010 2129 1158 2203 (90)
1206 2128 1382 2190 dede
1429 2130 1588 2189 neci
1620 2176 1632 2189 .
1663 2127 1815 2189 dedo
1862 2132 1922 2190 in
1971 2130 2125 2191 illam
2172 2149 2327 2212 rem,
2372 2130 2507 2190 Ter.
2538 2128 2755 2189 Andria
2786 2129 3049 2203 (1228)

448 2252 736 2295 caesum
795 2242 862 2296 te
919 2238 988 2296 in
1044 2238 1460 2318 pristinum,
1516 2236 1726 2316 Dave,
1781 2235 2028 2297 dedam
2075 2236 2211 2317 [per
2259 2235 2493 2314 vitium]
2543 2284 2555 2296 .
2603 2236 2753 2297 dedo
2801 2235 2872 2296 ad
2920 2234 3051 2316 hoc,

451 2335 460 2425 Ι
512 2340 629 2402 Cic.
685 2360 795 2420 pro
850 2341 983 2403 Cor.
1030 2342 1083 2403 11
1140 2343 1219 2404 ad
1276 2344 1762 2405 miserrimum
1818 2343 2549 2423 crudelissimumque
2605 2343 3048 2404 dominatum

625 2550 808 2605 Codex
843 2552 1137 2607 Parrhasii
1206 2558 1242 2606 4
1287 2551 1575 2623 frument]
1623 2550 1934 2608 Comment.
2078 2559 2111 2607 6
2140 2551 2319 2606 XVIII
2356 2552 2609 2625 milibus]
2645 2551 2855 2607 XLIIII
2888 2555 2979 2616 ’ὦ

449 2637 478 2686 7
518 2649 689 2701 supra
723 2632 941 2688 iacente
991 2633 1278 2689 eschrione
1325 2631 1582 2689 venditas
1629 2632 1825 2688 dicunt
1867 2631 2165 2688 medimnis
2200 2632 2306 2687 1111
2344 2634 2476 2690 mib'
2514 2634 2738 2689 centum
2773 2631 2808 2686 i.
2848 2631 3049 2687 modiis

446 2711 650 2769 XLVII
687 2711 911 2768 milibus
948 2712 1119 2769 dctis:
1158 2712 1334 2783 dupla.
1476 2719 1508 2768 9
1546 2711 1704 2785 anni]
1743 2730 1870 2768 cum
2034 2718 2099 2768 10
2148 2711 2345 2769 <limidi
2389 2714 2504 2769 fere
2669 2718 2732 2768 12
2771 2710 3049 2767 nenimem

532 2799 599 2847 14
633 2792 731 2849 isti
765 2793 940 2867 vitae]
978 2795 1139 2851 istius
1175 2794 1302 2849 viae
1449 2799 1515 2849 16
1552 2793 1792 2864 pisti-inu
1831 2811 1968 2851 corr.
2006 2794 2249 2865 pristinu
2285 2795 2468 2850 eadem
2502 2811 2700 2864 manu,
2737 2799 2800 2848 ut
2833 2794 3050 2849 videtur

629 2999 653 3047 1
694 2992 896 3064 Decet]
936 2991 1084 3048 Serv.
1120 2993 1187 3046 in
1232 2991 1390 3062 Verq.
1427 2993 1564 3047 Aen.
1614 2991 1791 3047 VIII
1823 2996 1940 3049 127
2100 2998 2135 3046 4
2172 2990 2282 3046 Cic.
2330 2990 2388 3045 in
2424 2989 2812 3047 Frumentaria.
2851 2991 3051 3046 Maius

447 3073 511 3127 in
547 3074 782 3128 editione
819 3074 1228 3129 Mediolanensi
1265 3117 1279 3130 .
1321 3073 1466 3129 ‘tv-es.
1495 3075 1649 3129 codd.
1688 3075 1984 3129 comment.
2017 3090 2123 3143 pro
2157 3070 2545 3128 frumentari&
2587 3073 2874 3127 adnotavit
2907 3073 3051 3127 idem

445 3154 508 3207 in
551 3154 786 3208 editione
821 3152 1078 3208 Romana
1122 3194 1134 3205 .
1187 3152 1497 3209 ‘Cornelius
1540 3154 1758 3209 Fronto
1803 3153 2212 3209 Grammaticus
2256 3154 2320 3208 in
2365 3153 2623 3222 exemplis
2668 3152 3048 3218 elocutionum,

447 3235 675 3290 adducit
710 3235 774 3288 in
807 3249 932 3288 voce
966 3231 1239 3302 Dimidio,
1293 3235 1568 3292 Ciceronis
1611 3235 1802 3301 verba,
1857 3251 1924 3289 ex
1970 3235 2135 3302 libro,
2182 3249 2337 3304 quem
2378 3233 2511 3288 Tiro
2556 3234 2621 3287 in
2656 3232 2825 3288 lucem
2861 3234 3049 3302 edidit,

446 3318 510 3367 ut
561 3314 753 3369 scribit
813 3312 1227 3383 Quinctilianus
1262 3316 1355 3372 lib.
1412 3316 1476 3370 X
1526 3316 1856 3384 inscriptum
1893 3312 2304 3369 Commentario.
2359 3329 2676 3381 causarum3
2731 3329 2799 3368 ex
2852 3314 3052 3382 quibus

448 3402 592 3452 totus
624 3395 714 3449 hic
749 3395 815 3448 de
861 3394 1271 3450 Herbitensimn
1324 3398 1562 3452 decumis
1613 3398 1763 3451 locus
1817 3396 2023 3465 corriyi
2074 3399 2262 3463 potest.
2337 3398 2468 3448 sunt
2517 3397 2697 3448 autem
2748 3394 2878 3448 haec
2912 3413 2931 3447 .-
2966 3393 3049 3449 De

447 3475 696 3530 decumis
750 3473 1167 3530 Herbitensium
1220 3492 1321 3545 per
1374 3475 1675 3531 triennium
1732 3493 1859 3531 cum
1924 3475 2103 3546 primo
2160 3489 2306 3529 anno
2360 3472 2616 3529 venditas
2669 3473 2822 3530 dicat
2874 3474 3051 3530 tritici

446 3555 694 3612 modium
729 3554 952 3610 XLIIII.
993 3553 1246 3610 Secundo
1284 3557 1460 3613 tritici
1496 3556 1743 3611 modium
1779 3554 1950 3610 XXV.
1980 3554 2205 3610 milibus
2231 3551 2431 3610 DCCC.
2470 3570 2616 3610 anno
2652 3554 2822 3610 tertio
2859 3572 3050 3625 supra-

446 3635 682 3691 iaciente
712 3634 1051 3691 Aeschrione
1079 3636 1335 3693 venditas
1365 3637 1559 3692 dicunt
1593 3636 1933 3692 medimnum
1963 3636 2109 3691 VIII.
2139 3635 2278 3690 mill.
2308 3635 2564 3704 centum,
2599 3635 2659 3689 id
2686 3637 2774 3690 est
2799 3636 3049 3691 modium

447 3716 688 3772 XLVIII.
710 3715 909 3772 millib.
931 3715 1039 3771 DC.
1070 3716 1244 3787 dupla
1270 3734 1488 3773 summa
1514 3715 1648 3771 anui
1674 3715 1941 3785 proximi.
1963 3715 2242 3781 addicitur
2268 3715 2611 3770 medimnum
2630 3715 2777 3771 VIII.
2798 3716 3047 3771 millibus

449 3796 506 3852 C.
545 3796 778 3852 dimidio
815 3796 932 3851 fere
968 3795 1142 3867 pluris
1179 3813 1350 3866 quam
1396 3795 1681 3868 superiore
1737 3795 1905 3850 anno'
1957 3794 2029 3851 F.
2081 3795 2315 3850 Vrsinus
2358 3796 2424 3849 in
2461 3795 2572 3850 Cic.
2610 3797 2673 3850 in
2721 3795 2870 3852 Verr.
2911 3798 2946 3851 1.
2983 3815 3050 3865 c.,

446 3891 555 3942 not.
595 3887 660 3940 in
696 3886 938 3943 Ciceron.
975 3888 1055 3941 ed.
1095 3888 1357 3956 Antverp.
1404 3905 1456 3941 a.
1494 3890 1637 3942 1581
1669 3903 1730 3955 p.
1768 3889 1880 3940 177
2058 3891 2090 3939 6
2126 3883 2302 3939 tritici
2348 3883 2598 3938 modium
2642 3884 2825 3938 XVIII
2863 3887 3047 3956 primo

448 3968 560 4022 loco
597 3968 750 4037 apud
788 3965 1093 4022 Oiceronem
1126 3969 1368 4022 restituit
1404 3967 1697 4036 Zumptius
1852 3972 1882 4020 7
1913 3981 2080 4035 snpra.
2115 3963 2413 4020 adiiciente
2451 3964 2568 4019 coll.
2598 3963 2710 4019 Cic.
2741 3966 2775 4021 l.
2805 3982 2848 4021 c.
2878 3971 3049 4033 32,77

449 4064 616 4116 supra
650 4046 859 4102 adiecit
884 4045 1150 4102 Aeschrio
1180 4048 1406 4102 coniecit
1433 4046 1878 4111 Lindemannus,
1916 4045 2215 4101 adiiciente
2250 4045 2331 4099 vel
2365 4043 2571 4099 licente
2597 4045 2863 4100 Baiterus
2890 4049 3045 4116 apud

452 4127 713 4182 Orellium
769 4144 978 4182 excurs.
1014 4128 1080 4181 in
1119 4125 1230 4182 Gic.
1268 4128 1331 4181 in
1378 4126 1530 4182 Verr.
1561 4127 1689 4180 III
1721 4131 1795 4181 30
1822 4144 1884 4196 p.
1914 4130 2031 4182 320
2066 4126 2146 4180 ed.
2174 4141 2272 4181 sec.
2446 4124 2583 4179 dicit
2627 4125 3048 4183 Itindemannus

525 4213 590 4262 10
626 4207 873 4262 habebat
926 4206 1075 4262 enim
1130 4207 1319 4261 rhetor
1373 4207 1478 4262 iste
1535 4206 1921 4262 adulescentes
1957 4206 2225 4275 quosdam
2264 4205 2597 4274 locupletes,
2635 4222 2775 4275 quos
2813 4205 3048 4262 dimidio

449 4289 704 4344 redderet
750 4288 1034 4343 stultiores
1081 4286 1296 4354 Gicew,
1349 4288 1448 4342 ubi
1492 4286 1737 4349 habebat
1791 4286 1939 4341 enim
1985 4286 2285 4356 discipulos
2340 4284 2720 4341 adolescentes
2775 4287 3049 4356 quosdam

448 4369 756 4439 locupletes
802 4368 1031 4422 coniecit
1065 4367 1289 4422 Bauius
1332 4384 1448 4423 var.
1489 4369 1601 4423 lect.
1640 4368 1716 4422 ad
1753 4367 1864 4422 Cic.
1903 4372 2040 4421 orat.
2076 4383 2128 4421 v.
2168 4368 2252 4420 II
2278 4384 2336 4436 p.
2373 4371 2481 4422 145
2654 4373 2720 4421 13
2759 4383 3049 4420 nummum

449 4447 778 4502 concederet
834 4448 923 4513 M,
975 4464 1264 4501 nummum
1317 4447 1495 4501 ullum
1552 4447 1802 4502 crederet
1854 4446 2039 4502 Cicero
2220 4452 2288 4501 14
2331 4463 2434 4516 pro
2470 4445 2682 4517 Caelio]
2729 4462 2831 4516 pro
2870 4444 3048 4501 Gotho

454 4528 653 4583 Maius
687 4529 752 4581 in
786 4532 1019 4597 utraque
1063 4528 1298 4581 editione
1336 4570 1347 4582 .
1392 4526 1499 4581 ‘ita
1544 4533 1654 4582 tres
1698 4528 1850 4582 codd.
1889 4526 2046 4581 Edit.
2086 4525 2148 4581 L.
2189 4526 2433 4597 Othone,
2480 4544 2620 4597 quae
2660 4527 2877 4582 videtur
2918 4542 3048 4581 vera

450 4607 605 4662 lectio
643 4652 656 4664 .
697 4607 878 4662 Codex
913 4622 1061 4661 wnus
1096 4605 1310 4662 Coelio’
1359 4607 1647 4662 adnotavit
1692 4608 1834 4662 idem
1878 4609 1943 4661 in
1986 4608 2221 4662 editione
2254 4606 2512 4663 Romana
2550 4646 2564 4659 .
2744 4606 2837 4662 hic
2890 4606 2937 4662 si
2989 4625 3048 4663 se

451 4687 552 4755 (vel
597 4688 738 4756 sese)
791 4686 890 4741 isti
931 4685 1086 4741 vitae
1134 4686 1377 4761 dedisset
1421 4688 1626 4742 codices
1673 4687 1950 4743 Ciceronis
1997 4729 2010 4741 .
2057 4686 2366 4744 dedidisset
2411 4689 2595 4759 leyisse
2637 4688 2855 4743 videtur
2898 4688 3049 4743 Am-

448 4765 644 4821 danus
680 4809 693 4821 .
733 4766 824 4820 hic
862 4767 910 4822 si
946 4784 1004 4821 se
1039 4766 1203 4822 istius
1240 4765 1368 4822 viae
1405 4767 1651 4823 dedisset
1692 4785 1796 4838 pro
1846 4769 2152 4838 fraymento
2194 4769 2463 4823 orationis
2489 4785 2598 4838 pro
2634 4768 2702 4822 L.
2744 4767 2949 4824 Othone
2982 4787 3050 4825 ex

452 4844 735 4900 Frontone
779 4850 1042 4915 posuerat
1091 4845 1355 4914 Siyonius
1537 4855 1601 4903 16
1655 4848 1978 4904 verberibus
2025 4862 2249 4903 caesum
2292 4852 2351 4904 te
2396 4848 2456 4903 in
2501 4847 2823 4920 pistrinum,
2872 4849 3048 4918 Dave,

451 4925 653 4980 dedam
689 4943 863 4995 usque
898 4927 972 4981 sd
1008 4942 1200 4982 necem
1241 4927 1525 4983 Terentius
