<?xml version="1.0" encoding="UTF-8"?>
<!DOCTYPE html PUBLIC "-//W3C//DTD XHTML 1.0 Transitional//EN"
    "http://www.w3.org/TR/xhtml1/DTD/xhtml1-transitional.dtd">
<html xmlns="http://www.w3.org/1999/xhtml" xml:lang="en" lang="en">
 <head>
  <title>
</title>
<meta http-equiv="Content-Type" content="text/html;charset=utf-8" />
  <meta name='ocr-system' content='tesseract 3.04.00' />
  <meta name='ocr-capabilities' content='ocr_page ocr_carea ocr_par ocr_line ocrx_word'/>
</head>
<body>
  <div class='ocr_page' id='page_1' title='image "./grammaticilatin09keilgoog_0177.png"; bbox 0 0 3613 5528; ppageno 0'>
   <div class='ocr_carea' id='block_1_1' title="bbox 448 386 3044 537">
    <p class='ocr_par' dir='ltr' id='par_1_1' title="bbox 448 386 3044 537">
     <span class='ocr_line' id='line_1_1' title="bbox 1396 386 3044 453; baseline 0.006 -12"><span class='ocrx_word' id='word_1_1' title='bbox 1396 386 1493 441; x_wconf 86' lang='lat' dir='ltr'><strong>DE</strong></span> <span class='ocrx_word' id='word_1_2' title='bbox 1533 386 2113 445; x_wconf 85' lang='lat' dir='ltr'><strong><em>ORTHOGRAPHIA</em></strong></span> <span class='ocrx_word' id='word_1_3' title='bbox 2922 388 3044 453; x_wconf 81' lang='grc'><strong>167</strong></span> 
     </span>
     <span class='ocr_line' id='line_1_2' title="bbox 448 490 697 537; baseline 0.008 -10"><span class='ocrx_word' id='word_1_4' title='bbox 448 500 490 537; x_wconf 83' lang='lat' dir='ltr'><strong>p.</strong></span> <span class='ocrx_word' id='word_1_5' title='bbox 518 490 622 529; x_wconf 74' lang='lat'><strong>2295</strong></span> <span class='ocrx_word' id='word_1_6' title='bbox 651 490 697 529; x_wconf 76' lang='grc' dir='ltr'><strong>Ρ.</strong></span> 
     </span>
    </p>
   </div>
   <div class='ocr_carea' id='block_1_2' title="bbox 816 620 2676 689">
    <p class='ocr_par' dir='ltr' id='par_1_2' title="bbox 816 620 2676 689">
     <span class='ocr_line' id='line_1_3' title="bbox 816 620 2676 689; baseline 0.002 -6"><span class='ocrx_word' id='word_1_7' title='bbox 816 620 879 683; x_wconf 93' lang='lat' dir='ltr'><strong>V</strong></span> <span class='ocrx_word' id='word_1_8' title='bbox 930 620 1052 686; x_wconf 88' lang='lat' dir='ltr'><strong>EX</strong></span> <span class='ocrx_word' id='word_1_9' title='bbox 1099 620 1629 687; x_wconf 84' lang='lat' dir='ltr'><strong>ADAMANTIO</strong></span> <span class='ocrx_word' id='word_1_10' title='bbox 1676 620 2138 689; x_wconf 87' lang='lat' dir='ltr'>MARTYRIO</span> <span class='ocrx_word' id='word_1_11' title='bbox 2185 622 2305 687; x_wconf 93' lang='lat' dir='ltr'><strong>DE</strong></span> <span class='ocrx_word' id='word_1_12' title='bbox 2353 620 2409 685; x_wconf 93' lang='lat' dir='ltr'>B</span> <span class='ocrx_word' id='word_1_13' title='bbox 2455 622 2570 687; x_wconf 89' lang='grc' dir='ltr'><strong>ΕΤ</strong></span> <span class='ocrx_word' id='word_1_14' title='bbox 2617 622 2676 687; x_wconf 92' lang='lat' dir='ltr'><strong>V</strong></span> 
     </span>
    </p>
   </div>
   <div class='ocr_carea' id='block_1_3' title="bbox 328 766 3049 1491">
    <p class='ocr_par' dir='ltr' id='par_1_3' title="bbox 623 766 3046 849">
     <span class='ocr_line' id='line_1_4' title="bbox 623 766 3046 849; baseline 0.002 -24"><span class='ocrx_word' id='word_1_15' title='bbox 623 767 697 828; x_wconf 86' lang='lat' dir='ltr'><strong>Va</strong></span> <span class='ocrx_word' id='word_1_16' title='bbox 745 766 962 847; x_wconf 80' lang='lat' dir='ltr'>syllaba</span> <span class='ocrx_word' id='word_1_17' title='bbox 1008 768 1387 848; x_wconf 80' lang='lat' dir='ltr'><strong>praefulgens</strong></span> <span class='ocrx_word' id='word_1_18' title='bbox 1434 769 1493 827; x_wconf 92' lang='lat' dir='ltr'><strong>in</strong></span> <span class='ocrx_word' id='word_1_19' title='bbox 1543 770 1733 847; x_wconf 87' lang='lat' dir='ltr'><strong>capite</strong></span> <span class='ocrx_word' id='word_1_20' title='bbox 1780 770 2039 830; x_wconf 88' lang='lat' dir='ltr'><strong>nominis</strong></span> <span class='ocrx_word' id='word_1_21' title='bbox 2084 788 2193 849; x_wconf 91' lang='lat' dir='ltr'><strong>per</strong></span> <span class='ocrx_word' id='word_1_22' title='bbox 2235 789 2267 828; x_wconf 91' lang='lat' dir='ltr'><strong>v</strong></span> <span class='ocrx_word' id='word_1_23' title='bbox 2315 768 2574 830; x_wconf 79' lang='lat' dir='ltr'>vocalem</span> <span class='ocrx_word' id='word_1_24' title='bbox 2620 769 2750 830; x_wconf 90' lang='lat' dir='ltr'><strong>loco</strong></span> <span class='ocrx_word' id='word_1_25' title='bbox 2797 771 3046 849; x_wconf 79' lang='lat' dir='ltr'><strong>positam</strong></span> 
     </span>
    </p>

    <p class='ocr_par' dir='ltr' id='par_1_4' title="bbox 446 873 3046 956">
     <span class='ocr_line' id='line_1_5' title="bbox 446 873 3046 956; baseline 0 -22"><span class='ocrx_word' id='word_1_26' title='bbox 446 877 819 935; x_wconf 84' lang='lat' dir='ltr'><strong>consonantis</strong></span> <span class='ocrx_word' id='word_1_27' title='bbox 866 874 1189 956; x_wconf 79' lang='lat' dir='ltr'><strong>scribetur,</strong></span> <span class='ocrx_word' id='word_1_28' title='bbox 1245 876 1521 954; x_wconf 90' lang='lat' dir='ltr'><strong>quoniam</strong></span> <span class='ocrx_word' id='word_1_29' title='bbox 1570 874 1714 935; x_wconf 88' lang='lat' dir='ltr'><strong>haec</strong></span> <span class='ocrx_word' id='word_1_30' title='bbox 1760 874 1918 955; x_wconf 88' lang='lat' dir='ltr'><strong>apud</strong></span> <span class='ocrx_word' id='word_1_31' title='bbox 1964 873 2205 937; x_wconf 90' lang='lat' dir='ltr'><strong>Latinos</strong></span> <span class='ocrx_word' id='word_1_32' title='bbox 2251 875 2444 937; x_wconf 88' lang='lat' dir='ltr'><strong>littera</strong></span> <span class='ocrx_word' id='word_1_33' title='bbox 2498 874 2630 956; x_wconf 88' lang='lat' dir='ltr'><strong>plus</strong></span> <span class='ocrx_word' id='word_1_34' title='bbox 2678 875 2828 936; x_wconf 84' lang='lat' dir='ltr'><strong>valet</strong></span> <span class='ocrx_word' id='word_1_35' title='bbox 2874 894 3046 954; x_wconf 92' lang='lat' dir='ltr'><strong>quam</strong></span> 
     </span>
    </p>

    <p class='ocr_par' dir='ltr' id='par_1_5' title="bbox 445 979 3048 1065">
     <span class='ocr_line' id='line_1_6' title="bbox 445 979 3048 1065; baseline 0 -24"><span class='ocrx_word' id='word_1_36' title='bbox 445 979 481 1041; x_wconf 94' lang='lat' dir='ltr'><strong>b</strong></span> <span class='ocrx_word' id='word_1_37' title='bbox 520 990 701 1065; x_wconf 85' lang='lat' dir='ltr'><strong>muta,</strong></span> <span class='ocrx_word' id='word_1_38' title='bbox 750 983 884 1060; x_wconf 90' lang='lat' dir='ltr'><strong>quia</strong></span> <span class='ocrx_word' id='word_1_39' title='bbox 925 989 985 1042; x_wconf 89' lang='lat' dir='ltr'><strong>et</strong></span> <span class='ocrx_word' id='word_1_40' title='bbox 1023 980 1238 1042; x_wconf 85' lang='lat' dir='ltr'><strong>vocalis</strong></span> <span class='ocrx_word' id='word_1_41' title='bbox 1278 989 1372 1042; x_wconf 86' lang='lat' dir='ltr'><strong>est</strong></span> <span class='ocrx_word' id='word_1_42' title='bbox 1416 989 1503 1063; x_wconf 89' lang='lat' dir='ltr'><strong>et,</strong></span> <span class='ocrx_word' id='word_1_43' title='bbox 1549 981 1691 1042; x_wconf 89' lang='lat' dir='ltr'><strong>dum</strong></span> <span class='ocrx_word' id='word_1_44' title='bbox 1729 984 2084 1043; x_wconf 80' lang='lat' dir='ltr'><strong>crassiorem</strong></span> <span class='ocrx_word' id='word_1_45' title='bbox 2122 985 2399 1062; x_wconf 79' lang='lat' dir='ltr'><strong>exprimit</strong></span> <span class='ocrx_word' id='word_1_46' title='bbox 2437 1000 2677 1064; x_wconf 88' lang='lat' dir='ltr'><strong>sonum,</strong></span> <span class='ocrx_word' id='word_1_47' title='bbox 2726 983 2939 1043; x_wconf 81' lang='lat' dir='ltr'><strong>transit</strong></span> <span class='ocrx_word' id='word_1_48' title='bbox 2989 984 3048 1041; x_wconf 89' lang='lat' dir='ltr'><strong>in</strong></span> 
     </span>
    </p>

    <p class='ocr_par' dir='ltr' id='par_1_6' title="bbox 361 1088 3049 1171">
     <span class='ocr_line' id='line_1_7' title="bbox 361 1088 3049 1171; baseline 0.001 -26"><span class='ocrx_word' id='word_1_49' title='bbox 361 1105 389 1145; x_wconf 82' lang='lat'>5</span> <span class='ocrx_word' id='word_1_50' title='bbox 444 1090 893 1150; x_wconf 87' lang='lat' dir='ltr'><strong>consonantium</strong></span> <span class='ocrx_word' id='word_1_51' title='bbox 947 1096 1328 1170; x_wconf 85' lang='lat' dir='ltr'><strong>potestatem,</strong></span> <span class='ocrx_word' id='word_1_52' title='bbox 1383 1097 1452 1150; x_wconf 87' lang='lat' dir='ltr'><strong>ut</strong></span> <span class='ocrx_word' id='word_1_53' title='bbox 1505 1097 1665 1149; x_wconf 88' lang='lat' dir='ltr'><strong>vates</strong></span> <span class='ocrx_word' id='word_1_54' title='bbox 1724 1107 1907 1149; x_wconf 89' lang='lat' dir='ltr'><strong>vanus</strong></span> <span class='ocrx_word' id='word_1_55' title='bbox 1963 1107 2145 1168; x_wconf 89' lang='lat' dir='ltr'><strong>vagus</strong></span> <span class='ocrx_word' id='word_1_56' title='bbox 2199 1088 2425 1150; x_wconf 87' lang='lat' dir='ltr'><strong>validus</strong></span> <span class='ocrx_word' id='word_1_57' title='bbox 2484 1107 2728 1171; x_wconf 77' lang='lat' dir='ltr'><strong>vacuuS,</strong></span> <span class='ocrx_word' id='word_1_58' title='bbox 2786 1091 3049 1169; x_wconf 86' lang='lat' dir='ltr'><strong>exceptis</strong></span> 
     </span>
    </p>

    <p class='ocr_par' dir='ltr' id='par_1_7' title="bbox 443 1193 3048 1278">
     <span class='ocr_line' id='line_1_8' title="bbox 443 1193 3048 1278; baseline 0 -23"><span class='ocrx_word' id='word_1_59' title='bbox 443 1193 602 1255; x_wconf 89' lang='lat' dir='ltr'><strong>basio</strong></span> <span class='ocrx_word' id='word_1_60' title='bbox 647 1193 878 1256; x_wconf 90' lang='lat' dir='ltr'><strong>balineo</strong></span> <span class='ocrx_word' id='word_1_61' title='bbox 928 1205 987 1257; x_wconf 89' lang='lat' dir='ltr'><strong>et</strong></span> <span class='ocrx_word' id='word_1_62' title='bbox 1032 1194 1270 1278; x_wconf 88' lang='lat' dir='ltr'><strong>baculo,</strong></span> <span class='ocrx_word' id='word_1_63' title='bbox 1316 1214 1348 1256; x_wconf 91' lang='lat' dir='ltr'><strong>a</strong></span> <span class='ocrx_word' id='word_1_64' title='bbox 1395 1214 1513 1275; x_wconf 91' lang='lat' dir='ltr'><strong>quo</strong></span> <span class='ocrx_word' id='word_1_65' title='bbox 1562 1193 1809 1256; x_wconf 85' lang='lat' dir='ltr'><strong>bacillus</strong></span> <span class='ocrx_word' id='word_1_66' title='bbox 1848 1198 2112 1256; x_wconf 91' lang='lat' dir='ltr'><strong>nascitur</strong></span> <span class='ocrx_word' id='word_1_67' title='bbox 2149 1194 2630 1256; x_wconf 78' lang='lat' dir='ltr'><strong>deminutivum.&#39;</strong></span> <span class='ocrx_word' id='word_1_68' title='bbox 2669 1194 2765 1256; x_wconf 90' lang='lat' dir='ltr'><strong>illa</strong></span> <span class='ocrx_word' id='word_1_69' title='bbox 2812 1213 3048 1275; x_wconf 85' lang='lat' dir='ltr'><strong>quoquc</strong></span> 
     </span>
    </p>

    <p class='ocr_par' dir='ltr' id='par_1_8' title="bbox 328 1300 3046 1491">
     <span class='ocr_line' id='line_1_9' title="bbox 328 1300 3046 1385; baseline 0.001 -25"><span class='ocrx_word' id='word_1_70' title='bbox 328 1372 347 1376; x_wconf 48' lang='grc'>-</span> <span class='ocrx_word' id='word_1_71' title='bbox 443 1304 704 1385; x_wconf 91' lang='lat' dir='ltr'><strong>nomina,</strong></span> <span class='ocrx_word' id='word_1_72' title='bbox 751 1321 1004 1381; x_wconf 91' lang='lat' dir='ltr'><strong>quorum</strong></span> <span class='ocrx_word' id='word_1_73' title='bbox 1054 1302 1314 1363; x_wconf 89' lang='lat' dir='ltr'><strong>secunda</strong></span> <span class='ocrx_word' id='word_1_74' title='bbox 1360 1300 1578 1381; x_wconf 79' lang='lat' dir='ltr'><strong>syllaba</strong></span> <span class='ocrx_word' id='word_1_75' title='bbox 1626 1303 1685 1362; x_wconf 91' lang='lat' dir='ltr'><strong>in</strong></span> <span class='ocrx_word' id='word_1_76' title='bbox 1725 1320 1757 1362; x_wconf 89' lang='lat' dir='ltr'><strong>a</strong></span> <span class='ocrx_word' id='word_1_77' title='bbox 1800 1301 2058 1363; x_wconf 88' lang='lat' dir='ltr'><strong>litteram</strong></span> <span class='ocrx_word' id='word_1_78' title='bbox 2102 1300 2348 1383; x_wconf 84' lang='lat' dir='ltr'><strong>desinit,</strong></span> <span class='ocrx_word' id='word_1_79' title='bbox 2395 1320 2502 1381; x_wconf 92' lang='lat' dir='ltr'><strong>per</strong></span> <span class='ocrx_word' id='word_1_80' title='bbox 2548 1300 2586 1362; x_wconf 92' lang='lat' dir='ltr'><strong>b</strong></span> <span class='ocrx_word' id='word_1_81' title='bbox 2633 1309 2856 1363; x_wconf 85' lang='lat' dir='ltr'><strong>mutam</strong></span> <span class='ocrx_word' id='word_1_82' title='bbox 2905 1305 3046 1363; x_wconf 86' lang='lat' dir='ltr'><strong>scri-</strong></span> 
     </span>
     <span class='ocr_line' id='line_1_10' title="bbox 442 1400 2851 1491; baseline 0.001 -23"><span class='ocrx_word' id='word_1_83' title='bbox 442 1407 687 1491; x_wconf 84' lang='lat' dir='ltr'><strong>bentur,</strong></span> <span class='ocrx_word' id='word_1_84' title='bbox 734 1419 800 1470; x_wconf 90' lang='lat' dir='ltr'><strong>ut</strong></span> <span class='ocrx_word' id='word_1_85' title='bbox 842 1408 1069 1471; x_wconf 88' lang='lat' dir='ltr'><strong>balatro</strong></span> <span class='ocrx_word' id='word_1_86' title='bbox 1118 1400 1401 1489; x_wconf 73' lang='grc' dir='ltr'><strong><em>ἄσωτος,</em></strong></span> <span class='ocrx_word' id='word_1_87' title='bbox 1448 1408 1701 1489; x_wconf 67' lang='lat' dir='ltr'><strong>balaum,</strong></span> <span class='ocrx_word' id='word_1_88' title='bbox 1748 1407 2092 1470; x_wconf 85' lang='lat' dir='ltr'><strong>barathrum</strong></span> <span class='ocrx_word' id='word_1_89' title='bbox 2142 1407 2485 1487; x_wconf 88' lang='lat' dir='ltr'><strong>[barbarus]</strong></span> <span class='ocrx_word' id='word_1_90' title='bbox 2534 1427 2601 1469; x_wconf 89' lang='lat' dir='ltr'><strong>ac</strong></span> <span class='ocrx_word' id='word_1_91' title='bbox 2649 1408 2800 1470; x_wconf 87' lang='lat' dir='ltr'><strong>talia.</strong></span> <span class='ocrx_word' id='word_1_92' title='bbox 2841 1409 2851 1485; x_wconf 81' lang='grc' dir='ltr'>Ι</span> 
     </span>
    </p>
   </div>
   <div class='ocr_carea' id='block_1_4' title="bbox 450 1533 868 1541">
    <p class='ocr_par' dir='ltr' id='par_1_9' title="bbox 450 1533 868 1541">
     <span class='ocr_line' id='line_1_11' title="bbox 450 1533 868 1541; baseline 0 3987"><span class='ocrx_word' id='word_1_93' title='bbox 450 1533 868 1541; x_wconf 95' lang='lat' dir='ltr'><strong> </strong></span> 
     </span>
    </p>
   </div>
   <div class='ocr_carea' id='block_1_5' title="bbox 439 1571 3054 2289">
    <p class='ocr_par' dir='ltr' id='par_1_10' title="bbox 439 1571 3054 2289">
     <span class='ocr_line' id='line_1_12' title="bbox 585 1571 3050 1650; baseline -0.001 -15"><span class='ocrx_word' id='word_1_94' title='bbox 585 1588 610 1635; x_wconf 87' lang='grc'>1</span> <span class='ocrx_word' id='word_1_95' title='bbox 652 1580 750 1635; x_wconf 79' lang='lat' dir='ltr'><strong>Ex</strong></span> <span class='ocrx_word' id='word_1_96' title='bbox 787 1580 1230 1636; x_wconf 84' lang='lat' dir='ltr'><strong>ADAMANTIO</strong></span> <span class='ocrx_word' id='word_1_97' title='bbox 1269 1579 1629 1635; x_wconf 81' lang='lat' dir='ltr'><strong>MARTIRIO</strong></span> <span class='ocrx_word' id='word_1_98' title='bbox 1668 1578 1765 1633; x_wconf 87' lang='lat' dir='ltr'><strong>DE</strong></span> <span class='ocrx_word' id='word_1_99' title='bbox 1805 1579 1851 1632; x_wconf 92' lang='lat' dir='ltr'><strong>B</strong></span> <span class='ocrx_word' id='word_1_100' title='bbox 1885 1579 1981 1634; x_wconf 83' lang='lat' dir='ltr'><strong>ET</strong></span> <span class='ocrx_word' id='word_1_101' title='bbox 2020 1579 2069 1635; x_wconf 89' lang='lat' dir='ltr'><strong>U</strong></span> <span class='ocrx_word' id='word_1_102' title='bbox 2097 1580 2169 1648; x_wconf 87' lang='lat' dir='ltr'><strong>(U</strong></span> <span class='ocrx_word' id='word_1_103' title='bbox 2196 1578 2291 1634; x_wconf 87' lang='grc' dir='ltr'><strong>ΕΤ</strong></span> <span class='ocrx_word' id='word_1_104' title='bbox 2329 1580 2372 1633; x_wconf 92' lang='grc' dir='ltr'>Β</span> <span class='ocrx_word' id='word_1_105' title='bbox 2402 1580 2478 1650; x_wconf 91' lang='lat' dir='ltr'><strong>A)</strong></span> <span class='ocrx_word' id='word_1_106' title='bbox 2505 1578 2615 1633; x_wconf 84' lang='lat' dir='ltr'><strong>AC&#39;</strong></span> <span class='ocrx_word' id='word_1_107' title='bbox 2637 1571 3050 1634; x_wconf 82' lang='lat' dir='ltr'><strong>ADAMANTII</strong></span> 
     </span>
     <span class='ocr_line' id='line_1_13' title="bbox 440 1659 3054 1732; baseline 0 -19"><span class='ocrx_word' id='word_1_108' title='bbox 440 1659 802 1719; x_wconf 74' lang='lat' dir='ltr'><strong>MARTYRII</strong></span> <span class='ocrx_word' id='word_1_109' title='bbox 838 1661 934 1715; x_wconf 90' lang='lat' dir='ltr'><strong>DE</strong></span> <span class='ocrx_word' id='word_1_110' title='bbox 974 1661 1018 1715; x_wconf 87' lang='lat' dir='ltr'>B</span> <span class='ocrx_word' id='word_1_111' title='bbox 1045 1661 1142 1716; x_wconf 90' lang='lat' dir='ltr'><strong>ET</strong></span> <span class='ocrx_word' id='word_1_112' title='bbox 1173 1662 1221 1716; x_wconf 90' lang='lat' dir='ltr'>U</span> <span class='ocrx_word' id='word_1_113' title='bbox 1257 1662 1312 1715; x_wconf 89' lang='lat' dir='ltr'><em>B</em></span> <span class='ocrx_word' id='word_1_114' title='bbox 1420 1667 1452 1717; x_wconf 78' lang='lat'>2</span> <span class='ocrx_word' id='word_1_115' title='bbox 1491 1662 1615 1719; x_wconf 90' lang='lat' dir='ltr'><strong>loco</strong></span> <span class='ocrx_word' id='word_1_116' title='bbox 1646 1662 1890 1732; x_wconf 75' lang='lat' dir='ltr'><strong>positam</strong></span> <span class='ocrx_word' id='word_1_117' title='bbox 1919 1662 2273 1717; x_wconf 85' lang='lat' dir='ltr'><strong>consonantis</strong></span> <span class='ocrx_word' id='word_1_118' title='bbox 2301 1666 2401 1715; x_wconf 83' lang='lat' dir='ltr'><strong>om‘.</strong></span> <span class='ocrx_word' id='word_1_119' title='bbox 2431 1660 2487 1713; x_wconf 92' lang='lat' dir='ltr'><em>B</em></span> <span class='ocrx_word' id='word_1_120' title='bbox 2596 1665 2628 1712; x_wconf 83' lang='lat'><strong>3</strong></span> <span class='ocrx_word' id='word_1_121' title='bbox 2660 1659 2921 1714; x_wconf 83' lang='lat' dir='ltr'><strong>scribitur</strong></span> <span class='ocrx_word' id='word_1_122' title='bbox 2948 1660 3054 1713; x_wconf 77' lang='lat' dir='ltr'><strong>AG</strong></span> 
     </span>
     <span class='ocr_line' id='line_1_14' title="bbox 508 1737 3050 1811; baseline -0 -17"><span class='ocrx_word' id='word_1_123' title='bbox 508 1740 669 1811; x_wconf 88' lang='lat' dir='ltr'><strong>haec]</strong></span> <span class='ocrx_word' id='word_1_124' title='bbox 710 1740 748 1794; x_wconf 87' lang='lat' dir='ltr'>h</span> <span class='ocrx_word' id='word_1_125' title='bbox 782 1741 838 1794; x_wconf 91' lang='lat' dir='ltr'><strong><em>B</em></strong></span> <span class='ocrx_word' id='word_1_126' title='bbox 966 1746 997 1795; x_wconf 83' lang='lat'>6</span> <span class='ocrx_word' id='word_1_127' title='bbox 1036 1740 1222 1797; x_wconf 81' lang='lat' dir='ltr'><strong>bassio</strong></span> <span class='ocrx_word' id='word_1_128' title='bbox 1250 1741 1449 1797; x_wconf 88' lang='lat' dir='ltr'><strong>balneo</strong></span> <span class='ocrx_word' id='word_1_129' title='bbox 1479 1742 1533 1796; x_wconf 98' lang='lat' dir='ltr'><strong><em>A</em></strong></span> <span class='ocrx_word' id='word_1_130' title='bbox 1574 1742 1754 1797; x_wconf 78' lang='lat' dir='ltr'><strong>bassio</strong></span> <span class='ocrx_word' id='word_1_131' title='bbox 1790 1742 1955 1797; x_wconf 87' lang='lat' dir='ltr'><strong>balne</strong></span> <span class='ocrx_word' id='word_1_132' title='bbox 1996 1739 2044 1795; x_wconf 83' lang='lat'><em>0</em></span> <span class='ocrx_word' id='word_1_133' title='bbox 2134 1739 2540 1795; x_wconf 85' lang='lat' dir='ltr'><strong>-deminutiuus</strong></span> <span class='ocrx_word' id='word_1_134' title='bbox 2577 1737 2757 1792; x_wconf 83' lang='lat' dir='ltr'><strong>ABG</strong></span> <span class='ocrx_word' id='word_1_135' title='bbox 2880 1745 2909 1793; x_wconf 79' lang='lat'><strong>7</strong></span> <span class='ocrx_word' id='word_1_136' title='bbox 2949 1757 3050 1809; x_wconf 84' lang='lat' dir='ltr'><strong>per</strong></span> 
     </span>
     <span class='ocr_line' id='line_1_15' title="bbox 439 1814 3047 1887; baseline -0.001 -12"><span class='ocrx_word' id='word_1_137' title='bbox 439 1822 477 1875; x_wconf 91' lang='lat' dir='ltr'><strong>b</strong></span> <span class='ocrx_word' id='word_1_138' title='bbox 512 1823 727 1874; x_wconf 84' lang='lat' dir='ltr'><strong>mutam</strong></span> <span class='ocrx_word' id='word_1_139' title='bbox 763 1820 1073 1875; x_wconf 72' lang='lat' dir='ltr'><strong>scribentur</strong></span> <span class='ocrx_word' id='word_1_140' title='bbox 1110 1821 1175 1873; x_wconf 90' lang='lat' dir='ltr'><strong>ut</strong></span> <span class='ocrx_word' id='word_1_141' title='bbox 1208 1819 1427 1874; x_wconf 85' lang='lat' dir='ltr'><strong>balatro</strong></span> <span class='ocrx_word' id='word_1_142' title='bbox 1465 1814 1737 1878; x_wconf 74' lang='grc' dir='ltr'>ὸΕωΤΟ(</span> <span class='ocrx_word' id='word_1_143' title='bbox 1782 1820 2006 1875; x_wconf 81' lang='lat' dir='ltr'><strong>balatus</strong></span> <span class='ocrx_word' id='word_1_144' title='bbox 2043 1819 2328 1874; x_wconf 76' lang='lat' dir='ltr'><strong>baratrum</strong></span> <span class='ocrx_word' id='word_1_145' title='bbox 2365 1818 2421 1871; x_wconf 91' lang='lat' dir='ltr'><strong><em>B</em></strong></span> <span class='ocrx_word' id='word_1_146' title='bbox 2459 1834 2558 1887; x_wconf 89' lang='lat' dir='ltr'><strong>per</strong></span> <span class='ocrx_word' id='word_1_147' title='bbox 2593 1818 2631 1871; x_wconf 91' lang='lat' dir='ltr'><strong>b</strong></span> <span class='ocrx_word' id='word_1_148' title='bbox 2667 1822 2881 1871; x_wconf 83' lang='lat' dir='ltr'><strong>mutam</strong></span> <span class='ocrx_word' id='word_1_149' title='bbox 2919 1817 3047 1872; x_wconf 87' lang='lat' dir='ltr'><strong>scri-</strong></span> 
     </span>
     <span class='ocr_line' id='line_1_16' title="bbox 442 1896 3052 1968; baseline -0.001 -15"><span class='ocrx_word' id='word_1_150' title='bbox 442 1900 648 1954; x_wconf 88' lang='lat' dir='ltr'><strong>buntur</strong></span> <span class='ocrx_word' id='word_1_151' title='bbox 682 1902 748 1953; x_wconf 89' lang='lat' dir='ltr'><strong>ut</strong></span> <span class='ocrx_word' id='word_1_152' title='bbox 781 1900 1023 1957; x_wconf 84' lang='lat' dir='ltr'><strong>balatro.</strong></span> <span class='ocrx_word' id='word_1_153' title='bbox 1079 1899 1247 1955; x_wconf 85' lang='lat' dir='ltr'><strong>acuit.</strong></span> <span class='ocrx_word' id='word_1_154' title='bbox 1305 1900 1375 1954; x_wconf 85' lang='lat' dir='ltr'><strong>de</strong></span> <span class='ocrx_word' id='word_1_155' title='bbox 1412 1901 1516 1968; x_wconf 83' lang='lat' dir='ltr'><strong>(vel</strong></span> <span class='ocrx_word' id='word_1_156' title='bbox 1552 1899 1640 1968; x_wconf 87' lang='lat' dir='ltr'><strong>dc)</strong></span> <span class='ocrx_word' id='word_1_157' title='bbox 1677 1900 1836 1955; x_wconf 84' lang='lat' dir='ltr'><strong>balat</strong></span> <span class='ocrx_word' id='word_1_158' title='bbox 1870 1901 2156 1955; x_wconf 84' lang='lat' dir='ltr'><strong>baratrum</strong></span> <span class='ocrx_word' id='word_1_159' title='bbox 2198 1898 2246 1954; x_wconf 81' lang='lat'><strong><em>0</em></strong></span> <span class='ocrx_word' id='word_1_160' title='bbox 2275 1916 2375 1968; x_wconf 87' lang='lat' dir='ltr'><strong>per</strong></span> <span class='ocrx_word' id='word_1_161' title='bbox 2407 1899 2446 1953; x_wconf 89' lang='lat' dir='ltr'><strong>b</strong></span> <span class='ocrx_word' id='word_1_162' title='bbox 2484 1899 2700 1951; x_wconf 81' lang='lat' dir='ltr'><strong>mutam</strong></span> <span class='ocrx_word' id='word_1_163' title='bbox 2737 1896 3052 1951; x_wconf 89' lang='lat' dir='ltr'><strong>scribuntur</strong></span> 
     </span>
     <span class='ocr_line' id='line_1_17' title="bbox 440 1974 3051 2049; baseline -0.002 -14"><span class='ocrx_word' id='word_1_164' title='bbox 440 1982 505 2035; x_wconf 89' lang='lat' dir='ltr'><strong>ut</strong></span> <span class='ocrx_word' id='word_1_165' title='bbox 547 1980 705 2036; x_wconf 90' lang='lat' dir='ltr'><strong>balat</strong></span> <span class='ocrx_word' id='word_1_166' title='bbox 748 1980 1034 2035; x_wconf 76' lang='lat' dir='ltr'><strong>baratrum</strong></span> <span class='ocrx_word' id='word_1_167' title='bbox 1071 1979 1152 2048; x_wconf 88' lang='lat' dir='ltr'><strong>A,</strong></span> <span class='ocrx_word' id='word_1_168' title='bbox 1199 1995 1298 2049; x_wconf 85' lang='lat' dir='ltr'><strong>per</strong></span> <span class='ocrx_word' id='word_1_169' title='bbox 1341 1980 1380 2035; x_wconf 92' lang='lat' dir='ltr'><strong>b</strong></span> <span class='ocrx_word' id='word_1_170' title='bbox 1428 1982 1644 2035; x_wconf 86' lang='lat' dir='ltr'><strong>mutam</strong></span> <span class='ocrx_word' id='word_1_171' title='bbox 1690 1980 2028 2049; x_wconf 76' lang='lat' dir='ltr'><strong>scribentur,</strong></span> <span class='ocrx_word' id='word_1_172' title='bbox 2074 1983 2141 2034; x_wconf 91' lang='lat' dir='ltr'><strong>ut</strong></span> <span class='ocrx_word' id='word_1_173' title='bbox 2182 1978 2443 2033; x_wconf 85' lang='lat' dir='ltr'><strong>bambalo</strong></span> <span class='ocrx_word' id='word_1_174' title='bbox 2487 1974 2808 2044; x_wconf 73' lang='grc' dir='ltr'><strong><em>ψελλισιὴς,</em></strong></span> <span class='ocrx_word' id='word_1_175' title='bbox 2859 1976 3051 2044; x_wconf 89' lang='lat' dir='ltr'><strong>bacca,</strong></span> 
     </span>
     <span class='ocr_line' id='line_1_18' title="bbox 440 2054 3054 2131; baseline -0.001 -18"><span class='ocrx_word' id='word_1_176' title='bbox 440 2059 695 2115; x_wconf 79' lang='lat' dir='ltr'><strong>balathro</strong></span> <span class='ocrx_word' id='word_1_177' title='bbox 732 2054 971 2127; x_wconf 73' lang='grc' dir='ltr'><strong><em>ἄσωτος,</em></strong></span> <span class='ocrx_word' id='word_1_178' title='bbox 1008 2060 1234 2114; x_wconf 83' lang='lat' dir='ltr'><strong>balatus</strong></span> <span class='ocrx_word' id='word_1_179' title='bbox 1269 2055 1621 2131; x_wconf 75' lang='grc' dir='ltr'><strong><em>βληχηθμὸς,</em></strong></span> <span class='ocrx_word' id='word_1_180' title='bbox 1657 2060 1986 2115; x_wconf 74' lang='lat' dir='ltr'><strong>barathrum</strong></span> <span class='ocrx_word' id='word_1_181' title='bbox 2027 2076 2061 2119; x_wconf 85' lang='grc' dir='ltr'><strong><em>ς</em></strong></span> <span class='ocrx_word' id='word_1_182' title='bbox 2096 2065 2146 2115; x_wconf 83' lang='lat' dir='ltr'><strong>et</strong></span> <span class='ocrx_word' id='word_1_183' title='bbox 2185 2058 2382 2114; x_wconf 78' lang='lat' dir='ltr'><strong>Gamo</strong></span> <span class='ocrx_word' id='word_1_184' title='bbox 2418 2058 2589 2125; x_wconf 76' lang='lat' dir='ltr'><strong>antiq.</strong></span> <span class='ocrx_word' id='word_1_185' title='bbox 2628 2057 2740 2111; x_wconf 79' lang='lat' dir='ltr'><strong>lect.</strong></span> <span class='ocrx_word' id='word_1_186' title='bbox 2773 2056 2857 2109; x_wconf 91' lang='lat' dir='ltr'><strong>II</strong></span> <span class='ocrx_word' id='word_1_187' title='bbox 2881 2060 2922 2110; x_wconf 78' lang='lat'><strong><em>2</em></strong></span> <span class='ocrx_word' id='word_1_188' title='bbox 2964 2055 3054 2111; x_wconf 76' lang='lat' dir='ltr'><strong>‘ex</strong></span> 
     </span>
     <span class='ocr_line' id='line_1_19' title="bbox 439 2137 3052 2210; baseline -0.001 -16"><span class='ocrx_word' id='word_1_189' title='bbox 439 2141 739 2209; x_wconf 66' lang='lat' dir='ltr'><strong>fragmento</strong></span> <span class='ocrx_word' id='word_1_190' title='bbox 775 2141 908 2195; x_wconf 77' lang='lat' dir='ltr'><strong>libri</strong></span> <span class='ocrx_word' id='word_1_191' title='bbox 944 2140 1341 2195; x_wconf 74' lang='lat' dir='ltr'><strong>Gemblacensis</strong></span> <span class='ocrx_word' id='word_1_192' title='bbox 1398 2143 1463 2195; x_wconf 76' lang='lat' dir='ltr'><strong>in</strong></span> <span class='ocrx_word' id='word_1_193' title='bbox 1500 2142 1701 2209; x_wconf 77' lang='lat' dir='ltr'><strong>paucis</strong></span> <span class='ocrx_word' id='word_1_194' title='bbox 1729 2141 1966 2210; x_wconf 75' lang='lat' dir='ltr'><strong>poeyellis</strong></span> <span class='ocrx_word' id='word_1_195' title='bbox 2002 2139 2253 2208; x_wconf 76' lang='lat' dir='ltr'><strong>reliquo&#39;,</strong></span> <span class='ocrx_word' id='word_1_196' title='bbox 2297 2138 2347 2193; x_wconf 76' lang='lat' dir='ltr'><em>h</em></span> <span class='ocrx_word' id='word_1_197' title='bbox 2388 2154 2428 2193; x_wconf 83' lang='lat' dir='ltr'><strong>e.</strong></span> <span class='ocrx_word' id='word_1_198' title='bbox 2468 2153 2535 2190; x_wconf 74' lang='lat' dir='ltr'><strong>ea:</strong></span> <span class='ocrx_word' id='word_1_199' title='bbox 2574 2137 2849 2206; x_wconf 78' lang='lat' dir='ltr'><strong>Martyrii</strong></span> <span class='ocrx_word' id='word_1_200' title='bbox 2894 2137 3052 2205; x_wconf 79' lang='lat' dir='ltr'><strong>libre,</strong></span> 
     </span>
     <span class='ocr_line' id='line_1_20' title="bbox 442 2216 3053 2289; baseline -0.002 -14"><span class='ocrx_word' id='word_1_201' title='bbox 442 2237 509 2275; x_wconf 72' lang='lat' dir='ltr'><strong>esc</strong></span> <span class='ocrx_word' id='word_1_202' title='bbox 542 2236 646 2289; x_wconf 78' lang='lat' dir='ltr'><strong>quo</strong></span> <span class='ocrx_word' id='word_1_203' title='bbox 681 2225 731 2275; x_wconf 81' lang='lat' dir='ltr'><strong>et</strong></span> <span class='ocrx_word' id='word_1_204' title='bbox 764 2221 863 2274; x_wconf 79' lang='lat' dir='ltr'><strong>hoc</strong></span> <span class='ocrx_word' id='word_1_205' title='bbox 899 2221 1012 2274; x_wconf 83' lang='lat' dir='ltr'><strong>loco</strong></span> <span class='ocrx_word' id='word_1_206' title='bbox 1048 2224 1098 2272; x_wconf 81' lang='lat' dir='ltr'><strong>et</strong></span> <span class='ocrx_word' id='word_1_207' title='bbox 1134 2220 1293 2286; x_wconf 75' lang='lat' dir='ltr'><strong>infra</strong></span> <span class='ocrx_word' id='word_1_208' title='bbox 1321 2238 1383 2289; x_wconf 78' lang='lat' dir='ltr'><strong>p.</strong></span> <span class='ocrx_word' id='word_1_209' title='bbox 1421 2225 1545 2286; x_wconf 83' lang='grc'><strong><em>174,</em></strong></span> <span class='ocrx_word' id='word_1_210' title='bbox 1583 2227 1618 2276; x_wconf 89' lang='lat'><em>5</em></span> <span class='ocrx_word' id='word_1_211' title='bbox 1665 2224 1919 2289; x_wconf 75' lang='lat' dir='ltr'><strong>excerpta</strong></span> <span class='ocrx_word' id='word_1_212' title='bbox 1957 2219 2297 2275; x_wconf 78' lang='lat' dir='ltr'><strong>Cassiodorii</strong></span> <span class='ocrx_word' id='word_1_213' title='bbox 2323 2219 2545 2287; x_wconf 74' lang='lat' dir='ltr'><strong>primus</strong></span> <span class='ocrx_word' id='word_1_214' title='bbox 2584 2216 2780 2273; x_wconf 74' lang='lat' dir='ltr'><strong>Carrio</strong></span> <span class='ocrx_word' id='word_1_215' title='bbox 2817 2221 3053 2271; x_wconf 78' lang='lat' dir='ltr'><strong>auxerat</strong></span> 
     </span>
    </p>
   </div>
   <div class='ocr_carea' id='block_1_6' title="bbox 2557 2374 2998 2383">
    <p class='ocr_par' dir='ltr' id='par_1_11' title="bbox 2557 2374 2998 2383">
     <span class='ocr_line' id='line_1_21' title="bbox 2557 2374 2998 2383; baseline 0 3145"><span class='ocrx_word' id='word_1_216' title='bbox 2557 2374 2998 2383; x_wconf 95' lang='lat' dir='ltr'><strong> </strong></span> 
     </span>
    </p>
   </div>
   <div class='ocr_carea' id='block_1_7' title="bbox 455 2377 1603 2385">
    <p class='ocr_par' dir='ltr' id='par_1_12' title="bbox 455 2377 1603 2385">
     <span class='ocr_line' id='line_1_22' title="bbox 455 2377 1603 2385; baseline 0.001 -2"><span class='ocrx_word' id='word_1_217' title='bbox 455 2377 1199 2385; x_wconf 74' lang='lat'>—————-</span> <span class='ocrx_word' id='word_1_218' title='bbox 1250 2377 1479 2383; x_wconf 38' lang='grc' dir='ltr'>-.η-’-</span> <span class='ocrx_word' id='word_1_219' title='bbox 1500 2378 1603 2384; x_wconf 48' lang='lat' dir='ltr'><strong>ffi—</strong></span> 
     </span>
    </p>
   </div>
   <div class='ocr_carea' id='block_1_8' title="bbox 1622 2379 1892 2386">
    <p class='ocr_par' dir='ltr' id='par_1_13' title="bbox 1622 2379 1892 2386">
     <span class='ocr_line' id='line_1_23' title="bbox 1622 2379 1892 2386; baseline 0 3142"><span class='ocrx_word' id='word_1_220' title='bbox 1622 2379 1892 2386; x_wconf 95' lang='lat' dir='ltr'><strong> </strong></span> 
     </span>
    </p>
   </div>
   <div class='ocr_carea' id='block_1_9' title="bbox 730 2475 2760 2705">
    <p class='ocr_par' dir='ltr' id='par_1_14' title="bbox 730 2475 2760 2705">
     <span class='ocr_line' id='line_1_24' title="bbox 1344 2475 2148 2531; baseline 0.001 -2"><span class='ocrx_word' id='word_1_221' title='bbox 1344 2476 1710 2531; x_wconf 80' lang='lat' dir='ltr'><strong>MARTYRII</strong></span> <span class='ocrx_word' id='word_1_222' title='bbox 1745 2477 1842 2531; x_wconf 82' lang='lat' dir='ltr'><strong>DE</strong></span> <span class='ocrx_word' id='word_1_223' title='bbox 1880 2478 1926 2530; x_wconf 88' lang='lat' dir='ltr'><strong>B</strong></span> <span class='ocrx_word' id='word_1_224' title='bbox 1964 2477 2061 2530; x_wconf 85' lang='lat' dir='ltr'><strong>ET</strong></span> <span class='ocrx_word' id='word_1_225' title='bbox 2096 2475 2148 2530; x_wconf 86' lang='lat' dir='ltr'><strong>v</strong></span> 
     </span>
     <span class='ocr_line' id='line_1_25' title="bbox 730 2634 2760 2705; baseline -0.001 -2"><span class='ocrx_word' id='word_1_226' title='bbox 730 2638 847 2703; x_wconf 94' lang='lat' dir='ltr'><strong>DE</strong></span> <span class='ocrx_word' id='word_1_227' title='bbox 894 2636 1242 2704; x_wconf 87' lang='lat' dir='ltr'><strong>NOMINE</strong></span> <span class='ocrx_word' id='word_1_228' title='bbox 1291 2637 1402 2704; x_wconf 83' lang='lat' dir='ltr'><strong>AC</strong></span> <span class='ocrx_word' id='word_1_229' title='bbox 1450 2637 1568 2703; x_wconf 88' lang='lat' dir='ltr'><strong>DE</strong></span> <span class='ocrx_word' id='word_1_230' title='bbox 1616 2637 1898 2705; x_wconf 84' lang='lat' dir='ltr'><strong><em>PRIMA</em></strong></span> <span class='ocrx_word' id='word_1_231' title='bbox 1942 2636 2311 2705; x_wconf 85' lang='lat' dir='ltr'>NOMINIS</span> <span class='ocrx_word' id='word_1_232' title='bbox 2360 2634 2760 2702; x_wconf 87' lang='lat' dir='ltr'><strong><em>SYLLABA</em></strong></span> 
     </span>
    </p>
   </div>
   <div class='ocr_carea' id='block_1_10' title="bbox 386 2783 3051 3399">
    <p class='ocr_par' dir='ltr' id='par_1_15' title="bbox 442 2783 3051 3079">
     <span class='ocr_line' id='line_1_26' title="bbox 619 2783 3051 2867; baseline 0 -23"><span class='ocrx_word' id='word_1_233' title='bbox 619 2783 695 2845; x_wconf 88' lang='lat' dir='ltr'><strong>Va</strong></span> <span class='ocrx_word' id='word_1_234' title='bbox 743 2784 959 2864; x_wconf 76' lang='lat' dir='ltr'><strong>syllaba</strong></span> <span class='ocrx_word' id='word_1_235' title='bbox 1004 2783 1387 2865; x_wconf 79' lang='lat' dir='ltr'><strong>praefulgens</strong></span> <span class='ocrx_word' id='word_1_236' title='bbox 1434 2787 1491 2846; x_wconf 92' lang='lat' dir='ltr'><strong>in</strong></span> <span class='ocrx_word' id='word_1_237' title='bbox 1541 2790 1731 2867; x_wconf 86' lang='lat' dir='ltr'><strong>capite</strong></span> <span class='ocrx_word' id='word_1_238' title='bbox 1778 2788 2034 2848; x_wconf 88' lang='lat' dir='ltr'><strong>nominis</strong></span> <span class='ocrx_word' id='word_1_239' title='bbox 2091 2805 2200 2866; x_wconf 88' lang='lat' dir='ltr'><strong>per</strong></span> <span class='ocrx_word' id='word_1_240' title='bbox 2248 2805 2281 2844; x_wconf 92' lang='lat' dir='ltr'><strong>v</strong></span> <span class='ocrx_word' id='word_1_241' title='bbox 2328 2784 2586 2846; x_wconf 84' lang='lat' dir='ltr'><strong>vocalem</strong></span> <span class='ocrx_word' id='word_1_242' title='bbox 2624 2785 2754 2845; x_wconf 92' lang='lat' dir='ltr'><strong>loco</strong></span> <span class='ocrx_word' id='word_1_243' title='bbox 2801 2787 3051 2865; x_wconf 86' lang='lat' dir='ltr'><strong>positam</strong></span> 
     </span>
     <span class='ocr_line' id='line_1_27' title="bbox 442 2889 3050 2973; baseline 0 -23"><span class='ocrx_word' id='word_1_244' title='bbox 442 2891 818 2951; x_wconf 91' lang='lat' dir='ltr'><strong>consonantis</strong></span> <span class='ocrx_word' id='word_1_245' title='bbox 864 2890 1190 2972; x_wconf 87' lang='lat' dir='ltr'><strong>scribetur,</strong></span> <span class='ocrx_word' id='word_1_246' title='bbox 1237 2894 1514 2971; x_wconf 82' lang='lat' dir='ltr'><strong>quoniam</strong></span> <span class='ocrx_word' id='word_1_247' title='bbox 1571 2892 1717 2953; x_wconf 89' lang='lat' dir='ltr'><strong>haec</strong></span> <span class='ocrx_word' id='word_1_248' title='bbox 1764 2891 1920 2973; x_wconf 89' lang='lat' dir='ltr'><strong>apud</strong></span> <span class='ocrx_word' id='word_1_249' title='bbox 1967 2890 2209 2953; x_wconf 89' lang='lat' dir='ltr'><strong>Latinos</strong></span> <span class='ocrx_word' id='word_1_250' title='bbox 2255 2890 2449 2952; x_wconf 84' lang='lat' dir='ltr'><strong>littera</strong></span> <span class='ocrx_word' id='word_1_251' title='bbox 2497 2889 2630 2970; x_wconf 88' lang='lat' dir='ltr'><strong>plus</strong></span> <span class='ocrx_word' id='word_1_252' title='bbox 2679 2890 2828 2950; x_wconf 88' lang='lat' dir='ltr'><strong>valet</strong></span> <span class='ocrx_word' id='word_1_253' title='bbox 2875 2909 3050 2969; x_wconf 89' lang='lat' dir='ltr'><strong>quam</strong></span> 
     </span>
     <span class='ocr_line' id='line_1_28' title="bbox 442 2996 3051 3079; baseline 0 -22"><span class='ocrx_word' id='word_1_254' title='bbox 442 2999 477 3057; x_wconf 88' lang='lat' dir='ltr'><strong>b</strong></span> <span class='ocrx_word' id='word_1_255' title='bbox 515 3004 700 3078; x_wconf 88' lang='lat' dir='ltr'><strong>muta,</strong></span> <span class='ocrx_word' id='word_1_256' title='bbox 745 3015 815 3057; x_wconf 92' lang='lat' dir='ltr'><strong>eo</strong></span> <span class='ocrx_word' id='word_1_257' title='bbox 867 2998 1023 3078; x_wconf 84' lang='lat' dir='ltr'><strong>quod</strong></span> <span class='ocrx_word' id='word_1_258' title='bbox 1074 3006 1133 3058; x_wconf 85' lang='lat' dir='ltr'><strong>et</strong></span> <span class='ocrx_word' id='word_1_259' title='bbox 1186 2999 1404 3060; x_wconf 88' lang='lat' dir='ltr'><strong>vocalis</strong></span> <span class='ocrx_word' id='word_1_260' title='bbox 1441 2998 1695 3060; x_wconf 87' lang='lat' dir='ltr'><strong>habetur</strong></span> <span class='ocrx_word' id='word_1_261' title='bbox 1733 3008 1793 3060; x_wconf 89' lang='lat' dir='ltr'><strong>et</strong></span> <span class='ocrx_word' id='word_1_262' title='bbox 1832 3015 2191 3079; x_wconf 80' lang='lat' dir='ltr'><strong>consonanS,</strong></span> <span class='ocrx_word' id='word_1_263' title='bbox 2237 2996 2472 3076; x_wconf 87' lang='lat' dir='ltr'><strong>quando</strong></span> <span class='ocrx_word' id='word_1_264' title='bbox 2511 3015 2656 3057; x_wconf 87' lang='lat' dir='ltr'><strong>usus</strong></span> <span class='ocrx_word' id='word_1_265' title='bbox 2692 3000 3051 3078; x_wconf 87' lang='lat' dir='ltr'><strong>poposcerit,</strong></span> 
     </span>
    </p>

    <p class='ocr_par' dir='ltr' id='par_1_16' title="bbox 386 3103 3050 3399">
     <span class='ocr_line' id='line_1_29' title="bbox 386 3103 3050 3188; baseline 0.003 -31"><span class='ocrx_word' id='word_1_266' title='bbox 386 3117 413 3157; x_wconf 86' lang='lat'><strong>5</strong></span> <span class='ocrx_word' id='word_1_267' title='bbox 444 3110 510 3163; x_wconf 88' lang='lat' dir='ltr'><strong>ut</strong></span> <span class='ocrx_word' id='word_1_268' title='bbox 556 3111 713 3164; x_wconf 90' lang='lat' dir='ltr'><strong>vates</strong></span> <span class='ocrx_word' id='word_1_269' title='bbox 752 3122 933 3184; x_wconf 86' lang='lat' dir='ltr'><strong>vagus</strong></span> <span class='ocrx_word' id='word_1_270' title='bbox 970 3123 1173 3174; x_wconf 83' lang='lat' dir='ltr'><strong>vanus</strong></span> <span class='ocrx_word' id='word_1_271' title='bbox 1201 3105 1426 3167; x_wconf 89' lang='lat' dir='ltr'><strong>validus</strong></span> <span class='ocrx_word' id='word_1_272' title='bbox 1466 3125 1687 3168; x_wconf 90' lang='lat' dir='ltr'><strong>vacuus</strong></span> <span class='ocrx_word' id='word_1_273' title='bbox 1728 3108 1951 3188; x_wconf 90' lang='lat' dir='ltr'><strong>vagina,</strong></span> <span class='ocrx_word' id='word_1_274' title='bbox 1997 3114 2244 3186; x_wconf 83' lang='lat' dir='ltr'><strong>excepto</strong></span> <span class='ocrx_word' id='word_1_275' title='bbox 2290 3103 2472 3164; x_wconf 78' lang='lat' dir='ltr'><strong>basio,</strong></span> <span class='ocrx_word' id='word_1_276' title='bbox 2546 3103 2843 3165; x_wconf 88' lang='lat' dir='ltr'><strong>balineum</strong></span> <span class='ocrx_word' id='word_1_277' title='bbox 2893 3107 3050 3165; x_wconf 90' lang='lat' dir='ltr'><strong>enim</strong></span> 
     </span>
     <span class='ocr_line' id='line_1_30' title="bbox 443 3208 3048 3294; baseline 0 -25"><span class='ocrx_word' id='word_1_278' title='bbox 443 3217 501 3269; x_wconf 88' lang='lat' dir='ltr'><strong>et</strong></span> <span class='ocrx_word' id='word_1_279' title='bbox 546 3208 845 3294; x_wconf 89' lang='lat' dir='ltr'><strong>baculum,</strong></span> <span class='ocrx_word' id='word_1_280' title='bbox 890 3230 923 3271; x_wconf 84' lang='lat' dir='ltr'><strong>a</strong></span> <span class='ocrx_word' id='word_1_281' title='bbox 971 3230 1089 3291; x_wconf 91' lang='lat' dir='ltr'><strong>quo</strong></span> <span class='ocrx_word' id='word_1_282' title='bbox 1138 3213 1315 3273; x_wconf 88' lang='lat' dir='ltr'><strong>etiam</strong></span> <span class='ocrx_word' id='word_1_283' title='bbox 1362 3211 1637 3273; x_wconf 88' lang='lat' dir='ltr'><strong>bacillum</strong></span> <span class='ocrx_word' id='word_1_284' title='bbox 1686 3214 1952 3272; x_wconf 88' lang='lat' dir='ltr'><strong>nascitur</strong></span> <span class='ocrx_word' id='word_1_285' title='bbox 1999 3212 2440 3293; x_wconf 83' lang='lat' dir='ltr'><strong>diminutivum,</strong></span> <span class='ocrx_word' id='word_1_286' title='bbox 2487 3229 2558 3271; x_wconf 83' lang='lat' dir='ltr'><strong>ex</strong></span> <span class='ocrx_word' id='word_1_287' title='bbox 2605 3229 2813 3290; x_wconf 85' lang='lat' dir='ltr'><strong>graeca</strong></span> <span class='ocrx_word' id='word_1_288' title='bbox 2853 3210 3048 3271; x_wconf 79' lang='lat' dir='ltr'><strong>elocu-</strong></span> 
     </span>
     <span class='ocr_line' id='line_1_31' title="bbox 440 3315 3050 3399; baseline 0 -23"><span class='ocrx_word' id='word_1_289' title='bbox 440 3317 601 3376; x_wconf 90' lang='lat' dir='ltr'><strong>tione</strong></span> <span class='ocrx_word' id='word_1_290' title='bbox 650 3318 1062 3398; x_wconf 76' lang='lat' dir='ltr'><strong>transfigurata</strong></span> <span class='ocrx_word' id='word_1_291' title='bbox 1101 3321 1453 3380; x_wconf 87' lang='lat' dir='ltr'><strong>consistunt.</strong></span> <span class='ocrx_word' id='word_1_292' title='bbox 1528 3326 1838 3399; x_wconf 88' lang='lat' dir='ltr'><strong>praeterea</strong></span> <span class='ocrx_word' id='word_1_293' title='bbox 1876 3320 2068 3398; x_wconf 86' lang='lat' dir='ltr'><strong>excipi</strong></span> <span class='ocrx_word' id='word_1_294' title='bbox 2111 3320 2495 3396; x_wconf 87' lang='lat' dir='ltr'><strong>cognovimus</strong></span> <span class='ocrx_word' id='word_1_295' title='bbox 2541 3315 2686 3377; x_wconf 88' lang='lat' dir='ltr'><strong>haec</strong></span> <span class='ocrx_word' id='word_1_296' title='bbox 2725 3335 2873 3395; x_wconf 90' lang='lat' dir='ltr'><strong>quae</strong></span> <span class='ocrx_word' id='word_1_297' title='bbox 2913 3316 3050 3377; x_wconf 89' lang='lat' dir='ltr'><strong>sub·</strong></span> 
     </span>
    </p>
   </div>
   <div class='ocr_carea' id='block_1_11' title="bbox 438 3422 3174 3509">
    <p class='ocr_par' dir='ltr' id='par_1_17' title="bbox 438 3422 3174 3509">
     <span class='ocr_line' id='line_1_32' title="bbox 438 3422 3174 3509; baseline 0.001 -29"><span class='ocrx_word' id='word_1_298' title='bbox 438 3422 592 3482; x_wconf 87' lang='lat' dir='ltr'><strong>iecta</strong></span> <span class='ocrx_word' id='word_1_299' title='bbox 647 3441 752 3484; x_wconf 90' lang='lat' dir='ltr'><strong>sua</strong></span> <span class='ocrx_word' id='word_1_300' title='bbox 809 3443 945 3486; x_wconf 89' lang='lat' dir='ltr'><strong>cum</strong></span> <span class='ocrx_word' id='word_1_301' title='bbox 1001 3427 1488 3509; x_wconf 75' lang='lat' dir='ltr'><strong>interpretatione</strong></span> <span class='ocrx_word' id='word_1_302' title='bbox 1548 3425 1896 3508; x_wconf 80' lang='lat' dir='ltr'><strong>reddemuS,</strong></span> <span class='ocrx_word' id='word_1_303' title='bbox 1952 3443 2102 3505; x_wconf 90' lang='lat' dir='ltr'><strong>quae</strong></span> <span class='ocrx_word' id='word_1_304' title='bbox 2159 3441 2452 3504; x_wconf 87' lang='lat' dir='ltr'><strong>nusquam</strong></span> <span class='ocrx_word' id='word_1_305' title='bbox 2509 3425 2624 3484; x_wconf 89' lang='lat' dir='ltr'><strong>nisi</strong></span> <span class='ocrx_word' id='word_1_306' title='bbox 2679 3425 2740 3482; x_wconf 89' lang='lat' dir='ltr'><strong>in</strong></span> <span class='ocrx_word' id='word_1_307' title='bbox 2800 3422 3051 3483; x_wconf 87' lang='lat' dir='ltr'><strong>diversis</strong></span> <span class='ocrx_word' id='word_1_308' title='bbox 3165 3450 3174 3461; x_wconf 91' lang='lat'><strong>·</strong></span> 
     </span>
    </p>
   </div>
   <div class='ocr_carea' id='block_1_12' title="bbox 360 3521 3066 3932">
    <p class='ocr_par' dir='ltr' id='par_1_18' title="bbox 360 3521 3066 3932">
     <span class='ocr_line' id='line_1_33' title="bbox 439 3521 3066 3622; baseline 0.001 -34"><span class='ocrx_word' id='word_1_309' title='bbox 439 3528 772 3590; x_wconf 88' lang='lat' dir='ltr'><strong>cottidianis</strong></span> <span class='ocrx_word' id='word_1_310' title='bbox 835 3530 1287 3610; x_wconf 84' lang='lat' dir='ltr'><strong>glossematibus</strong></span> <span class='ocrx_word' id='word_1_311' title='bbox 1352 3534 1617 3614; x_wconf 83' lang='lat' dir='ltr'><strong>repperi,</strong></span> <span class='ocrx_word' id='word_1_312' title='bbox 1680 3531 1894 3593; x_wconf 89' lang='lat' dir='ltr'><strong>batiola</strong></span> <span class='ocrx_word' id='word_1_313' title='bbox 1959 3525 2315 3622; x_wconf 79' lang='grc' dir='ltr'><strong><em>ποτήριον,</em></strong></span> <span class='ocrx_word' id='word_1_314' title='bbox 2381 3529 2559 3591; x_wconf 87' lang='lat' dir='ltr'><strong>basus</strong></span> <span class='ocrx_word' id='word_1_315' title='bbox 2624 3522 2908 3609; x_wconf 80' lang='grc' dir='ltr'><strong><em>φαλλός,</em></strong></span> <span class='ocrx_word' id='word_1_316' title='bbox 2973 3521 3066 3590; x_wconf 73' lang='lat' dir='ltr'><strong>‘co‘</strong></span> 
     </span>
     <span class='ocr_line' id='line_1_34' title="bbox 360 3626 3050 3720; baseline 0.002 -29"><span class='ocrx_word' id='word_1_317' title='bbox 360 3651 412 3690; x_wconf 82' lang='grc' dir='ltr'><strong>ιο</strong></span> <span class='ocrx_word' id='word_1_318' title='bbox 439 3633 705 3698; x_wconf 77' lang='grc' dir='ltr'><em>αἰδοῖον</em></span> <span class='ocrx_word' id='word_1_319' title='bbox 749 3634 886 3700; x_wconf 75' lang='grc' dir='ltr'><strong>τῶν</strong></span> <span class='ocrx_word' id='word_1_320' title='bbox 931 3630 1299 3719; x_wconf 82' lang='grc' dir='ltr'><strong><em>βιολόγων,</em></strong></span> <span class='ocrx_word' id='word_1_321' title='bbox 1347 3638 1585 3701; x_wconf 87' lang='lat' dir='ltr'><strong>batulus</strong></span> <span class='ocrx_word' id='word_1_322' title='bbox 1621 3639 1997 3720; x_wconf 81' lang='grc' dir='ltr'><strong><em>μογίλαλος.</em></strong></span> <span class='ocrx_word' id='word_1_323' title='bbox 2071 3638 2215 3699; x_wconf 88' lang='lat' dir='ltr'><strong>haec</strong></span> <span class='ocrx_word' id='word_1_324' title='bbox 2255 3656 2391 3719; x_wconf 77' lang='lat' dir='ltr'><strong>noe,</strong></span> <span class='ocrx_word' id='word_1_325' title='bbox 2428 3637 2705 3716; x_wconf 84' lang='lat' dir='ltr'><strong>quoniam</strong></span> <span class='ocrx_word' id='word_1_326' title='bbox 2744 3626 2893 3696; x_wconf 81' lang='lat' dir='ltr'><strong>lect&#39;a</strong></span> <span class='ocrx_word' id='word_1_327' title='bbox 2933 3655 3050 3696; x_wconf 90' lang='lat' dir='ltr'><strong>non</strong></span> 
     </span>
     <span class='ocr_line' id='line_1_35' title="bbox 439 3742 3050 3826; baseline 0 -25"><span class='ocrx_word' id='word_1_328' title='bbox 439 3744 803 3826; x_wconf 83' lang='lat' dir='ltr'><strong>invenimus,</strong></span> <span class='ocrx_word' id='word_1_329' title='bbox 857 3746 1184 3807; x_wconf 87' lang='lat' dir='ltr'><strong>inscrutata</strong></span> <span class='ocrx_word' id='word_1_330' title='bbox 1241 3744 1650 3825; x_wconf 79' lang='lat' dir='ltr'><strong>relinquimus,</strong></span> <span class='ocrx_word' id='word_1_331' title='bbox 1724 3744 1822 3806; x_wconf 89' lang='lat' dir='ltr'><strong>illa</strong></span> <span class='ocrx_word' id='word_1_332' title='bbox 1879 3763 2116 3824; x_wconf 89' lang='lat' dir='ltr'><strong>quoque</strong></span> <span class='ocrx_word' id='word_1_333' title='bbox 2165 3746 2428 3824; x_wconf 85' lang='lat' dir='ltr'><strong>nomina,</strong></span> <span class='ocrx_word' id='word_1_334' title='bbox 2487 3759 2745 3822; x_wconf 90' lang='lat' dir='ltr'><strong>quorum</strong></span> <span class='ocrx_word' id='word_1_335' title='bbox 2792 3742 3050 3803; x_wconf 86' lang='lat' dir='ltr'><strong>secunda</strong></span> 
     </span>
     <span class='ocr_line' id='line_1_36' title="bbox 440 3847 3052 3932; baseline 0.001 -25"><span class='ocrx_word' id='word_1_336' title='bbox 440 3847 656 3929; x_wconf 70' lang='lat' dir='ltr'><strong>syllaba</strong></span> <span class='ocrx_word' id='word_1_337' title='bbox 704 3851 763 3911; x_wconf 92' lang='lat' dir='ltr'><strong>in</strong></span> <span class='ocrx_word' id='word_1_338' title='bbox 812 3870 845 3912; x_wconf 91' lang='lat' dir='ltr'><strong>a</strong></span> <span class='ocrx_word' id='word_1_339' title='bbox 892 3851 1147 3913; x_wconf 88' lang='lat' dir='ltr'><strong>litteram</strong></span> <span class='ocrx_word' id='word_1_340' title='bbox 1194 3852 1452 3932; x_wconf 88' lang='lat' dir='ltr'><strong>desinet,</strong></span> <span class='ocrx_word' id='word_1_341' title='bbox 1498 3870 1606 3931; x_wconf 89' lang='lat' dir='ltr'><strong>per</strong></span> <span class='ocrx_word' id='word_1_342' title='bbox 1653 3851 1689 3911; x_wconf 93' lang='lat' dir='ltr'><strong>b</strong></span> <span class='ocrx_word' id='word_1_343' title='bbox 1737 3859 1958 3912; x_wconf 87' lang='lat' dir='ltr'><strong>mutam</strong></span> <span class='ocrx_word' id='word_1_344' title='bbox 2008 3850 2375 3932; x_wconf 87' lang='lat' dir='ltr'><strong>scribentur,</strong></span> <span class='ocrx_word' id='word_1_345' title='bbox 2433 3859 2497 3910; x_wconf 87' lang='lat' dir='ltr'><strong>ut</strong></span> <span class='ocrx_word' id='word_1_346' title='bbox 2556 3847 2851 3926; x_wconf 87' lang='lat' dir='ltr'><strong>[bambalo</strong></span> <span class='ocrx_word' id='word_1_347' title='bbox 2899 3850 3052 3924; x_wconf 80' lang='grc' dir='ltr'><strong><em>ψελ-</em></strong></span> 
     </span>
    </p>
   </div>
   <div class='ocr_carea' id='block_1_13' title="bbox 440 3949 3052 4090">
    <p class='ocr_par' dir='ltr' id='par_1_19' title="bbox 440 3949 3052 4090">
     <span class='ocr_line' id='line_1_37' title="bbox 440 3949 3052 4090; baseline 0 -75"><span class='ocrx_word' id='word_1_348' title='bbox 440 3949 692 4036; x_wconf 81' lang='grc' dir='ltr'><strong><em>λιστής]</em></strong></span> <span class='ocrx_word' id='word_1_349' title='bbox 723 3957 864 4018; x_wconf 89' lang='lat' dir='ltr'><strong>baca</strong></span> <span class='ocrx_word' id='word_1_350' title='bbox 893 3950 1147 4035; x_wconf 79' lang='grc' dir='ltr'><strong><em>κόκκος,</em></strong></span> <span class='ocrx_word' id='word_1_351' title='bbox 1176 3958 1402 4020; x_wconf 85' lang='lat' dir='ltr'><strong>balatro</strong></span> <span class='ocrx_word' id='word_1_352' title='bbox 1431 3950 1706 4042; x_wconf 69' lang='grc' dir='ltr'><strong><em>ἄσωτος,</em></strong></span> <span class='ocrx_word' id='word_1_353' title='bbox 1733 3956 1962 4020; x_wconf 84' lang='lat' dir='ltr'><strong>balatus</strong></span> <span class='ocrx_word' id='word_1_354' title='bbox 1991 3949 2399 4039; x_wconf 80' lang='grc' dir='ltr'><strong><em>βληχηθμός,</em></strong></span> <span class='ocrx_word' id='word_1_355' title='bbox 2431 3954 2792 4090; x_wconf 45' lang='grc' dir='ltr'><strong>Βενεῑὴτιιηὲ</strong></span> <span class='ocrx_word' id='word_1_356' title='bbox 2805 3974 2872 4015; x_wconf 90' lang='lat' dir='ltr'><strong>ac</strong></span> <span class='ocrx_word' id='word_1_357' title='bbox 2903 3954 3052 4016; x_wconf 89' lang='lat' dir='ltr'><strong>talia.</strong></span> 
     </span>
    </p>
   </div>
   <div class='ocr_carea' id='block_1_14' title="bbox 438 4078 863 4089">
    <p class='ocr_par' dir='ltr' id='par_1_20' title="bbox 438 4078 863 4089">
     <span class='ocr_line' id='line_1_38' title="bbox 438 4078 863 4089; baseline 0 1439"><span class='ocrx_word' id='word_1_358' title='bbox 438 4078 863 4089; x_wconf 95' lang='lat' dir='ltr'><strong> </strong></span> 
     </span>
    </p>
   </div>
   <div class='ocr_carea' id='block_1_15' title="bbox 392 4127 3119 4914">
    <p class='ocr_par' dir='ltr' id='par_1_21' title="bbox 438 4127 3119 4677">
     <span class='ocr_line' id='line_1_39' title="bbox 583 4127 3053 4200; baseline -0.001 -19"><span class='ocrx_word' id='word_1_359' title='bbox 583 4133 615 4181; x_wconf 76' lang='lat'>2</span> <span class='ocrx_word' id='word_1_360' title='bbox 654 4129 972 4200; x_wconf 81' lang='lat' dir='ltr'><strong>prefingens</strong></span> <span class='ocrx_word' id='word_1_361' title='bbox 999 4129 1067 4183; x_wconf 89' lang='lat' dir='ltr'><em>N</em></span> <span class='ocrx_word' id='word_1_362' title='bbox 1167 4135 1199 4183; x_wconf 86' lang='lat'><strong>3</strong></span> <span class='ocrx_word' id='word_1_363' title='bbox 1231 4128 1492 4184; x_wconf 84' lang='lat' dir='ltr'><strong>scribitur</strong></span> <span class='ocrx_word' id='word_1_364' title='bbox 1518 4128 1585 4181; x_wconf 90' lang='lat' dir='ltr'><em>N</em></span> <span class='ocrx_word' id='word_1_365' title='bbox 1687 4135 1720 4182; x_wconf 81' lang='lat'>4</span> <span class='ocrx_word' id='word_1_366' title='bbox 1748 4128 1785 4183; x_wconf 91' lang='lat' dir='ltr'><strong>b</strong></span> <span class='ocrx_word' id='word_1_367' title='bbox 1817 4144 1916 4184; x_wconf 83' lang='lat' dir='ltr'><strong>om.</strong></span> <span class='ocrx_word' id='word_1_368' title='bbox 1947 4128 2074 4183; x_wconf 93' lang='lat' dir='ltr'><strong>NP</strong></span> <span class='ocrx_word' id='word_1_369' title='bbox 2173 4146 2277 4184; x_wconf 87' lang='lat' dir='ltr'><strong>usu</strong></span> <span class='ocrx_word' id='word_1_370' title='bbox 2303 4128 2571 4198; x_wconf 86' lang='lat' dir='ltr'><strong>poscente</strong></span> <span class='ocrx_word' id='word_1_371' title='bbox 2598 4127 2663 4180; x_wconf 88' lang='lat' dir='ltr'><strong>ut</strong></span> <span class='ocrx_word' id='word_1_372' title='bbox 2692 4127 2849 4181; x_wconf 85' lang='lat' dir='ltr'><strong>vates</strong></span> <span class='ocrx_word' id='word_1_373' title='bbox 2877 4142 3053 4180; x_wconf 85' lang='lat' dir='ltr'><strong>vanus</strong></span> 
     </span>
     <span class='ocr_line' id='line_1_40' title="bbox 440 4204 3053 4279; baseline -0.001 -17"><span class='ocrx_word' id='word_1_374' title='bbox 440 4222 617 4277; x_wconf 74' lang='lat' dir='ltr'><strong>vagus</strong></span> <span class='ocrx_word' id='word_1_375' title='bbox 644 4207 864 4264; x_wconf 84' lang='lat' dir='ltr'><strong>validus</strong></span> <span class='ocrx_word' id='word_1_376' title='bbox 890 4224 1099 4263; x_wconf 83' lang='lat' dir='ltr'><strong>vacuus</strong></span> <span class='ocrx_word' id='word_1_377' title='bbox 1128 4208 1335 4279; x_wconf 82' lang='lat' dir='ltr'><strong>vagina</strong></span> <span class='ocrx_word' id='word_1_378' title='bbox 1363 4209 1598 4278; x_wconf 82' lang='lat' dir='ltr'><strong>excepto</strong></span> <span class='ocrx_word' id='word_1_379' title='bbox 1624 4205 1784 4263; x_wconf 90' lang='lat' dir='ltr'><strong>basio</strong></span> <span class='ocrx_word' id='word_1_380' title='bbox 1805 4208 1940 4277; x_wconf 88' lang='lat' dir='ltr'><strong>quia</strong></span> <span class='ocrx_word' id='word_1_381' title='bbox 1967 4225 2067 4277; x_wconf 88' lang='lat' dir='ltr'><strong>per</strong></span> <span class='ocrx_word' id='word_1_382' title='bbox 2086 4207 2488 4264; x_wconf 81' lang='lat' dir='ltr'><strong>detractionem</strong></span> <span class='ocrx_word' id='word_1_383' title='bbox 2516 4204 2740 4260; x_wconf 87' lang='lat' dir='ltr'><strong>litterae</strong></span> <span class='ocrx_word' id='word_1_384' title='bbox 2767 4204 2906 4261; x_wconf 79' lang='lat' dir='ltr'><strong>facit</strong></span> <span class='ocrx_word' id='word_1_385' title='bbox 2932 4223 3053 4260; x_wconf 86' lang='lat' dir='ltr'><strong>ver-</strong></span> 
     </span>
     <span class='ocr_line' id='line_1_41' title="bbox 438 4285 3055 4375; baseline -0.001 -35"><span class='ocrx_word' id='word_1_386' title='bbox 438 4286 573 4342; x_wconf 89' lang='lat' dir='ltr'><strong>bum</strong></span> <span class='ocrx_word' id='word_1_387' title='bbox 611 4287 768 4344; x_wconf 88' lang='lat' dir='ltr'><strong>cuius</strong></span> <span class='ocrx_word' id='word_1_388' title='bbox 804 4287 1169 4360; x_wconf 73' lang='lat' dir='ltr'><strong>imperatibus</strong></span> <span class='ocrx_word' id='word_1_389' title='bbox 1206 4289 1415 4344; x_wconf 88' lang='lat' dir='ltr'><strong>enbasa</strong></span> <span class='ocrx_word' id='word_1_390' title='bbox 1443 4291 1561 4357; x_wconf 71' lang='lat' dir='ltr'><strong>(leq.</strong></span> <span class='ocrx_word' id='word_1_391' title='bbox 1593 4289 1681 4343; x_wconf 85' lang='lat' dir='ltr'><strong>est</strong></span> <span class='ocrx_word' id='word_1_392' title='bbox 1714 4287 1875 4355; x_wconf 86' lang='lat' dir='ltr'><strong>basa)</strong></span> <span class='ocrx_word' id='word_1_393' title='bbox 1914 4287 2158 4342; x_wconf 87' lang='lat' dir='ltr'><strong>mutauit</strong></span> <span class='ocrx_word' id='word_1_394' title='bbox 2195 4303 2331 4357; x_wconf 82' lang='lat' dir='ltr'><strong>ergo</strong></span> <span class='ocrx_word' id='word_1_395' title='bbox 2357 4285 2689 4375; x_wconf 84' lang='lat' dir='ltr'><strong>scripturam</strong></span> <span class='ocrx_word' id='word_1_396' title='bbox 2718 4300 2789 4338; x_wconf 88' lang='lat' dir='ltr'><strong>ne</strong></span> <span class='ocrx_word' id='word_1_397' title='bbox 2827 4286 3055 4354; x_wconf 86' lang='lat' dir='ltr'><strong>putetur</strong></span> 
     </span>
     <span class='ocr_line' id='line_1_42' title="bbox 440 4362 3051 4438; baseline -0.001 -18"><span class='ocrx_word' id='word_1_398' title='bbox 440 4382 643 4422; x_wconf 86' lang='lat' dir='ltr'><strong>nomen</strong></span> <span class='ocrx_word' id='word_1_399' title='bbox 671 4366 821 4435; x_wconf 86' lang='lat' dir='ltr'><strong>quod</strong></span> <span class='ocrx_word' id='word_1_400' title='bbox 850 4367 1132 4438; x_wconf 78' lang='lat' dir='ltr'><strong>significat</strong></span> <span class='ocrx_word' id='word_1_401' title='bbox 1159 4386 1332 4437; x_wconf 84' lang='grc' dir='ltr'><strong><em>σκευη</em></strong></span> <span class='ocrx_word' id='word_1_402' title='bbox 1369 4368 1654 4423; x_wconf 86' lang='lat' dir='ltr'><strong>balineum</strong></span> <span class='ocrx_word' id='word_1_403' title='bbox 1696 4368 1752 4420; x_wconf 91' lang='lat' dir='ltr'><em>P</em></span> <span class='ocrx_word' id='word_1_404' title='bbox 1886 4373 1916 4421; x_wconf 83' lang='lat'>7</span> <span class='ocrx_word' id='word_1_405' title='bbox 1958 4366 2270 4423; x_wconf 87' lang='lat' dir='ltr'><strong>consistunt</strong></span> <span class='ocrx_word' id='word_1_406' title='bbox 2296 4365 2446 4435; x_wconf 88' lang='lat' dir='ltr'><strong>quod</strong></span> <span class='ocrx_word' id='word_1_407' title='bbox 2485 4364 2634 4418; x_wconf 90' lang='lat' dir='ltr'><strong>enim</strong></span> <span class='ocrx_word' id='word_1_408' title='bbox 2662 4363 2751 4417; x_wconf 88' lang='lat' dir='ltr'><strong>illi</strong></span> <span class='ocrx_word' id='word_1_409' title='bbox 2785 4362 3051 4418; x_wconf 87' lang='lat' dir='ltr'><strong>balanion</strong></span> 
     </span>
     <span class='ocr_line' id='line_1_43' title="bbox 445 4443 3053 4521; baseline -0.002 -20"><span class='ocrx_word' id='word_1_410' title='bbox 445 4462 547 4501; x_wconf 87' lang='lat' dir='ltr'><strong>nos</strong></span> <span class='ocrx_word' id='word_1_411' title='bbox 574 4446 840 4503; x_wconf 86' lang='lat' dir='ltr'><strong>balneum</strong></span> <span class='ocrx_word' id='word_1_412' title='bbox 869 4451 929 4504; x_wconf 89' lang='lat' dir='ltr'><strong>et</strong></span> <span class='ocrx_word' id='word_1_413' title='bbox 954 4448 1103 4518; x_wconf 87' lang='lat' dir='ltr'><strong>quod</strong></span> <span class='ocrx_word' id='word_1_414' title='bbox 1141 4448 1230 4504; x_wconf 89' lang='lat' dir='ltr'><strong>illi</strong></span> <span class='ocrx_word' id='word_1_415' title='bbox 1266 4450 1474 4521; x_wconf 74' lang='grc' dir='ltr'><strong><em>βακλον</em></strong></span> <span class='ocrx_word' id='word_1_416' title='bbox 1509 4464 1610 4503; x_wconf 89' lang='lat' dir='ltr'><strong>nos</strong></span> <span class='ocrx_word' id='word_1_417' title='bbox 1645 4446 1908 4503; x_wconf 82' lang='lat' dir='ltr'><strong>baculum</strong></span> <span class='ocrx_word' id='word_1_418' title='bbox 1946 4446 2182 4502; x_wconf 86' lang='lat' dir='ltr'><strong>dicimus</strong></span> <span class='ocrx_word' id='word_1_419' title='bbox 2218 4446 2306 4501; x_wconf 88' lang='lat' dir='ltr'><strong>his</strong></span> <span class='ocrx_word' id='word_1_420' title='bbox 2343 4448 2634 4516; x_wconf 83' lang='lat' dir='ltr'><strong>praeterea</strong></span> <span class='ocrx_word' id='word_1_421' title='bbox 2674 4443 2729 4496; x_wconf 91' lang='lat' dir='ltr'><strong><em>P</em></strong></span> <span class='ocrx_word' id='word_1_422' title='bbox 2835 4448 2866 4496; x_wconf 81' lang='lat'>8</span> <span class='ocrx_word' id='word_1_423' title='bbox 2906 4459 3053 4511; x_wconf 87' lang='lat' dir='ltr'><strong>quae</strong></span> 
     </span>
     <span class='ocr_line' id='line_1_44' title="bbox 440 4516 3119 4598; baseline -0.002 -17"><span class='ocrx_word' id='word_1_424' title='bbox 440 4544 714 4596; x_wconf 83' lang='lat' dir='ltr'><strong>nusquam</strong></span> <span class='ocrx_word' id='word_1_425' title='bbox 743 4528 854 4584; x_wconf 89' lang='lat' dir='ltr'><strong>nisi</strong></span> <span class='ocrx_word' id='word_1_426' title='bbox 881 4529 938 4582; x_wconf 90' lang='lat' dir='ltr'><em>P</em></span> <span class='ocrx_word' id='word_1_427' title='bbox 958 4546 1132 4584; x_wconf 86' lang='lat' dir='ltr'><strong>uenus</strong></span> <span class='ocrx_word' id='word_1_428' title='bbox 1160 4528 1418 4598; x_wconf 84' lang='lat' dir='ltr'><strong>quamuis</strong></span> <span class='ocrx_word' id='word_1_429' title='bbox 1445 4527 1512 4582; x_wconf 87' lang='lat' dir='ltr'><em>N</em></span> <span class='ocrx_word' id='word_1_430' title='bbox 1587 4534 1618 4581; x_wconf 86' lang='grc'><strong>9</strong></span> <span class='ocrx_word' id='word_1_431' title='bbox 1638 4527 2103 4597; x_wconf 84' lang='lat' dir='ltr'><strong>glosemmatibus</strong></span> <span class='ocrx_word' id='word_1_432' title='bbox 2131 4526 2197 4580; x_wconf 92' lang='lat' dir='ltr'><em>N</em></span> <span class='ocrx_word' id='word_1_433' title='bbox 2297 4525 2464 4580; x_wconf 76' lang='lat' dir='ltr'><strong>basus</strong></span> <span class='ocrx_word' id='word_1_434' title='bbox 2495 4516 2707 4592; x_wconf 77' lang='grc' dir='ltr'><strong><em>φαλλὸς</em></strong></span> <span class='ocrx_word' id='word_1_435' title='bbox 2735 4516 2797 4575; x_wconf 83' lang='grc' dir='ltr'><strong>τὸ</strong></span> <span class='ocrx_word' id='word_1_436' title='bbox 2830 4518 3052 4576; x_wconf 79' lang='grc' dir='ltr'><em>αἰδοιον</em></span> <span class='ocrx_word' id='word_1_437' title='bbox 3094 4566 3119 4591; x_wconf 74' lang='grc'><strong><em>,</em></strong></span> 
     </span>
     <span class='ocr_line' id='line_1_45' title="bbox 442 4601 3062 4677; baseline -0.003 -17"><span class='ocrx_word' id='word_1_438' title='bbox 442 4626 555 4660; x_wconf 83' lang='grc' dir='ltr'><strong>των</strong></span> <span class='ocrx_word' id='word_1_439' title='bbox 591 4610 866 4676; x_wconf 75' lang='grc' dir='ltr'><strong><em>μιολογων</em></strong></span> <span class='ocrx_word' id='word_1_440' title='bbox 902 4612 954 4662; x_wconf 78' lang='lat' dir='ltr'><strong>et</strong></span> <span class='ocrx_word' id='word_1_441' title='bbox 989 4608 1053 4662; x_wconf 77' lang='lat' dir='ltr'><strong>in</strong></span> <span class='ocrx_word' id='word_1_442' title='bbox 1089 4602 1654 4676; x_wconf 68' lang='grc' dir='ltr'><strong>ηιανρ.1’μιμολόγων</strong></span> <span class='ocrx_word' id='word_1_443' title='bbox 1691 4603 2072 4677; x_wconf 74' lang='grc' dir='ltr'><strong><em>Γμυθολόγων</em></strong></span> <span class='ocrx_word' id='word_1_444' title='bbox 2107 4605 2174 4660; x_wconf 88' lang='lat' dir='ltr'><em>N</em></span> <span class='ocrx_word' id='word_1_445' title='bbox 2207 4603 2385 4658; x_wconf 81' lang='lat' dir='ltr'><strong>babus</strong></span> <span class='ocrx_word' id='word_1_446' title='bbox 2423 4604 2633 4671; x_wconf 74' lang='grc' dir='ltr'><strong><em>φαλλος</em></strong></span> <span class='ocrx_word' id='word_1_447' title='bbox 2668 4601 2804 4669; x_wconf 77' lang='lat' dir='ltr'><strong>(rell.</strong></span> <span class='ocrx_word' id='word_1_448' title='bbox 2843 4602 2965 4668; x_wconf 83' lang='lat' dir='ltr'><strong>om.)</strong></span> <span class='ocrx_word' id='word_1_449' title='bbox 3006 4602 3062 4655; x_wconf 80' lang='lat' dir='ltr'><strong><em>P</em></strong></span> 
     </span>
    </p>

    <p class='ocr_par' dir='ltr' id='par_1_22' title="bbox 392 4678 3051 4914">
     <span class='ocr_line' id='line_1_46' title="bbox 554 4678 3051 4755; baseline -0.002 -17"><span class='ocrx_word' id='word_1_450' title='bbox 554 4690 618 4738; x_wconf 80' lang='lat'><strong>12</strong></span> <span class='ocrx_word' id='word_1_451' title='bbox 664 4684 721 4742; x_wconf 83' lang='lat' dir='ltr'><strong>in</strong></span> <span class='ocrx_word' id='word_1_452' title='bbox 759 4701 794 4739; x_wconf 82' lang='lat' dir='ltr'><strong>a.</strong></span> <span class='ocrx_word' id='word_1_453' title='bbox 828 4685 1023 4740; x_wconf 83' lang='lat' dir='ltr'><strong>littera</strong></span> <span class='ocrx_word' id='word_1_454' title='bbox 1068 4685 1133 4740; x_wconf 91' lang='lat' dir='ltr'><em>N</em></span> <span class='ocrx_word' id='word_1_455' title='bbox 1270 4686 1532 4742; x_wconf 80' lang='lat' dir='ltr'><strong>bambalo</strong></span> <span class='ocrx_word' id='word_1_456' title='bbox 1577 4681 1874 4755; x_wconf 73' lang='grc' dir='ltr'><strong><em>ψελλιστής</em></strong></span> <span class='ocrx_word' id='word_1_457' title='bbox 1920 4703 2021 4742; x_wconf 84' lang='lat' dir='ltr'><strong>om.</strong></span> <span class='ocrx_word' id='word_1_458' title='bbox 2062 4685 2119 4738; x_wconf 89' lang='lat' dir='ltr'><em>P</em></span> <span class='ocrx_word' id='word_1_459' title='bbox 2261 4689 2325 4737; x_wconf 87' lang='lat'><strong>13</strong></span> <span class='ocrx_word' id='word_1_460' title='bbox 2375 4683 2518 4737; x_wconf 81' lang='lat' dir='ltr'><strong>baca</strong></span> <span class='ocrx_word' id='word_1_461' title='bbox 2553 4699 2757 4741; x_wconf 73' lang='grc' dir='ltr'><strong><em>κοκκος</em></strong></span> <span class='ocrx_word' id='word_1_462' title='bbox 2791 4678 3051 4735; x_wconf 81' lang='lat' dir='ltr'><strong>balathro</strong></span> 
     </span>
     <span class='ocr_line' id='line_1_47' title="bbox 445 4759 3051 4838; baseline -0.002 -19"><span class='ocrx_word' id='word_1_463' title='bbox 445 4783 656 4827; x_wconf 80' lang='grc' dir='ltr'><strong>ασωτος</strong></span> <span class='ocrx_word' id='word_1_464' title='bbox 691 4764 915 4820; x_wconf 84' lang='lat' dir='ltr'><strong>balatus</strong></span> <span class='ocrx_word' id='word_1_465' title='bbox 953 4765 1278 4836; x_wconf 75' lang='grc' dir='ltr'><strong><em>βληχηθμος</em></strong></span> <span class='ocrx_word' id='word_1_466' title='bbox 1314 4782 1380 4820; x_wconf 85' lang='lat' dir='ltr'><strong>ac</strong></span> <span class='ocrx_word' id='word_1_467' title='bbox 1418 4765 1560 4822; x_wconf 86' lang='lat' dir='ltr'><strong>talia</strong></span> <span class='ocrx_word' id='word_1_468' title='bbox 1596 4767 1652 4821; x_wconf 89' lang='lat' dir='ltr'><em>P</em></span> <span class='ocrx_word' id='word_1_469' title='bbox 1681 4768 1825 4823; x_wconf 86' lang='lat' dir='ltr'><strong>baca</strong></span> <span class='ocrx_word' id='word_1_470' title='bbox 1870 4767 2167 4838; x_wconf 81' lang='grc' dir='ltr'><strong><em>βαραθρον</em></strong></span> <span class='ocrx_word' id='word_1_471' title='bbox 2205 4779 2417 4824; x_wconf 56' lang='lat' dir='ltr'><strong>comtos</strong></span> <span class='ocrx_word' id='word_1_472' title='bbox 2463 4759 2687 4816; x_wconf 83' lang='lat' dir='ltr'><strong>balteus</strong></span> <span class='ocrx_word' id='word_1_473' title='bbox 2723 4760 3051 4815; x_wconf 85' lang='lat' dir='ltr'><strong>barathrum</strong></span> 
     </span>
     <span class='ocr_line' id='line_1_48' title="bbox 392 4843 754 4914; baseline -0.003 -13"><span class='ocrx_word' id='word_1_474' title='bbox 392 4861 513 4914; x_wconf 58' lang='lat' dir='ltr'><strong>‚ao</strong></span> <span class='ocrx_word' id='word_1_475' title='bbox 547 4843 653 4899; x_wconf 63' lang='lat' dir='ltr'><strong>tali</strong></span> <span class='ocrx_word' id='word_1_476' title='bbox 685 4844 754 4900; x_wconf 83' lang='lat' dir='ltr'><em>N</em></span> 
     </span>
    </p>
   </div>
  </div>
 </body>
</html>
