3613 5528
541 378 623 440 10
1138 373 1490 429 TERENTII
1531 374 1793 430 SCAVRI
1831 372 1929 426 DE
1969 371 2545 427 ORTHOGRAPHIA

538 563 597 622 ei
651 559 917 623 subiecta
974 567 1116 621 sunt
1170 568 1231 621 et
1286 542 1499 620 additis
1556 558 1683 619 aliis
1742 560 1824 619 ita
1871 566 2192 641 augentur,
2249 566 2316 619 ut
2363 557 2615 637 quodam
2663 557 2837 618 modo
2886 558 3151 638 suppleri

538 667 696 729 illius
735 667 1053 747 disputatio
1092 668 1377 742 videatur,
1424 666 1530 728 sed
1568 669 1745 728 etiam
1783 667 2125 747 disputandi
2163 675 2226 728 et
2270 664 2571 727 scribendi
2615 666 2766 725 ratio
2813 664 3022 726 similis
3060 675 3152 727 est

538 778 601 836 in
658 774 751 835 his
813 783 989 853 atque
1050 777 1108 835 in
1173 773 1291 835 1110.
1377 793 1450 835 ex
1508 793 1627 854 quo
1683 793 1903 855 genere
1961 783 2053 836 est
2117 773 2411 854 generalis
2467 790 2675 834 eorum
2732 779 2939 832 contra
3001 791 3150 852 quos

538 883 755 943 dicitur
802 883 1178 964 significatio,
1225 886 1497 958 quidam,
1554 886 1662 957 qm'
1714 884 1928 943 dicunt
1982 890 2043 942 et
2088 880 2324 961 similia,
2380 882 2442 941 in
2499 881 2828 959 fragmento
2881 879 3150 940 Parisino

538 993 776 1065 antiqui
810 998 871 1050 et
908 993 1297 1066 consuetudo,
1344 994 1617 1066 quotiens
1656 991 1893 1069 saepius
1931 989 2277 1069 adhibitum,
2315 994 2607 1065 princeps
2645 990 2850 1049 littera
2887 1006 2944 1066 p.
2975 984 3149 1048 2262

537 1106 596 1158 et
627 1100 943 1174 principes
978 1100 1219 1157 litterae
1255 1116 1311 1176 p.
1350 1094 1524 1157 2263
1564 1096 1692 1157 0011.
1729 1117 1786 1176 p.
1827 1092 1998 1157 2258
2028 1098 2417 1173 principibus
2454 1099 2688 1170 litteriS,
2736 1087 3153 1173 πλεονασμός

537 1212 624 1264 est
669 1223 726 1282 p.
773 1199 948 1264 2264
996 1202 1125 1264 coll.
1172 1222 1226 1283 p.
1276 1200 1452 1264 2254
1499 1212 1800 1265 testantur
1846 1202 2318 1283 μεταπλασμοί.
2390 1211 2636 1282 propter
2684 1201 2834 1261 hanc
2881 1199 3149 1263 similitu-

538 1310 735 1371 dinem
784 1311 966 1388 igitur
1015 1328 1131 1369 non
1178 1308 1564 1390 improbabile
1612 1309 1909 1371 videbitur
1954 1320 2021 1371 ut
2065 1309 2211 1371 haec
2267 1327 2531 1390 quoque,
2587 1311 2744 1370 sicut
2795 1306 3013 1368 llbrum
3076 1308 3150 1369 de

538 1416 974 1499 orthographia,
1021 1419 1119 1477 cui
1156 1417 1569 1498 adhaeserunt,
1615 1437 1648 1477 a
1687 1417 1931 1498 Scauro,
1979 1435 2156 1497 quem
2190 1416 2441 1497 plurima
2481 1434 2513 1475 a
2549 1413 2813 1476 Varrone
2852 1418 3150 1495 recepisse

538 1524 810 1604 vidimuS,
857 1525 1077 1602 scripta
1115 1531 1177 1584 et
1212 1522 1426 1586 deinde
1466 1533 1717 1603 utraque
1758 1532 2037 1604 excerpta
2075 1522 2147 1582 ab
2184 1524 2486 1584 inferioris
2516 1524 2731 1595 *aetatis
2769 1525 3149 1601 grammatico

539 1631 863 1709 composita
924 1649 1054 1691 esse
1116 1630 1397 1692 dicamus,
1491 1631 1609 1691 huc
1670 1631 1899 1692 accedit
1959 1630 2116 1711 quod
2177 1632 2220 1689 ii
2278 1629 2671 1709 grammatici,
2732 1647 2882 1707 quos
2943 1629 3151 1690 Scauri

537 1735 704 1797 libris
743 1735 813 1796 de
853 1746 979 1798 arte
1018 1741 1397 1817 grammatica
1437 1756 1578 1799 usos
1616 1757 1747 1799 esse
1787 1722 2030 1818 scimuS,
2072 1736 2258 1798 Iulius
2295 1736 2596 1797 Romanus
2634 1735 2788 1816 apud
2818 1735 3150 1797 Charisium

537 1863 593 1922 p.
632 1840 780 1925 203,
820 1841 895 1905 12
942 1853 1000 1906 01
1046 1844 1358 1906 Diomedes
1404 1864 1461 1925 p.
1500 1842 1647 1925 414,
1685 1842 1790 1927 31,
1838 1844 1910 1904 de
1957 1842 2251 1904 adverbiis
2298 1841 2583 1903 localibus
2629 1840 2719 1903 vel
2765 1845 3149 1923 praepositio-

540 1948 714 2010 nibus
771 1950 975 2011 eadem
1033 1971 1183 2031 quae
1239 1952 1352 2012 hoc
1408 1951 1537 2013 loco
1596 1950 1840 2011 uberius
1896 1951 2161 2030 exposita
2219 1958 2359 2010 suut
2414 1952 2475 2011 in
2524 1948 2855 2009 breviorem
2903 1951 3150 2011 sormam

536 2057 773 2119 redacta
822 2058 1120 2140 exhibent,
1168 2067 1234 2120 ut
1279 2059 1362 2120 illi
1409 2077 1528 2119 11011
1575 2061 1771 2138 ipsum
1811 2058 2092 2118 Varronis
2137 2055 2375 2137 librum,
2422 2056 2526 2117 sed
2574 2075 2642 2117 00
2689 2075 2839 2136 quae
2890 2057 3150 2119 Scaurus

537 2182 611 2223 ex
659 2182 728 2223 eo
777 2175 1086 2244 receperat
1130 2165 1409 2226 habuisse
1456 2166 1700 2246 putandi
1748 2166 1884 2225 sint.
1954 2182 2140 2225 uuum
2178 2162 2318 2225 huic
2358 2166 2684 2225 sententiae
2727 2163 2894 2224 video
2932 2168 3151 2244 opponi

535 2290 730 2353 posse,
775 2272 933 2351 quod
982 2271 1259 2332 Varronis
1306 2283 1687 2353 praeceptum
1734 2273 1806 2333 de
1855 2274 1875 2332 i
1922 2280 1981 2332 et
2027 2273 2085 2332 ei
2127 2270 2343 2332 litteris
2391 2290 2445 2349 p.
2494 2268 2671 2332 2264
2684 2318 2703 2352 ,
2765 2272 2922 2350 quod
2971 2292 3150 2353 supra

537 2397 594 2457 p.
633 2376 807 2439 2255
845 2382 1261 2458 grammaticus
1299 2379 1751 2460 improbaverat,
1797 2379 1909 2439 hoc
1957 2378 2086 2438 loco
2136 2381 2221 2438 sic
2270 2386 2566 2457 tamquam
2611 2378 2798 2456 ipsius
2837 2380 3150 2459 scriptoris

538 2493 921 2564 praeceptum
978 2487 1259 2548 refertur.
1333 2486 1490 2565 quod
1548 2495 1743 2547 tamen
1801 2485 2205 2565 neglegentiae
2263 2485 2631 2563 excerptoris
2686 2483 2918 2544 videtur
2968 2485 3150 2546 tribui

538 2610 742 2673 posse,
798 2594 913 2652 nisi
959 2594 1158 2671 potius
1216 2595 1288 2653 iis
1335 2612 1483 2672 quae
1532 2592 1745 2653 deinde
1794 2600 2077 2670 corrupte
2124 2594 2185 2652 in
2234 2590 2539 2652 codicibus
2586 2591 2806 2669 scripta
2853 2600 2994 2652 sunt
3037 2592 3150 2654 hoc

541 2716 777 2778 quoque
825 2697 954 2760 loco
1002 2699 1281 2760 refutatio
1331 2702 1458 2760 eius
1506 2701 1836 2761 sententiae
1883 2696 2314 2761 continebatur.

717 2806 920 2885 ltaque
982 2809 1034 2866 si
1086 2807 1234 2869 haec
1290 2826 1439 2887 quae
1494 2807 1614 2868 dixi
1672 2826 1810 2868 vere
1867 2808 2160 2887 disputata
2222 2815 2388 2886 sunt,
2442 2805 2560 2866 duo
2607 2804 2894 2866 habemus
2943 2807 3149 2870 Scauri

540 2914 866 2990 fragmenta
915 2912 1004 2973 vel
1052 2923 1354 2996 excerpta,
1400 2914 1650 2975 alterum
1700 2916 1890 2975 maius
1938 2932 2009 2974 ex
2057 2911 2341 2992 singulari
2385 2911 2536 2973 libro
2584 2912 2656 2972 de
2704 2912 3141 2996 orthographia,

539 3028 607 3078 ut
662 3017 922 3100 videtur,
981 3028 1314 3103 receptum,
1370 3022 1622 3083 alterum
1678 3020 1920 3082 brevius
1978 3040 2047 3082 ex
2110 3020 2223 3080 alio
2272 3019 2538 3082 eiusdem
2585 3022 2953 3098 grammatici
2998 3019 3149 3081 libro

541 3127 809 3204 petitum.
898 3145 1046 3207 quae
1102 3137 1306 3208 postea
1363 3148 1500 3190 cum
1560 3132 1685 3190 suis
1748 3128 2056 3209 clausuliS,
2122 3131 2243 3188 sive
2300 3127 2408 3188 hae
2469 3128 2657 3206 ipsius
2717 3127 2926 3187 Scauri
2983 3134 3152 3188 erant

541 3234 662 3293 sive
729 3231 801 3293 ab
865 3233 978 3294 alio
1043 3238 1424 3314 grammatico
1491 3234 1748 3316 additae,
1815 3236 1885 3297 ad
1952 3233 2466 3313 orthographicam
2524 3235 2957 3295 institutionem
3014 3253 3149 3296 con-

538 3340 740 3400 iuncta
786 3347 941 3400 sunt.

717 3445 1147 3525 Fragmentum·
1193 3449 1266 3510 de
1314 3450 1686 3510 ordinatione
1733 3451 1991 3529 partium
2040 3450 2351 3530 orationis,
2410 3449 2569 3528 quod
2616 3451 2985 3528 praescripto
3041 3449 3151 3509 Te-

544 3553 722 3611 rentii
762 3554 998 3612 nomine
1038 3554 1099 3613 in
1136 3552 1477 3616 Valentiano
1516 3555 1721 3616 codice
1769 3554 2004 3638 legitur,
2049 3558 2110 3616 in
2158 3574 2278 3615 11110
2318 3554 2581 3616 Ρο1011110
2630 3555 2832 3616 codice
2871 3555 3151 3617 Terentio

544 3657 768 3718 Scauro
808 3659 1100 3720 tributum
1140 3670 1199 3721 et
1236 3663 1364 3722 eius
1411 3660 1562 3722 libro
1601 3662 1936 3723 subiectum
1975 3672 2093 3742 est,
2141 3673 2410 3724 ceterum
2449 3682 2481 3723 a
2520 3672 2720 3722 vetere
2770 3665 3150 3741 grammatico

542 3764 699 3825 haud
746 3764 923 3826 dubie
972 3766 1226 3827 alienum
1276 3775 1384 3828 est.

720 3870 1011 3952 Excerpta
1067 3872 1361 3955 Parisina,
1417 3893 1567 3953 quae
1625 3875 1835 3937 Scauri
1892 3880 2187 3957 excerptis
2244 3877 2469 3959 addidi,
2523 3885 2695 3937 antea
2751 3880 2811 3937 in
2872 3876 3151 3936 analectis

543 3979 939 4055 grammaticis
978 3977 1531 4042 vindobonensibus
1576 4002 1631 4063 p.
1670 3980 1802 4044 452
1851 3984 2005 4046 edita
2052 3994 2237 4046 erant.
2313 3984 2577 4044 codicem
2623 3985 2684 4044 in
2733 4000 2928 4043 meum
2976 4000 3151 4043 usum

544 4085 738 4145 denuo
797 4089 1239 4149 accuratissime
1296 4093 1557 4151 excussit
1601 4090 2028 4152 Maximilianus
2073 4090 2333 4173 Bonnet,
2389 4110 2530 4170 quo·
2564 4098 2806 4151 auctore
2865 4088 3152 4149 lectiones

546 4190 680 4252 libri
731 4209 904 4253 manu
955 4195 1163 4273 scripti
1207 4197 1450 4277 rectiuS,
1497 4215 1672 4276 quam
1720 4196 1860 4259 olim
1899 4218 1931 4258 a
1968 4197 2524 4283 vindobonensibus
2564 4195 2892 4257 editoribus
2934 4197 3152 4258 sactum

544 4305 697 4379 erat,
742 4297 1000 4360 exhibui.
