3613 5528
1282 335 1632 403 EXEM'PLA
1671 348 2201 405 ELocv‘rloNVM
2908 349 3036 414 461

439 465 483 502 p.
513 449 609 492 219.
638 447 719 490 220
746 448 799 490 L.

440 534 631 595 bella
696 553 1000 596 cernere
1066 543 1220 595 erat
1267 583 1279 596 .
1327 513 1595 595 cernitur
1651 533 1796 595 nulli
1852 553 1962 615 pro
2019 553 2050 595 a
2107 534 2295 615 nullo,
2351 533 2515 604 idem,
2563 534 2704 596 Aen.
2761 535 2786 596 1
2842 537 3037 609 (440)

439 660 678 722 neque
725 643 1057 703 cernitur
1104 641 1251 703 ulli.

617 748 898 810 Condono
954 748 1063 809 tibi
1114 749 1253 832 hoc,
1302 748 1415 809 Sal.
1464 748 1585 829 lug.
1634 751 1840 825 (27‚2)
1900 756 1976 810 ut
2031 748 2418 829 Iugurthae
2478 750 2719 811 scelus
2776 750 3034 811 condo-

438 864 744 918 naretur
786 904 799 917 .
846 856 1217 917 condonatur
1264 855 1420 916 illam
1467 874 1624 937 rem,
1669 857 1804 917 Ter.
1851 856 2002 918 Eun.
2050 859 2227 933 (prol.
2277 857 2390 930 17)

356 977 382 1018 5
861 962 1082 1023 habeo
1129 964 1267 1023 alia
1315 963 1560 1046 multa,
1605 982 1782 1043 quae
1832 983 2017 1025 nunc
2065 963 2620 1046 condonabitur,

438 1071 592 1133 idem
641 1071 819 1131 Phor.
864 1068 964 1150 (V
1000 1068 1182 1154 5354)
1227 1079 1600 1151 argentum
1647 1071 1833 1151 quod
1883 1069 2100 1133 habes
2146 1070 2626 1134 condonamus
2674 1080 2757 1133 te.
2800 1071 2810 1148 Ι

612 1179 899 1239 Conscius
944 1178 1124 1239 huius
1170 1179 1285 1259 rei,
1331 1177 1502 1257 Verg.
1540 1177 1799 1239 Aen.·Xl
1846 1175 2030 1261 (812)
2076 1181 2412 1240 conscius
2459 1179 2751 1240 audacis
2798 1180 2971 1242 facti
3018 1230 3031 1242 .

359 1346 363 1351 ,
433 1290 708 1349 conscius
754 1287 893 1348 huic
941 1287 1057 1368 rei,
1103 1284 1220 1347 Cic.
1261 1284 1334 1345 de
1373 1287 1558 1365 signis
1595 1281 1690 1366 (in
1745 1286 1913 1348 Verr.
1953 1288 2053 1347 IV
2083 1283 2350 1365 56,124)
2397 1288 2793 1349 temeritati
2841 1307 3029 1350 meae

431 1403 500 1456 et
547 1394 919 1455 mendacio
968 1412 1118 1454 meo
1166 1395 1519 1454 conscius.

352 1514 403 1553 10
611 1500 912 1563 Cultorem
960 1503 1078 1582 sui,
1128 1498 1240 1561 Sal.
1289 1481 1434 1561 hist.X
1462 1500 1569 1561 ΗΙΙ
1616 1499 1961 1580 collegam
2009 1502 2354 1561 minorem
2402 1509 2471 1562 et
2517 1502 2631 1562 sui
2677 1502 3029 1564 cultorem

430 1616 879 1690 exspectans,
972 1608 1167 1670 cultor
1213 1609 1456 1688 horum,
1501 1606 1672 1687 Verg.
1719 1626 1881 1687 geor.
1929 1607 1954 1667 Ι
1999 1605 2145 1688 (14)
2198 1616 2268 1668 et
2321 1607 2559 1668 cultor
2605 1625 2965 1671 nemorum
3014 1659 3028 1672 .

428 1716 630 1777 colens
676 1716 854 1778 huius
910 1718 1026 1797 rei,
1072 1715 1190 1777 Cic.
1237 1734 1345 1796 pro
1393 1713 1631 1775 Plancio
1688 1711 1948 1795 (33‚80)
2003 1716 2122 1794 qui
2191 1714 2622 1794 religionum
2686 1715 3027 1779 colentes,

604 1823 872 1902 Congero
938 1823 1009 1883 ad
1075 1822 1266 1904 illum,
1330 1822 1448 1882 Cic.
1505 1839 1614 1900 pro
1682 1821 1958 1883 Deiotaro
2022 1818 2228 1903 (412)
2291 1821 2372 1882 ad
2440 1841 2642 1902 quem
2707 1841 2863 1884 cum
2927 1825 3026 1886 dii

426 1939 637 2009 atque
683 1930 1007 1990 homines
1054 1932 1289 1991 omnia
1336 1937 1755 1990 ornamenta
1802 1931 2350 2009 congessissent
2390 1977 2401 1988 .
2441 1947 2697 2010 congero
2744 1933 2805 1991 in
2842 1930 3026 2015 illum,

349 2047 398 2087 1⁵
427 2035 544 2098 Cic.
575 2036 825 2117 Philipp.
863 2037 911 2094 V
947 2033 1151 2117 (4,12)
1196 2040 1500 2117 pecunia
1549 2045 1891 2116 congesta
1938 2039 2006 2097 in
2053 2037 2247 2098 illam
2293 2036 2569 2097 domum
2615 2086 2629 2098 .
2677 2046 3023 2118 congestum

426 2142 593 2227 illuc,
639 2142 808 2223 Verg.
857 2143 989 2205 buc.
1038 2138 1249 2227 (3269)

2335 2236 2572 2295 notavi

798 2343 951 2421 ipse
997 2340 1256 2422 locum,
1301 2342 1540 2401 aeriae
1587 2359 1723 2420 quo
1771 2358 2211 2421 congessere
2258 2339 2643 2421 palumbes.

603 2447 817 2509 Custos
881 2448 1110 2509 illarum
1178 2467 1407 2528 rerum,
1471 2446 1640 2527 Verg.
1696 2465 1857 2527 geor.
1912 2447 1936 2507 l
1991 2443 2139 2528 (17)
2201 2448 2340 2508 Pan
2407 2450 2641 2509 ovium
2707 2457 2953 2510 custos
3011 2499 3024 2511 .

346 2562 628 2615 ”custos
675 2554 789 2616 illis
837 2554 1043 2637 rebus,
1089 2554 1207 2616 Cic.
1255 2558 1318 2616 in
1364 2554 1528 2615 Catil.
1577 2554 1629 2615 ΙΙ
1675 2551 1929 2635 (12,27)
1992 2554 2232 2616 nullus
2297 2563 2409 2617 est
2470 2547 2703 2635 portis
2758 2565 3022 2618 custos,

601 2663 895 2723 Criminor
942 2672 999 2723 te
1045 2661 1154 2745 illi,
1202 2663 1334 2724 Ter.
1379 2661 1530 2723 Eun.
1579 2662 1673 2735 (V
1713 2662 1888 2738 2,16)
1938 2664 2156 2723 metui
2210 2681 2295 2722 ne
2351 2680 2453 2723 me
2509 2665 3023 2725 criminaretur

426 2767 554 2830 tibi
604 2818 617 2831 .

599 2877 854 2958 Compos
899 2880 1105 2959 animi,
1152 2879 1287 2940 Ter.
1336 2878 1522 2939 Adelr.
1568 2874 1716 2959 (III
1751 2875 1925 2958 2‚12)
1970 2880 2084 2939 vix
2132 2896 2283 2939 sum
2328 2895 2617 2957 compos
2663 2879 2879 2939 animi
2918 2926 2931 2939 .

599 2985 994 3046 Commeritus
1049 3004 1189 3066 erga
1245 3004 1366 3067 me,
1412 2985 1546 3047 Ter.
1594 2985 1770 3066 Hecy.
1817 2985 1964 3066 (III
2001 2983 2184 3066 5‚36)
2230 3003 2586 3065 nunquam
2641 2987 3021 3064 quicquam

343 3100 395 3140 ²5
423 3111 590 3172 erga
637 3112 740 3154 me
787 3095 1302 3175 commeritast,
1346 3100 1570 3172 pater.

601 3198 949 3279 Compertos
996 3199 1249 3280 scelere,
1296 3200 1413 3260 Cic.
1453 3198 1664 3278 Philip.
1705 3197 1811 3258 Xll
1848 3193 2059 3278 (7,15)
2104 3199 2231 3260 hos
2277 3218 2463 3260 nunc
2510 3201 2698 3260 omni
2740 3197 3019 3261 scelere

423 3315 829 3386 compertos
877 3305 1302 3368 tolerabiles
1348 3324 1602 3367 censes
1647 3306 1929 3367 civitati
1974 3302 2172 3367 sore?

600 3412 890 3473 Credulus
938 3411 1080 3494 iuis,
1126 3411 1295 3493 Verg.
1342 3412 1476 3474 buc.
1509 3409 1737 3493 (234)
1783 3412 1911 3474 sed
1960 3431 2097 3473 non
2147 3432 2271 3492 ego
2319 3413 2658 3474 credulus
2704 3413 2851 3475 illis
2898 3462 2911 3475 .

602 3519 924 3580 Considere
972 3521 1032 3581 in
1073 3520 1236 3589 ⁴illam
1283 3539 1435 3601 rem,
1481 3520 1651 3600 Verg.
1697 3519 1840 3581 Aen.
1887 3518 2039 3580 Vllll
2087 3514 2279 3601 (144)

340 3637 394 3676 ³⁰
1333 3637 1400 3689 et
1448 3647 1583 3698 non
1630 3626 1971 3689 viderunt
2017 3629 2293 3688 moenia
2339 3627 2593 3688 Troiae

809 3733 1124 3813 Neptuni
1170 3733 1520 3796 fabricata
1568 3753 1769 3796 manu
1818 3734 2199 3796 considere
2247 3737 2312 3796 in
2360 3737 2561 3813 ignes
2605 3781 2622 3797 .

421 3839 732 3901 considere
781 3840 899 3920 his,
945 3840 1099 3901 idem
1148 3842 1290 3902 Aen.
1339 3840 1364 3900 Ι
1409 3839 1603 3923 (572)

782 3948 1002 4009 vultis
1051 3956 1120 4009 et
1164 3947 1276 4009 his
1325 3967 1593 4011 mecum
1639 3950 1918 4029 pariter
1965 3948 2346 4009 considere
2395 3951 2654 4028 regnis,

598 4120 778 4176 Codex
819 4121 1116 4175 Parrhasii
1188 4128 1219 4176 6
1266 4121 1646 4176 condonamur
1689 4121 1748 4174 te
1898 4126 1962 4173 10
2000 4120 2224 4191 collega.
2367 4126 2432 4174 19
2469 4136 2619 4191 geor.
2658 4120 2707 4192 I]
2746 4137 2935 4192 georg.

418 4206 488 4254 20
526 4199 634 4256 Cic.
674 4200 836 4255 Catil.
875 4200 926 4254 V
970 4201 1157 4256 nuilus
1318 4208 1381 4256 21
1426 4202 1815 4257 criminaretur
1860 4217 1998 4255 uxor
2042 4199 2176 4269 tibi,
2228 4201 2323 4255 sed
2367 4200 2540 4253 deleta
2574 4217 2623 4254 v.
2663 4217 2805 4255 uxor
2948 4207 3016 4256 25

419 4282 803 4336 commeritust
971 4287 1039 4336 26
1086 4282 1215 4355 hos]
1271 4282 1358 4337 his
1528 4287 1594 4336 31
1623 4286 1753 4350 post
1787 4280 1947 4350 ignea
1976 4280 2306 4349 praecedens
2341 4280 2569 4335 elocutio
2606 4296 2728 4334 cum
2763 4281 3017 4351 exempla

418 4361 674 4415 credulus
711 4361 824 4416 illis
863 4394 930 4403 ——
967 4363 1108 4432 illis,
1146 4365 1375 4434 repetita
1412 4368 1487 4418 est
1631 4368 1697 4416 32
1735 4361 1886 4416 idem
1921 4361 2061 4431 virg.
2097 4360 2125 4413 Ι

595 4520 627 4568 6
665 4514 1040 4568 condonamus
1093 4517 1151 4569 te
1213 4514 1498 4569 Terentius
1674 4518 1706 4568 8
1762 4515 1829 4568 ut
1882 4514 1968 4567 tot
2019 4511 2167 4567 viros
2223 4509 2511 4581 primarios
2562 4509 2733 4564 velim
2780 4540 2847 4549 --
2897 4528 3017 4567 esse

417 4592 725 4648 temeritati
779 4596 838 4647 et
890 4593 1181 4648 mendacio
1237 4610 1361 4648 meo
1418 4591 1694 4661 conscioe,
1751 4592 1951 4646 mnissa
1993 4607 2043 4644 v.
2090 4607 2248 4645 meae
2285 4590 2490 4646 codices
2528 4589 2804 4645 Ciceronis
2948 4599 3016 4646 10

417 4674 690 4743 collegam
730 4675 804 4728 M
813 4673 926 4728 PG
1086 4680 1157 4728 24
1194 4691 1337 4742 quae
1383 4688 1689 4741 numquam
1735 4671 2040 4740 quidquam
2084 4687 2220 4740 erga
2263 4689 2351 4727 me
2399 4669 2801 4739 commeritast‚
2856 4673 3017 4741 pater

422 4751 707 4808 Terentius
884 4760 954 4807 26
1005 4755 1108 4807 hos
1162 4769 1309 4807 nunc
1363 4752 1517 4807 omni
1564 4751 1768 4805 scelere
1816 4754 2105 4821 coopertos
2145 4751 2358 4817 Cicero,
2401 4750 2499 4804 ubi
2544 4753 2799 4819 copertos
2847 4753 3015 4806 codex

431 4834 731 4889 Vaticanus
872 4841 941 4889 30
978 4837 1042 4890 at
1074 4850 1187 4888 non
1226 4833 1280 4888 G-
1327 4834 1625 4904 Veryilius,
1663 4834 1722 4887 et
1757 4848 1870 4887 non
1904 4847 2167 4902 super-scr.
2208 4835 2269 4886 at
2308 4830 2365 4884 P
