3613 5528
633 458 763 523 380
1749 456 2094 513 DOSITHEI

629 571 672 610 p.
704 561 767 601 10.
797 561 846 600 11
873 560 933 600 H.

630 646 793 708 verbi
847 649 1143 727 proximas
1195 646 1462 724 syllabas
1516 645 1728 707 inflexa
1785 645 1991 708 subter
2046 645 2270 726 virgula
2305 648 2595 728 iungunt,
2658 654 2725 708 ut
2770 656 2861 708 est
2908 640 3226 708 ‘Turnus

630 763 705 815 ut
750 750 1289 836 antevvolans?
1318 775 1351 812 *
1396 757 1538 815 item
1578 753 2005 836 apostrophon,
2044 773 2179 816 cum
2219 753 2476 815 vocalem
2513 753 2776 816 ultimam
2808 752 3224 815 subtrahimus

627 859 779 922 hanc
827 863 912 922 sie
960 869 1192 924 notant:
1257 860 1328 922 ad
1376 870 1553 942 eaput
1618 863 1747 923 eius
1812 863 2219 944 consonantiS,
2282 864 2380 922 cui
2437 861 2653 924 vocalis
2709 861 3009 923 subtracta
3067 854 3219 943 est‚}

625 967 900 1029 inflexam
964 968 1275 1051 virgulam,
1338 987 1489 1050 quae
1554 968 1623 1029 ad
1690 987 1818 1030 eam
1884 977 2136 1051 spectat,
2200 978 2529 1050 apponunt,
2604 978 2669 1031 ut
2734 964 3056 1031 ‘tanton'
3121 988 3225 1030 me

625 1078 933 1137 erimine
980 1071 1317 1156 dignum'.
3279 1089 3306 1130 ὁ

1529 1267 1648 1335 DE
1695 1266 2316 1335 DISTINCTIONE

801 1405 1111 1468 Distinotio
1187 1415 1279 1468 est
1343 1405 1562 1468 silentii
1628 1415 1791 1486 nota,
1866 1425 2014 1487 quae
2084 1409 2144 1467 in
2210 1405 2457 1502 legendo
2522 1407 2620 1468 dat
2685 1410 2911 1488 copiam
2976 1410 3222 1488 spiritus

625 1512 978 1596 recipiendi,
1033 1532 1107 1574 ne
1163 1516 1607 1576 continuatione
1667 1514 1915 1576 deficiat.
2015 1515 2124 1575 hae
2187 1524 2310 1576 tres
2374 1521 2540 1594 sunt,
2604 1533 2854 1594 quarum
2912 1514 3222 1576 diversitas

556 1605 563 1610 ’
626 1619 820 1680 trihus
885 1624 1119 1699 punctis
1170 1621 1415 1682 ¹diverso
1479 1621 1608 1682 loeo
1640 1624 1883 1702 ·positis
1946 1621 2257 1684 indicatur.
2368 1621 2470 1682 ubi
2542 1620 2753 1701 plenus
2827 1631 2920 1683 est
2991 1640 3221 1701 sensim,

622 1736 909 1807 punctum
967 1728 1037 1788 ad
1085 1737 1263 1809 caput
1308 1728 1537 1790 litterae
1584 1732 1888 1811 ponimuS‚
1942 1738 2003 1790 et
2049 1738 2140 1790 est
2175 1729 2427 1791 liberum
2466 1748 2700 1790 cessare
2738 1729 3042 1811 prolixius,
3117 1721 3218 1789 tibi
3251 1746 3304 1785 ιο

623 1852 802 1897 sensu
877 1835 1137 1897 nondum
1212 1836 1387 1916 pleno
1461 1839 1743 1917 respirari
1815 1846 2079 1919 oportet,
2153 1837 2223 1899 ad
2300 1836 2548 1898 mediam
2622 1837 2878 1899 litteram
2950 1835 3222 1897 dabimus

621 1949 925 2021 punctum.
1032 1942 1135 2004 ubi
1199 1943 1310 2005 sub
1377 1944 1570 2023 ipsum
1634 1944 1812 2004 finem
1875 1943 2160 2025 implendi
2224 1963 2435 2007 sensus
2499 1947 2579 2007 ita
2645 1943 3088 2025 suspendimuS,
3153 1952 3222 2003 ut

621 2051 818 2111 statim
857 2050 914 2112 id
954 2049 1110 2131 quod
1150 2053 1420 2131 sequitur
1458 2049 1729 2114 subicere
1767 2048 2114 2132 debeamuS,
2159 2054 2338 2112 imam
2372 2050 2631 2113 litteram
2668 2059 2890 2131 puncto
2929 2058 3218 2111 notamus,

798 2221 980 2279 Codex
1034 2222 1428 2294 Sanqallenai&
1524 2230 1548 2277 1
1590 2222 1838 2292 syllabas
1873 2239 1969 2278 om.
2153 2230 2186 2278 2
2233 2224 2560 2294 apostrofon
2738 2229 2773 2278 4
2817 2224 3080 2279 tentonus
3127 2239 3218 2277 me

621 2301 854 2359 crimine
890 2303 1004 2374 dig.
1151 2310 1182 2359 9
1220 2302 1502 2359 iudicatur
1538 2303 1634 2372 qui
1668 2303 1869 2374 plenus
2016 2309 2079 2357 11
2120 2302 2307 2374 sensu]
2345 2321 2569 2359 sensum

803 2470 829 2518 1
869 2463 1111 2536 Turnus]
1163 2463 1319 2534 very.
1356 2466 1494 2519 Aen.
1545 2463 1764 2519 VIIII
1795 2469 1884 2520 47.
1937 2465 2210 2532 lacunam,
2264 2482 2376 2534 qua
2429 2429 2696 2519 diastozes'
2717 2464 2965 2532 definitio
3001 2464 3220 2530 excidit,

620 2545 869 2601 indicavi
1045 2549 1081 2598 4
1133 2543 1357 2616 tanton]
1426 2544 1579 2615 Verq.
1628 2547 1766 2600 Aen.
1818 2545 1881 2598 x
1924 2549 2038 2600 668
2216 2551 2248 2599 e
2298 2544 2393 2598 oe
2447 2543 2989 2608 ms‘rmc'mone]
3034 2544 3218 2601 mom.

611 2642 673 2696 p.
711 2630 891 2693 437,9

621 2787 994 2875 ἐκφωνήσει
1032 2784 1434 2876 συνάγομεν,
1469 2790 1580 2856 καὶ
1616 2786 1691 2856 τὸ
1732 2802 2009 2876 σημεῖον
2047 2785 2252 2875 αὐτῆς
2286 2791 2483 2857 τοῦτο
2521 2791 2860 2856 ποιοῦσιν·
2908 2788 3220 2874 ἑκατέρου

622 2894 913 2984 ῥήματος
982 2892 1099 2976 τὰς
1170 2900 1436 2982 ἔγγιστα
1511 2893 1847 2982 συλλαβὰς
1918 2897 2398 2984 ἐπικεκαμμένῃ
2471 2892 2909 2963 ὑποκάτωθεν
2990 2892 3219 2984 ῥάβδῳ

625 3001 1084 3090 ζευγνύουσιν,
1142 2999 1233 3082 ὥς
1287 3003 1467 3071 ἐστιν
1601 3027 1635 3066 *
1683 2999 1929 3088 ὁμοίως
1972 3001 2082 3069 καὶ
2129 2999 2582 3091 ἀπόστροφον,
2639 2998 2891 3070 ὁπόταν
2947 3003 3219 3088 φωνῆεν

618 3107 877 3178 τελικὸν
924 3106 1362 3199 ὑφαιροῦμεν.
1452 3107 1701 3196 ταύτην
1750 3107 1961 3190 οὕτως
2007 3112 2463 3197 σημειοῦνται’
2509 3106 2676 3196 πρὸς
2709 3107 2784 3178 τὸ
2824 3107 2966 3177 ἀνω
2993 3114 2998 3197 l
3023 3110 3223 3196 μέρος

617 3221 740 3286 τοῦ
786 3216 1190 3306 συμφώνου,
1239 3206 1320 3286 οὗ
1363 3214 1439 3284 τὸ
1486 3221 1759 3304 φωνῆεν
1804 3213 2174 3307 ὑφῄρηται,
2230 3218 2751 3305 ἐπικεκαμμένον
2797 3218 3081 3304 ῥαβδίον
3127 3218 3222 3294 είς
3276 3276 3302 3314 5

620 3322 784 3392 αὐτὸ
832 3325 1080 3410 βλέπον
1126 3325 1433 3393 τιθέασιν
1480 3319 1569 3403 ως
1614 3376 1629 3391 .

1565 3544 1793 3606 ΠΕΡΙ
1834 3543 1904 3604 Σ
1913 3543 2278 3607 ΤΙΓΜΗΣ

797 3661 1058 3749 Στιγμή
1106 3664 1286 3759 ἐστιν
1334 3665 1587 3750 σιωπῆς
1633 3677 1940 3750 σημεῖον,
1986 3660 2127 3749 ἥτις
2173 3664 2247 3731 ἐν
2283 3666 2374 3755 τῷ
2413 3657 2904 3749 ἀναγινώσκειν
2940 3663 3222 3730 δίδωσιν

618 3765 855 3838 ἄδειαν
900 3773 1023 3838 τοῦ
1066 3768 1141 3839 τὸ
1188 3773 1450 3857 πνεῦμα
1495 3767 2076 3857 ἀνακτήσασαθαι,
2122 3767 2211 3857 μὴ
2258 3771 2332 3838 ἐν
2377 3772 2467 3861 τῷ
2506 3767 2867 3837 συνάπτειν
2907 3771 3223 3857 ἐπιλείψῃ.

619 3867 816 3944 αὗται
859 3890 1035 3965 τρεῖς
1078 3882 1283 3963 εἰσιν,
1344 3867 1441 3946 ὧν
1496 3874 1537 3965 ἦ
1597 3876 1891 3965 διαφορὰ
1938 3878 2156 3965 τρισὶν
2202 3889 2487 3964 νυγμαῑς
2540 3878 2614 3944 ἐν
2678 3875 2984 3967 διαφόρω
3038 3873 3220 3966 τόπῳ
3251 3902 3304 3941 10

616 3986 1034 4071 τεθειμέναις
1098 3983 1580 4072 δηλωθήσεται.
1686 3981 1858 4053 ὅπου
1922 3983 2176 4071 πλήρης
2239 3984 2419 4052 ἐστὶν
2485 3980 2526 4071 ἡ
2594 3981 2900 4071 διάνοια,
2958 3980 3222 4071 νυγμὴν

619 4088 797 4176 παρὰ
842 4088 916 4159 τὸ
964 4088 1106 4159 ἅνω
1164 4094 1363 4180 μέρος
1415 4097 1537 4161 τοῦ
1592 4091 1978 4182 γράμματος
2031 4098 2336 4180 τίθεμεν,
2399 4096 2517 4159 καί
2574 4092 2755 4159 ἐστιν
2817 4088 3049 4170 ἄνεσις
3101 4093 3223 4159 τοῦ

623 4195 943 4285 σχολάσαι
990 4199 1094 4267 ἐπὶ
1139 4206 1389 4268 πλεῖον.
1480 4196 1652 4268 ὅπου
1698 4197 1772 4266 δὲ
1817 4202 1936 4285 τῆς
1981 4201 2285 4278 διανοίας
2340 4199 2610 4286 μηδέπω
2666 4195 2961 4287 πλήρους
3015 4194 3223 4283 οὔσης

620 4300 1037 4373 ἀναπνεῦσαι
1099 4304 1487 4395 χρῄζουσιν,
1553 4305 1729 4394 παρὰ
1791 4307 1999 4393 μέσον
2070 4303 2145 4373 τὸ
2221 4304 2487 4395 γράμμα
2560 4307 2863 4392 δώσομεν
2936 4302 3220 4392 νυγμήν.

622 4408 795 4480 ὅπου
859 4413 933 4480 δὲ
998 4411 1167 4500 πρὸς
1228 4409 1407 4505 αὐτῷ
1470 4418 1562 4507 τῷ
1623 4415 1796 4483 τέλει
1859 4415 1982 4482 τοῦ
2045 4409 2398 4502 ἀπαρτίσαι
2460 4410 2583 4500 τὴν
2657 4411 2970 4480 διάνοιαν
3045 4407 3221 4479 οὕτω
3253 4438 3304 4477 15

619 4515 1047 4607 ἀπαρτῶμεν,
1109 4517 1276 4589 ὥστε
1339 4516 1594 4600 εὐθέως
1650 4517 1832 4588 τοῦτ’
1900 4516 2059 4605 ὅπερ
2128 4521 2345 4588 ἕπεται
2407 4515 2773 4605 ὑποβαλεῖν
2840 4518 3221 4606 ὀφείλομεν,

621 4625 799 4714 παρὰ
843 4624 920 4695 τὸ
965 4626 1142 4696 κάτω
1189 4630 1388 4716 μέρος
1431 4631 1553 4697 τοῦ
1598 4628 1981 4716 γράμματος
2024 4630 2105 4715 τῇ
2153 4630 2374 4716 νυγμῇ
2421 4625 2893 4713 σημειούμεθα.

802 4793 830 4842 1
871 4783 1071 4860 αὐτῆς]
1104 4807 1246 4856 αντη
1391 4794 1423 4842 2
1460 4789 1789 4843 υποκατθεν
1828 4787 2025 4853 παρδω
2061 4788 2427 4856 superem-{pto
2466 4787 2653 4858 ραβδω
2798 4792 2830 4840 3
2861 4803 3222 4855 αναστροφον

623 4883 762 4923 corr.
818 4886 1167 4938 ανοστροφον
1328 4886 1527 4938 φωννη
1580 4869 1762 4921 τελικο
1927 4870 1959 4919 5
2015 4884 2207 4934 φωνεν
2369 4873 2401 4921 9
2460 4870 2707 4935 επιλιψει
2864 4871 2930 4920 13
2974 4861 3224 4933 κλήρους

623 4942 815 5018 οὔσης]
852 4949 1060 5016 winone
1203 4952 1272 5001 14
1308 4949 1605 5016 κοηζουσες
