3613 5528
591 405 718 469 162
1656 406 2118 466 CASSIODORII

582 515 626 554 p.
654 507 761 547 2293
786 506 838 546 P.

581 608 613 650 a
661 590 878 671 solum,
932 599 999 651 ut
1045 609 1075 650 a
1125 592 1337 671 fratre,
1392 609 1423 651 a
1473 593 1692 675 vicino,
1738 592 1812 653 ab
1859 593 2124 673 homine,
2178 590 2250 652 ab
2299 591 2464 652 urbe.
2538 590 2643 652 abs
2689 611 2828 653 vero
2876 591 3029 673 apud
3082 609 3191 652 nos

585 695 950 778 nominibus,
997 716 1131 760 cum
1180 697 1398 777 quibus
1444 700 1506 759 in
1554 699 1964 760 confusionem
2011 718 2130 760 non
2177 702 2365 780 venit,
2421 699 2755 779 respuenda
2813 707 2930 780 est,
2988 707 3054 760 ut
3108 707 3201 760 est

581 797 676 862 ‘ab
727 802 872 863 urbe
922 799 1135 886 venio',
1181 815 1299 865 non
1349 800 1476 865 ‘abs
1524 805 1672 866 urbe
1720 801 1935 867 venio'.
2009 824 2143 866 nam
2190 809 2253 866 in
2300 808 2726 886 compositione
2774 824 2892 867 non
2942 814 3035 867 est
3079 808 3196 866 evi·

582 908 781 990 tanda,
829 919 895 971 ut
940 910 1240 971 abscondo
1288 910 1572 972 abstineo.
1647 930 1721 973 au
1760 930 1998 992 quoque
2039 912 2129 972 his
2174 913 2592 993 praeponenda
2629 922 2752 993 est,
2797 931 2948 992 quae
2986 931 3017 973 a
3058 931 3196 973 con·

581 1016 930 1077 sonantibus
976 1019 1285 1097 incipiunt.

760 1123 823 1183 ln
869 1126 1256 1208 praepositio,
1320 1127 1369 1185 si
1415 1129 1739 1206 composita
1787 1129 1865 1187 sit
1911 1135 1972 1188 et
2014 1146 2054 1207 p
2101 1133 2202 1186 aut
2248 1125 2286 1186 b
2331 1125 2423 1186 vel
2471 1144 2528 1186 m
2576 1135 2887 1207 sequatur,
2943 1145 2981 1187 n
3028 1127 3088 1186 in
3137 1144 3195 1185 m

582 1232 900 1310 convertit,
957 1239 1024 1291 ut
1078 1230 1387 1311 improbus
1442 1232 1655 1294 imbuit
1709 1236 2007 1314 immutat3
2066 1235 2343 1312 quotiens
2402 1251 2540 1293 vero
2595 1252 2634 1311 g
2688 1233 2845 1294 illam
2907 1233 3198 1311 sequitur,

580 1354 618 1394 n
666 1338 907 1418 amittit,
956 1346 1023 1398 ut
1069 1340 1308 1417 ignarus
1355 1340 1624 1419 ignotus:
1670 1358 1804 1400 nam
1852 1357 2072 1420 gnarus
2118 1346 2178 1400 et
2223 1346 2442 1419 gnotus
2488 1339 2787 1419 simplices
2835 1346 2991 1399 sunt.

758 1442 843 1502 Ad
890 1447 1250 1524 praepositio
1286 1446 1588 1507 interdum
1627 1449 1847 1508 retinet
1883 1445 1918 1506 d
1967 1445 2253 1528 litteram,
2299 1453 2366 1505 ut
2402 1445 2595 1507 adfert
2632 1445 2847 1526 adfuit3
2893 1443 3195 1505 interdum

580 1550 790 1630 variat,
836 1559 904 1611 ut
949 1559 1246 1612 ammonet
1290 1551 1750 1613 amminiculum.
1826 1551 2176 1633 plerumque
2216 1555 2414 1614 evenit
2459 1562 2527 1615 ut
2575 1559 2970 1614 consonantes
3015 1568 3193 1630 quae·
3225 1569 3278 1609 ιο

578 1654 711 1715 dam
770 1654 1087 1719 verborum
1142 1665 1245 1720 aut
1304 1657 1722 1721 vocabulorum
1781 1662 2131 1720 coniunctae
2192 1658 2331 1720 huic
2388 1661 2813 1739 praepositioni
2872 1664 3193 1718 mutentur.

580 1761 815 1839 quando
863 1774 1060 1825 autem
1108 1766 1233 1845 fiat,
1279 1763 1513 1844 quando
1562 1784 1709 1841 non,
1757 1784 1903 1827 sono
1950 1768 2454 1828 internoscemus:
2502 1766 2719 1827 accedo
2759 1765 2878 1826 duo
2916 1783 2979 1845 c,
3024 1763 3195 1825 attuli

580 1866 697 1929 duo
748 1877 796 1951 t,
856 1870 1129 1932 assiduus
1186 1872 1304 1935 duo
1352 1889 1410 1952 a,
1465 1890 1719 1953 appareo
1774 1873 1893 1934 duo
1941 1850 2007 1954 p,
2062 1891 2257 1933 annuo
2320 1872 2438 1934 duo
2486 1891 2552 1954 n,
2608 1873 2780 1952 alligo
2827 1872 2946 1933 duo
2993 1871 3028 1932 l.
3104 1880 3197 1931 est

580 1976 755 2035 etiam
804 1975 904 2037 ubi
953 1995 1195 2039 necesse
1235 1988 1326 2040 est
1372 1978 1826 2042 hanc‘litteram
1872 1981 2121 2040 interire
2171 1978 2258 2057 [id
2306 1987 2398 2041 est
2444 1977 2540 2056 d],
2587 1986 2655 2041 ut
2699 1980 2897 2058 aspiro
2943 1979 3194 2058 aspicio:

580 2080 736 2142 nulla
783 2084 942 2143 enim
988 2103 1323 2147 consonans
1368 2105 1477 2165 pro
1525 2086 1561 2147 d
1610 2086 1953 2169 intercedit,
2000 2086 2104 2146 sed
2152 2088 2392 2147 omnino
2439 2086 2476 2146 d
2525 2085 2775 2166 deperit.
3224 2103 3275 2142 1⁵

755 2187 844 2249 Ex
889 2194 1248 2272 praepositio
1296 2192 1684 2271 sequentibus
1729 2191 1768 2252 b
1817 2192 1851 2252 d
1900 2209 1938 2270 g
1982 2190 1999 2251 l
2049 2209 2107 2250 m
2157 2210 2192 2250 n
2242 2190 2456 2253 litteris
2504 2199 2563 2252 et
2609 2209 2648 2252 u
2696 2200 2756 2253 et
2801 2194 2851 2275 i,
2897 2209 3035 2253 cum
3080 2210 3192 2272 pro

579 2296 1043 2358 consonantibus
1089 2306 1257 2382 sunt,
1301 2318 1339 2360 x
1384 2301 1643 2362 litteram
1688 2300 1932 2379 amittit,
1992 2306 2059 2358 ut
2104 2295 2289 2358 ebibit
2335 2297 2520 2359 edidit
2564 2301 2783 2377 egessit
2827 2298 3007 2359 elusit
3050 2301 3189 2360 emi—

580 2401 704 2461 cuit
759 2407 1087 2485 enervavit3
1141 2415 1429 2485 sequente
1487 2390 1711 2467 verffls
1761 2411 1965 2465 nostra
2021 2402 2452 2465 consuetudine
2508 2405 2570 2464 in
2626 2403 2874 2465 eandem
2930 2403 3188 2466 litteram

581 2512 797 2589 mutat,
844 2517 911 2570 ut
956 2511 1211 2572 effundo.

758 2613 848 2675 Ob
895 2620 1255 2697 praepositio
1301 2617 1599 2680 interdum
1646 2620 1888 2698 ponitur
1933 2617 2134 2698 plena,
2180 2625 2247 2677 ut
2290 2623 2385 2677 est
2430 2615 2596 2677 obire
2642 2615 2952 2679 oberrare:
3009 2620 3189 2679 inter·
3220 2636 3274 2675 ιο

579 2719 719 2782 dum
766 2722 827 2782 in
876 2723 1121 2785 eandem
1169 2724 1427 2787 litteram
1475 2728 1714 2808 transit,
1770 2744 1801 2785 a
1851 2742 1965 2804 qua
2014 2741 2272 2804 sequens
2324 2740 2520 2784 sermo
2566 2724 2803 2805 incipit,
2856 2732 2923 2786 ut
2970 2724 3192 2786 offulsit

585 2831 904 2889 ommutuit
949 2834 1253 2914 opposuit3
1301 2843 1588 2912 sequente
1634 2850 1775 2893 vero
1817 2852 1847 2891 v
1893 2832 2024 2892 loco
2064 2833 2444 2892 consonantis
2487 2832 2678 2910 posita
2726 2832 2956 2911 integra
2993 2841 3190 2894 custo·

578 2934 769 3017 ditur,
815 2946 883 2997 ut
927 2936 1215 3000 obversus
1260 2939 1486 3001 obvius.

759 3042 882 3104 Sub
930 3047 1317 3128 praepositio,
1372 3054 1439 3107 ut
1486 3046 1785 3126 superior,
1841 3044 2140 3105 interdum
2190 3042 2226 3103 b
2281 3042 2538 3104 litteram
2594 3052 2815 3125 servat,
2872 3053 2937 3105 ut
2983 3046 3188 3106 subire

757 3292 790 3339 9
840 3288 925 3342 Ad
962 3289 1305 3359 praepositio
1353 3290 1463 3345 Vel.
1502 3289 1676 3358 Lonq.
1717 3292 1805 3354 61,
1845 3293 1917 3341 10
1966 3286 2191 3340 Cornut.
2229 3289 2353 3352 151,
2383 3288 2418 3340 ’7
2458 3283 2652 3340 Caecil.
2694 3285 2856 3343 Vina.
2897 3292 3050 3343 2313

582 3369 647 3418 16
686 3365 768 3418 Ex
804 3368 1143 3436 praepositio
1193 3369 1301 3423 Vel.
1340 3369 1515 3438 Lony.
1555 3373 1646 3435 63,
1683 3372 1718 3421 4
1750 3377 1755 3383 '
1899 3374 1968 3421 20
2007 3366 2092 3421 Ob
2128 3365 2469 3438 praepositio
2522 3365 2631 3419 Vel.
2671 3366 2844 3436 Lony.
2884 3373 2976 3435 64,
3015 3374 3050 3423 5

580 3452 649 3498 24
689 3445 803 3499 Sub
843 3448 1183 3516 praepositio
1233 3448 1342 3504 Vel.
1381 3448 1556 3517 Lony.
1596 3452 1686 3513 64,
1723 3451 1790 3501 11

582 3581 631 3589 —‘
650 3585 659 3588 -

755 3675 787 3723 2
825 3668 884 3723 in
920 3668 1300 3725 confusionem
1339 3688 1451 3726 non
1488 3669 1645 3725 venit
1692 3669 1877 3724 Velius
1913 3668 2163 3738 Lonyus,
2201 3669 2259 3722 in
2298 3668 2648 3725 conclusione
2681 3668 2842 3724 uenit
2875 3670 2928 3723 A
2967 3669 3026 3724 in
3064 3673 3190 3740 (con

574 3764 841 3817 superser.
879 3752 927 3816 c)
965 3749 1214 3805 elusione
1249 3750 1485 3807 ueniunt
1523 3750 1570 3804 Ο
1599 3751 1661 3806 in
1697 3749 2081 3820 conpositione
2115 3747 2275 3804 uenit
2307 3749 2363 3801 B
2506 3755 2542 3804 4
2591 3765 2628 3804 a
2665 3750 3118 3823 consonantibus]
3158 3769 3193 3806 a

581 3828 939 3884 consonantis
978 3829 1026 3884 0
1163 3837 1195 3885 6
1233 3831 1296 3885 In
1333 3831 1672 3902 praepositio
1711 3831 1820 3886 sibi
1857 3830 2147 3899 conposita
2183 3829 2258 3883 sit
2294 3831 2354 3884 et
2385 3847 2426 3899 p
2464 3828 2513 3883 0
2543 3829 2608 3882 In
2645 3827 3075 3898 praepositionis
3109 3832 3195 3886 ita

576 3909 892 3979 composita
925 3908 1001 3964 sit
1037 3911 1102 3964 ut
1134 3927 1172 3979 p
1210 3911 1292 3964 A:
1339 3911 1407 3978 cf:
1452 3910 1729 3964 Priscian.
1770 3911 1804 3963 l.
1846 3910 1889 3962 Ι
1913 3925 1975 3977 p.
2013 3913 2111 3973 31,
2147 3913 2180 3962 1
2217 3926 2258 3962 n
2295 3939 2360 3948 —
2398 3907 2604 3963 transit
2638 3909 2699 3963 in
2734 3927 2790 3962 m
2831 3909 3193 3978 sequentibus

575 3988 612 4043 b
650 3989 742 4044 vel
776 4007 835 4044 m
872 3988 962 4044 vel
996 4006 1034 4058 p
1070 3993 1297 4046 auctore
1333 3991 1515 4047 Plinio
1553 3992 1613 4046 et
1648 3989 1947 4059 Papiriano
1986 3987 2046 4041 et
2081 3987 2288 4056 Probo,
2326 3990 2392 4042 ut
2424 3987 2638 4043 imbibo
2674 3986 2920 4043 imbellis
2954 4005 3065 4059 sqq.

584 4077 614 4126 7
651 4071 921 4141 inprobus
957 4069 1073 4124 AC
1210 4071 1396 4126 inbuit
1428 4071 1677 4126 inmutat
1711 4070 1760 4124 G
1899 4075 1932 4122 8
1969 4085 2024 4120 ιιι
2063 4066 2277 4122 amittit
2312 4068 2366 4121 A
2402 4086 2443 4122 n
2477 4067 2695 4123 amittis
2729 4083 2868 4122 corr.
2907 4067 2980 4123 -it
3015 4068 3064 4123 0

576 4154 634 4206 et
661 4156 789 4222 post
823 4166 1029 4221 gnarus
1065 4166 1166 4205 om.
1208 4151 1255 4205 G
1405 4157 1469 4205 10
1508 4151 1835 4221 plerumque
1871 4146 2030 4203 uenit
2067 4146 2116 4200 G
2274 4153 2336 4201 11
2379 4149 2666 4203 mutentur
2701 4148 3065 4218 neqleyentiae
3099 4167 3188 4204 ea:-

573 4232 833 4300 emptoris
858 4232 1073 4285 videtur
1101 4230 1450 4285 tribuendum
1476 4245 1606 4284 esset
1637 4227 1705 4294 cf.
1729 4227 1955 4282 Cornut.
1983 4242 2094 4283 exc.
2117 4243 2180 4296 p.
2201 4233 2327 4296 151,
2355 4235 2408 4284 8.
2446 4230 2644 4283 rectius
2672 4233 2790 4283 erat
2817 4244 2945 4283 eam
2972 4231 3194 4284 mutent

676 4317 741 4366 12
778 4308 1207 4365 internoscimus
1244 4310 1300 4363 B
1447 4316 1511 4363 13
1550 4309 1661 4363 duo
1688 4309 1742 4361 tt
1776 4310 1842 4361 ut
1877 4304 2133 4360 assiduus
2168 4306 2225 4360 B
2367 4309 2650 4379 apparebo
2691 4307 2738 4361 C
2887 4309 2975 4362 est
3009 4309 3182 4363 etiam

572 4391 670 4445 ubi
720 4390 905 4444 Velius
940 4389 1193 4459 Imque,
1230 4390 1316 4444 est
1351 4390 1409 4444 et
1436 4388 1541 4443 ubi
1582 4386 1629 4440 0
1661 4389 1748 4443 est
1783 4385 1932 4441 enim
1972 4386 2068 4439 ubi
2103 4386 2160 4440 Β
2196 4390 2282 4442 est
2309 4387 2403 4441 ubi
2441 4387 2495 4440 A
2625 4393 2690 4441 14
2731 4385 2814 4442 ‘id
2850 4388 2937 4441 est
2971 4387 3010 4441 d
3045 4388 3191 4442 vide-

575 4476 669 4525 tur
703 4486 731 4524 e
766 4471 1015 4540 margine
1050 4471 1328 4525 intrusum
1362 4469 1491 4524 esse'
1533 4468 1802 4522 Semlerus
1944 4463 2156 4536 asspiro
2192 4466 2403 4536 aspicio
2441 4469 2600 4535 (corr.
2639 4465 2879 4535 asspicio
2916 4466 2966 4537 c)
3007 4465 3055 4520 0

577 4556 643 4604 15
679 4566 782 4619 pro
820 4549 857 4604 d
894 4550 1193 4605 intercedit
1228 4566 1366 4604 corr.
1404 4565 1506 4618 pro
1545 4547 1582 4601 d
1617 4545 1906 4601 intercidit
1938 4545 1994 4598 B
2039 4562 2140 4614 per
2176 4546 2212 4600 d
2262 4546 2564 4601 intercedit
2599 4547 2648 4599 A
2668 4544 2717 4599 0
2890 4546 3116 4602 omnino
3154 4547 3192 4601 d

572 4630 721 4697 perit
753 4629 1023 4684 Semlerus
1169 4636 1234 4683 16
1272 4629 1309 4683 b
1345 4629 1381 4682 d
1419 4647 1458 4698 g
1495 4627 1516 4681 l
1552 4644 1609 4680 m
1644 4624 1924 4680 alitteris
1961 4641 1995 4684 ς
2031 4626 2069 4679 b
2104 4626 2200 4695 gl
2236 4626 2446 4694 (Phe.
2486 4627 2579 4681 uel
2617 4627 2690 4695 0)
2727 4643 2848 4679 mn
2886 4627 3192 4698 (ladd.A)

573 4710 775 4764 litteris
814 4708 997 4763 ABG
1174 4715 1237 4763 17
1286 4706 1486 4778 ebibit]
1537 4704 1718 4761 obibit
1752 4705 1809 4758 B
1993 4711 2057 4759 18
2096 4703 2405 4777 enervavit]
2446 4703 2730 4761 enarrauit
2766 4719 2826 4774 ς,
2873 4707 3193 4763 enuntiavit

590 4788 771 4843 Velius
809 4790 1033 4857 Lonyus
1173 4788 1233 4842 in
1271 4788 1467 4842 eadem
1503 4784 1695 4840 littera
1730 4787 1918 4839 mutat
1956 4785 2003 4839 C
2033 4785 2092 4841 in
2131 4786 2366 4840 eandem
2405 4786 2650 4840 litteram
2689 4787 2977 4858 mutantur
3015 4788 3068 4840 A

573 4874 639 4922 21
680 4861 914 4940 offulsit]
952 4867 1164 4923 effulsit
1198 4867 1252 4920 A
