<?xml version="1.0" encoding="UTF-8"?>
<!DOCTYPE html PUBLIC "-//W3C//DTD XHTML 1.0 Transitional//EN"
    "http://www.w3.org/TR/xhtml1/DTD/xhtml1-transitional.dtd">
<html xmlns="http://www.w3.org/1999/xhtml" xml:lang="en" lang="en">
 <head>
  <title>
</title>
<meta http-equiv="Content-Type" content="text/html;charset=utf-8" />
  <meta name='ocr-system' content='tesseract 3.04.00' />
  <meta name='ocr-capabilities' content='ocr_page ocr_carea ocr_par ocr_line ocrx_word'/>
</head>
<body>
  <div class='ocr_page' id='page_1' title='image "./grammaticilatin09keilgoog_0108.png"; bbox 0 0 3613 5528; ppageno 0'>
   <div class='ocr_carea' id='block_1_1' title="bbox 581 406 2000 555">
    <p class='ocr_par' dir='ltr' id='par_1_1' title="bbox 581 406 2000 555">
     <span class='ocr_line' id='line_1_1' title="bbox 581 406 2000 471; baseline -0.006 -2"><span class='ocrx_word' id='word_1_1' title='bbox 581 406 667 471; x_wconf 88' lang='grc'><strong>98</strong></span> <span class='ocrx_word' id='word_1_2' title='bbox 1783 408 2000 463; x_wconf 83' lang='lat' dir='ltr'>CAPRI</span> 
     </span>
     <span class='ocr_line' id='line_1_2' title="bbox 582 508 838 555; baseline 0 -8"><span class='ocrx_word' id='word_1_3' title='bbox 582 519 626 555; x_wconf 77' lang='lat' dir='ltr'><strong>p.</strong></span> <span class='ocrx_word' id='word_1_4' title='bbox 654 508 761 547; x_wconf 77' lang='lat'><strong>2242</strong></span> <span class='ocrx_word' id='word_1_5' title='bbox 790 509 838 547; x_wconf 82' lang='lat' dir='ltr'><strong>P.</strong></span> 
     </span>
    </p>
   </div>
   <div class='ocr_carea' id='block_1_2' title="bbox 581 590 3283 1957">
    <p class='ocr_par' dir='ltr' id='par_1_2' title="bbox 581 590 3199 973">
     <span class='ocr_line' id='line_1_3' title="bbox 588 590 3197 671; baseline -0 -19"><span class='ocrx_word' id='word_1_6' title='bbox 588 592 916 671; x_wconf 87' lang='lat' dir='ltr'><strong>eodemque</strong></span> <span class='ocrx_word' id='word_1_7' title='bbox 964 592 1113 652; x_wconf 87' lang='lat' dir='ltr'><strong>lacte</strong></span> <span class='ocrx_word' id='word_1_8' title='bbox 1152 600 1388 652; x_wconf 87' lang='lat' dir='ltr'><strong>creatus</strong></span> <span class='ocrx_word' id='word_1_9' title='bbox 1427 600 1535 653; x_wconf 90' lang='lat' dir='ltr'><strong>est.</strong></span> <span class='ocrx_word' id='word_1_10' title='bbox 1610 591 1836 654; x_wconf 86' lang='lat' dir='ltr'><strong>lactens</strong></span> <span class='ocrx_word' id='word_1_11' title='bbox 1874 594 1978 671; x_wconf 92' lang='lat' dir='ltr'><strong>qui</strong></span> <span class='ocrx_word' id='word_1_12' title='bbox 2017 591 2165 651; x_wconf 90' lang='lat' dir='ltr'><strong>lacte</strong></span> <span class='ocrx_word' id='word_1_13' title='bbox 2205 590 2400 670; x_wconf 87' lang='lat' dir='ltr'><strong>alitur,</strong></span> <span class='ocrx_word' id='word_1_14' title='bbox 2447 600 2509 652; x_wconf 87' lang='lat' dir='ltr'><strong>et</strong></span> <span class='ocrx_word' id='word_1_15' title='bbox 2544 592 2771 652; x_wconf 88' lang='lat' dir='ltr'><strong>lactans</strong></span> <span class='ocrx_word' id='word_1_16' title='bbox 2809 593 2910 670; x_wconf 91' lang='lat' dir='ltr'><strong>qui</strong></span> <span class='ocrx_word' id='word_1_17' title='bbox 2950 591 3197 669; x_wconf 80' lang='lat' dir='ltr'><strong>decipit:</strong></span> 
     </span>
     <span class='ocr_line' id='line_1_4' title="bbox 583 693 3198 780; baseline -0.001 -22"><span class='ocrx_word' id='word_1_18' title='bbox 583 698 808 758; x_wconf 88' lang='lat' dir='ltr'><strong>lactens</strong></span> <span class='ocrx_word' id='word_1_19' title='bbox 855 698 1005 759; x_wconf 87' lang='lat' dir='ltr'><strong>lacte</strong></span> <span class='ocrx_word' id='word_1_20' title='bbox 1052 697 1385 778; x_wconf 87' lang='lat' dir='ltr'><strong>abundans,</strong></span> <span class='ocrx_word' id='word_1_21' title='bbox 1435 707 1499 759; x_wconf 91' lang='lat' dir='ltr'><strong>ut</strong></span> <span class='ocrx_word' id='word_1_22' title='bbox 1547 694 1943 760; x_wconf 76' lang='lat' dir='ltr'><strong>‘lactentes</strong></span> <span class='ocrx_word' id='word_1_23' title='bbox 1990 693 2242 780; x_wconf 82' lang='lat' dir='ltr'><strong>ficus&#39;,</strong></span> <span class='ocrx_word' id='word_1_24' title='bbox 2295 696 2561 759; x_wconf 87' lang='lat' dir='ltr'>Lucilius</span> <span class='ocrx_word' id='word_1_25' title='bbox 2609 694 2991 759; x_wconf 76' lang='lat' dir='ltr'><strong>‘lactentia</strong></span> <span class='ocrx_word' id='word_1_26' title='bbox 3040 715 3198 757; x_wconf 89' lang='lat' dir='ltr'><strong>coa-</strong></span> 
     </span>
     <span class='ocr_line' id='line_1_5' title="bbox 581 798 3199 887; baseline 0 -24"><span class='ocrx_word' id='word_1_27' title='bbox 581 803 741 883; x_wconf 86' lang='lat' dir='ltr'><strong>gula</strong></span> <span class='ocrx_word' id='word_1_28' title='bbox 803 823 957 866; x_wconf 91' lang='lat' dir='ltr'><strong>cum</strong></span> <span class='ocrx_word' id='word_1_29' title='bbox 1014 804 1233 870; x_wconf 81' lang='lat' dir='ltr'><strong>melle</strong></span> <span class='ocrx_word' id='word_1_30' title='bbox 1288 801 1487 866; x_wconf 90' lang='lat' dir='ltr'><strong>bibi&#39;.</strong></span> <span class='ocrx_word' id='word_1_31' title='bbox 1579 805 1764 866; x_wconf 90' lang='lat' dir='ltr'><strong>lactea</strong></span> <span class='ocrx_word' id='word_1_32' title='bbox 1814 805 2086 887; x_wconf 85' lang='lat' dir='ltr'><strong>candida,</strong></span> <span class='ocrx_word' id='word_1_33' title='bbox 2146 812 2213 864; x_wconf 90' lang='lat' dir='ltr'><strong>ut</strong></span> <span class='ocrx_word' id='word_1_34' title='bbox 2260 799 2520 866; x_wconf 73' lang='lat' dir='ltr'><strong>‘lactea</strong></span> <span class='ocrx_word' id='word_1_35' title='bbox 2566 804 2821 866; x_wconf 88' lang='lat' dir='ltr'><strong>laudas</strong></span> <span class='ocrx_word' id='word_1_36' title='bbox 2867 798 3199 865; x_wconf 87' lang='lat' dir='ltr'><strong>brachia&#39;</strong></span> 
     </span>
     <span class='ocr_line' id='line_1_6' title="bbox 582 909 1069 973; baseline 0.008 -4"><span class='ocrx_word' id='word_1_37' title='bbox 582 909 863 971; x_wconf 82' lang='lat' dir='ltr'><strong>Horatius</strong></span> <span class='ocrx_word' id='word_1_38' title='bbox 909 913 1069 973; x_wconf 90' lang='lat' dir='ltr'><strong>dicit.</strong></span> 
     </span>
    </p>

    <p class='ocr_par' dir='ltr' id='par_1_3' title="bbox 585 1014 3257 1313">
     <span class='ocr_line' id='line_1_7' title="bbox 762 1014 3257 1101; baseline 0.001 -23"><span class='ocrx_word' id='word_1_39' title='bbox 762 1018 1134 1098; x_wconf 87' lang='lat' dir='ltr'><strong>Suscipimus</strong></span> <span class='ocrx_word' id='word_1_40' title='bbox 1173 1019 1243 1080; x_wconf 88' lang='lat' dir='ltr'><strong>ad</strong></span> <span class='ocrx_word' id='word_1_41' title='bbox 1282 1020 1550 1080; x_wconf 88' lang='lat' dir='ltr'><strong>animum</strong></span> <span class='ocrx_word' id='word_1_42' title='bbox 1589 1027 1650 1081; x_wconf 90' lang='lat' dir='ltr'><strong>et</strong></span> <span class='ocrx_word' id='word_1_43' title='bbox 1687 1028 1948 1081; x_wconf 82' lang='lat' dir='ltr'><strong>mentem</strong></span> <span class='ocrx_word' id='word_1_44' title='bbox 1985 1020 2267 1101; x_wconf 85' lang='lat' dir='ltr'><strong>refertur,</strong></span> <span class='ocrx_word' id='word_1_45' title='bbox 2304 1028 2372 1080; x_wconf 90' lang='lat' dir='ltr'><strong>ut</strong></span> <span class='ocrx_word' id='word_1_46' title='bbox 2419 1014 2870 1099; x_wconf 73' lang='lat' dir='ltr'><strong>‘susceptum</strong></span> <span class='ocrx_word' id='word_1_47' title='bbox 2917 1018 3199 1098; x_wconf 87' lang='lat' dir='ltr'><strong>perfice</strong></span> <span class='ocrx_word' id='word_1_48' title='bbox 3230 1040 3257 1080; x_wconf 79' lang='lat'><strong>5</strong></span> 
     </span>
     <span class='ocr_line' id='line_1_8' title="bbox 587 1120 3199 1211; baseline 0 -27"><span class='ocrx_word' id='word_1_49' title='bbox 587 1120 891 1186; x_wconf 89' lang='lat' dir='ltr'><strong>munus&#39;.</strong></span> <span class='ocrx_word' id='word_1_50' title='bbox 980 1127 1343 1206; x_wconf 85' lang='lat' dir='ltr'><strong>succipimus</strong></span> <span class='ocrx_word' id='word_1_51' title='bbox 1389 1143 1670 1208; x_wconf 84' lang='lat' dir='ltr'><strong>corpore,</strong></span> <span class='ocrx_word' id='word_1_52' title='bbox 1717 1135 1784 1187; x_wconf 91' lang='lat' dir='ltr'><strong>ut</strong></span> <span class='ocrx_word' id='word_1_53' title='bbox 1840 1121 2296 1206; x_wconf 74' lang='lat' dir='ltr'><strong>‘succipiunt</strong></span> <span class='ocrx_word' id='word_1_54' title='bbox 2352 1125 2656 1211; x_wconf 82' lang='lat' dir='ltr'><strong>famulae</strong></span> <span class='ocrx_word' id='word_1_55' title='bbox 2715 1125 3199 1205; x_wconf 89' lang='lat' dir='ltr'><strong>conlapsaque</strong></span> 
     </span>
     <span class='ocr_line' id='line_1_9' title="bbox 585 1226 2117 1313; baseline 0.003 -24"><span class='ocrx_word' id='word_1_56' title='bbox 585 1226 946 1292; x_wconf 87' lang='lat' dir='ltr'><strong>membra’.</strong></span> <span class='ocrx_word' id='word_1_57' title='bbox 1031 1235 1390 1313; x_wconf 85' lang='lat' dir='ltr'><strong>suspicimus</strong></span> <span class='ocrx_word' id='word_1_58' title='bbox 1436 1232 1701 1312; x_wconf 82' lang='lat' dir='ltr'><strong>aliquem</strong></span> <span class='ocrx_word' id='word_1_59' title='bbox 1749 1243 2117 1294; x_wconf 68' lang='lat' dir='ltr'><strong>venerantes</strong></span> 
     </span>
    </p>

    <p class='ocr_par' dir='ltr' id='par_1_4' title="bbox 761 1339 2808 1420">
     <span class='ocr_line' id='line_1_10' title="bbox 761 1339 2808 1420; baseline 0.001 -22"><span class='ocrx_word' id='word_1_60' title='bbox 761 1339 1044 1400; x_wconf 86' lang='lat' dir='ltr'><strong>Accidere</strong></span> <span class='ocrx_word' id='word_1_61' title='bbox 1091 1340 1311 1420; x_wconf 90' lang='lat' dir='ltr'><strong>aliquid</strong></span> <span class='ocrx_word' id='word_1_62' title='bbox 1360 1339 1591 1400; x_wconf 90' lang='lat' dir='ltr'><strong>adversi</strong></span> <span class='ocrx_word' id='word_1_63' title='bbox 1638 1339 1848 1420; x_wconf 85' lang='lat' dir='ltr'><strong>dicito,</strong></span> <span class='ocrx_word' id='word_1_64' title='bbox 1895 1342 2242 1420; x_wconf 88' lang='lat' dir='ltr'><strong>contingere</strong></span> <span class='ocrx_word' id='word_1_65' title='bbox 2290 1339 2508 1419; x_wconf 91' lang='lat' dir='ltr'><strong>aliquid</strong></span> <span class='ocrx_word' id='word_1_66' title='bbox 2555 1339 2808 1419; x_wconf 78' lang='lat' dir='ltr'><strong>pulchri.</strong></span> 
     </span>
    </p>

    <p class='ocr_par' dir='ltr' id='par_1_5' title="bbox 763 1445 2685 1528">
     <span class='ocr_line' id='line_1_11' title="bbox 763 1445 2685 1528; baseline 0.001 -22"><span class='ocrx_word' id='word_1_67' title='bbox 763 1445 1177 1516; x_wconf 85' lang='lat' dir='ltr'><strong>Quamdudum</strong></span> <span class='ocrx_word' id='word_1_68' title='bbox 1227 1449 1652 1526; x_wconf 82' lang='lat' dir='ltr'><strong>interrogantis</strong></span> <span class='ocrx_word' id='word_1_69' title='bbox 1699 1455 1809 1528; x_wconf 86' lang='lat' dir='ltr'><strong>est,</strong></span> <span class='ocrx_word' id='word_1_70' title='bbox 1856 1446 2202 1509; x_wconf 88' lang='lat' dir='ltr'><strong>iamdudum</strong></span> <span class='ocrx_word' id='word_1_71' title='bbox 2247 1446 2685 1527; x_wconf 65' lang='lat' dir='ltr'><strong>respondentis</strong></span> 
     </span>
    </p>

    <p class='ocr_par' dir='ltr' id='par_1_6' title="bbox 588 1551 3283 1740">
     <span class='ocr_line' id='line_1_12' title="bbox 762 1551 3283 1636; baseline 0 -25"><span class='ocrx_word' id='word_1_72' title='bbox 762 1551 894 1612; x_wconf 85' lang='lat' dir='ltr'><strong>Cals</strong></span> <span class='ocrx_word' id='word_1_73' title='bbox 960 1552 1309 1636; x_wconf 88' lang='lat' dir='ltr'><strong>dicendum,</strong></span> <span class='ocrx_word' id='word_1_74' title='bbox 1376 1554 1479 1617; x_wconf 90' lang='lat' dir='ltr'><strong>ubi</strong></span> <span class='ocrx_word' id='word_1_75' title='bbox 1544 1556 1789 1614; x_wconf 88' lang='lat' dir='ltr'><strong>materia</strong></span> <span class='ocrx_word' id='word_1_76' title='bbox 1854 1562 1976 1635; x_wconf 87' lang='lat' dir='ltr'><strong>est,</strong></span> <span class='ocrx_word' id='word_1_77' title='bbox 2040 1572 2150 1633; x_wconf 88' lang='lat' dir='ltr'><strong>per</strong></span> <span class='ocrx_word' id='word_1_78' title='bbox 2211 1572 2271 1635; x_wconf 69' lang='grc' dir='ltr'><strong>ες</strong></span> <span class='ocrx_word' id='word_1_79' title='bbox 2337 1562 2396 1614; x_wconf 89' lang='lat' dir='ltr'><strong>at</strong></span> <span class='ocrx_word' id='word_1_80' title='bbox 2458 1572 2596 1614; x_wconf 88' lang='lat' dir='ltr'><strong>cum</strong></span> <span class='ocrx_word' id='word_1_81' title='bbox 2658 1553 2830 1633; x_wconf 89' lang='lat' dir='ltr'><strong>pedis</strong></span> <span class='ocrx_word' id='word_1_82' title='bbox 2893 1560 3015 1628; x_wconf 88' lang='lat' dir='ltr'><strong>est,</strong></span> <span class='ocrx_word' id='word_1_83' title='bbox 3072 1551 3198 1613; x_wconf 87' lang='lat' dir='ltr'><strong>calx</strong></span> <span class='ocrx_word' id='word_1_84' title='bbox 3231 1573 3283 1611; x_wconf 93' lang='lat'><strong>10</strong></span> 
     </span>
     <span class='ocr_line' id='line_1_13' title="bbox 588 1678 806 1740; baseline 0 -19"><span class='ocrx_word' id='word_1_85' title='bbox 588 1678 697 1740; x_wconf 89' lang='lat' dir='ltr'><strong>per</strong></span> <span class='ocrx_word' id='word_1_86' title='bbox 752 1679 806 1721; x_wconf 82' lang='lat' dir='ltr'><strong>x.</strong></span> 
     </span>
    </p>

    <p class='ocr_par' dir='ltr' id='par_1_7' title="bbox 763 1766 1847 1851">
     <span class='ocr_line' id='line_1_14' title="bbox 763 1766 1847 1851; baseline -0.001 -24"><span class='ocrx_word' id='word_1_87' title='bbox 763 1766 903 1827; x_wconf 85' lang='lat' dir='ltr'><strong>Mihi</strong></span> <span class='ocrx_word' id='word_1_88' title='bbox 950 1767 1180 1829; x_wconf 88' lang='lat' dir='ltr'><strong>dativus</strong></span> <span class='ocrx_word' id='word_1_89' title='bbox 1227 1780 1354 1851; x_wconf 84' lang='lat' dir='ltr'><strong>est,</strong></span> <span class='ocrx_word' id='word_1_90' title='bbox 1402 1771 1482 1829; x_wconf 87' lang='lat' dir='ltr'><strong>mi</strong></span> <span class='ocrx_word' id='word_1_91' title='bbox 1529 1770 1847 1828; x_wconf 83' lang='lat' dir='ltr'><strong>vocativus.</strong></span> 
     </span>
    </p>

    <p class='ocr_par' dir='ltr' id='par_1_8' title="bbox 762 1874 2761 1957">
     <span class='ocr_line' id='line_1_15' title="bbox 762 1874 2761 1957; baseline 0 -22"><span class='ocrx_word' id='word_1_92' title='bbox 762 1874 1142 1936; x_wconf 77' lang='lat' dir='ltr'><strong>Invidus‘est</strong></span> <span class='ocrx_word' id='word_1_93' title='bbox 1188 1877 1290 1954; x_wconf 91' lang='lat' dir='ltr'><strong>qui</strong></span> <span class='ocrx_word' id='word_1_94' title='bbox 1336 1875 1590 1957; x_wconf 85' lang='lat' dir='ltr'><strong>invidet,</strong></span> <span class='ocrx_word' id='word_1_95' title='bbox 1635 1874 1968 1935; x_wconf 88' lang='lat' dir='ltr'><strong>invidiosus</strong></span> <span class='ocrx_word' id='word_1_96' title='bbox 2015 1875 2118 1952; x_wconf 92' lang='lat' dir='ltr'><strong>qui</strong></span> <span class='ocrx_word' id='word_1_97' title='bbox 2165 1874 2443 1935; x_wconf 85' lang='lat' dir='ltr'><strong>invidiam</strong></span> <span class='ocrx_word' id='word_1_98' title='bbox 2491 1879 2761 1937; x_wconf 86' lang='lat' dir='ltr'><strong>sustinet.</strong></span> 
     </span>
    </p>
   </div>
   <div class='ocr_carea' id='block_1_3' title="bbox 590 2022 807 2030">
    <p class='ocr_par' dir='ltr' id='par_1_9' title="bbox 590 2022 807 2030">
     <span class='ocr_line' id='line_1_16' title="bbox 590 2022 807 2030; baseline 0 0"><span class='ocrx_word' id='word_1_99' title='bbox 590 2022 807 2030; x_wconf 95' lang='lat' dir='ltr'><strong> </strong></span> 
     </span>
    </p>
   </div>
   <div class='ocr_carea' id='block_1_4' title="bbox 812 2022 1015 2031">
    <p class='ocr_par' dir='ltr' id='par_1_10' title="bbox 812 2022 1015 2031">
     <span class='ocr_line' id='line_1_17' title="bbox 812 2022 1015 2031; baseline 0 3497"><span class='ocrx_word' id='word_1_100' title='bbox 812 2022 1015 2031; x_wconf 95' lang='lat' dir='ltr'><strong> </strong></span> 
     </span>
    </p>
   </div>
   <div class='ocr_carea' id='block_1_5' title="bbox 587 2097 3204 2328">
    <p class='ocr_par' dir='ltr' id='par_1_11' title="bbox 587 2097 3204 2328">
     <span class='ocr_line' id='line_1_18' title="bbox 752 2097 3204 2169; baseline -0.001 -15"><span class='ocrx_word' id='word_1_101' title='bbox 752 2104 781 2154; x_wconf 91' lang='lat'>1</span> <span class='ocrx_word' id='word_1_102' title='bbox 813 2098 1027 2154; x_wconf 87' lang='lat' dir='ltr'><strong>lactens</strong></span> <span class='ocrx_word' id='word_1_103' title='bbox 1056 2100 1144 2155; x_wconf 91' lang='lat' dir='ltr'><strong>est</strong></span> <span class='ocrx_word' id='word_1_104' title='bbox 1166 2097 1265 2169; x_wconf 91' lang='lat' dir='ltr'><strong>qui</strong></span> <span class='ocrx_word' id='word_1_105' title='bbox 1292 2100 1439 2155; x_wconf 85' lang='lat' dir='ltr'><strong>lacte</strong></span> <span class='ocrx_word' id='word_1_106' title='bbox 1469 2099 1640 2154; x_wconf 88' lang='lat' dir='ltr'><strong>alitur</strong></span> <span class='ocrx_word' id='word_1_107' title='bbox 1666 2098 1886 2153; x_wconf 85' lang='lat' dir='ltr'><strong>lactans</strong></span> <span class='ocrx_word' id='word_1_108' title='bbox 1917 2097 2014 2167; x_wconf 86' lang='lat' dir='ltr'><strong>qui</strong></span> <span class='ocrx_word' id='word_1_109' title='bbox 2042 2097 2254 2168; x_wconf 76' lang='lat' dir='ltr'><strong>decipit</strong></span> <span class='ocrx_word' id='word_1_110' title='bbox 2280 2100 2496 2155; x_wconf 89' lang='lat' dir='ltr'><strong>lacteus</strong></span> <span class='ocrx_word' id='word_1_111' title='bbox 2524 2101 2673 2156; x_wconf 89' lang='lat' dir='ltr'><strong>lacte</strong></span> <span class='ocrx_word' id='word_1_112' title='bbox 2700 2098 3028 2155; x_wconf 86' lang='lat' dir='ltr'><strong>habundans</strong></span> <span class='ocrx_word' id='word_1_113' title='bbox 3047 2098 3204 2152; x_wconf 90' lang='lat' dir='ltr'><strong>uelut</strong></span> 
     </span>
     <span class='ocr_line' id='line_1_19' title="bbox 588 2176 3203 2250; baseline 0 -19"><span class='ocrx_word' id='word_1_114' title='bbox 588 2179 896 2234; x_wconf 79' lang='lat' dir='ltr'><strong>lactentes-s</strong></span> <span class='ocrx_word' id='word_1_115' title='bbox 932 2179 1070 2236; x_wconf 89' lang='lat' dir='ltr'><strong>ficus</strong></span> <span class='ocrx_word' id='word_1_116' title='bbox 1105 2179 1356 2235; x_wconf 77' lang='lat' dir='ltr'><strong>Lucilius</strong></span> <span class='ocrx_word' id='word_1_117' title='bbox 1394 2179 1462 2249; x_wconf 91' lang='lat' dir='ltr'><strong>(li</strong></span> <span class='ocrx_word' id='word_1_118' title='bbox 1496 2180 1561 2233; x_wconf 76' lang='lat' dir='ltr'><strong>in</strong></span> <span class='ocrx_word' id='word_1_119' title='bbox 1596 2180 1819 2246; x_wconf 73' lang='lat' dir='ltr'><strong>rasura)</strong></span> <span class='ocrx_word' id='word_1_120' title='bbox 1859 2176 1998 2232; x_wconf 89' lang='lat' dir='ltr'><strong>dicit</strong></span> <span class='ocrx_word' id='word_1_121' title='bbox 2025 2177 2321 2233; x_wconf 86' lang='lat' dir='ltr'><strong>Lactentia</strong></span> <span class='ocrx_word' id='word_1_122' title='bbox 2357 2180 2596 2250; x_wconf 80' lang='lat' dir='ltr'><strong>coagula</strong></span> <span class='ocrx_word' id='word_1_123' title='bbox 2633 2197 2759 2235; x_wconf 90' lang='lat' dir='ltr'><strong>cum</strong></span> <span class='ocrx_word' id='word_1_124' title='bbox 2794 2178 2964 2233; x_wconf 88' lang='lat' dir='ltr'><strong>melle</strong></span> <span class='ocrx_word' id='word_1_125' title='bbox 2993 2177 3203 2233; x_wconf 84' lang='lat' dir='ltr'><strong>Lactea</strong></span> 
     </span>
     <span class='ocr_line' id='line_1_20' title="bbox 587 2257 3201 2328; baseline 0 -16"><span class='ocrx_word' id='word_1_126' title='bbox 587 2259 826 2314; x_wconf 86' lang='lat' dir='ltr'><strong>candida</strong></span> <span class='ocrx_word' id='word_1_127' title='bbox 862 2261 927 2314; x_wconf 97' lang='grc' dir='ltr'><strong>ιιι</strong></span> <span class='ocrx_word' id='word_1_128' title='bbox 961 2260 1144 2315; x_wconf 84' lang='lat' dir='ltr'><strong>lactea</strong></span> <span class='ocrx_word' id='word_1_129' title='bbox 1181 2260 1377 2316; x_wconf 87' lang='lat' dir='ltr'><strong>laudas</strong></span> <span class='ocrx_word' id='word_1_130' title='bbox 1416 2258 1648 2314; x_wconf 86' lang='lat' dir='ltr'><strong>brachia</strong></span> <span class='ocrx_word' id='word_1_131' title='bbox 1683 2258 1948 2314; x_wconf 74' lang='lat' dir='ltr'><strong>Horatius</strong></span> <span class='ocrx_word' id='word_1_132' title='bbox 1984 2259 2068 2327; x_wconf 88' lang='lat' dir='ltr'><strong>(at</strong></span> <span class='ocrx_word' id='word_1_133' title='bbox 2102 2258 2237 2326; x_wconf 71' lang='lat' dir='ltr'><strong>ras.)</strong></span> <span class='ocrx_word' id='word_1_134' title='bbox 2276 2257 2416 2313; x_wconf 83' lang='lat' dir='ltr'><strong>dicit</strong></span> <span class='ocrx_word' id='word_1_135' title='bbox 2448 2259 2504 2312; x_wconf 92' lang='lat' dir='ltr'><em>B</em></span> <span class='ocrx_word' id='word_1_136' title='bbox 2541 2259 2756 2314; x_wconf 88' lang='lat' dir='ltr'><strong>lactens</strong></span> <span class='ocrx_word' id='word_1_137' title='bbox 2794 2262 2882 2314; x_wconf 90' lang='lat' dir='ltr'><strong>est</strong></span> <span class='ocrx_word' id='word_1_138' title='bbox 2919 2258 3016 2328; x_wconf 90' lang='lat' dir='ltr'><strong>qui</strong></span> <span class='ocrx_word' id='word_1_139' title='bbox 3052 2259 3201 2313; x_wconf 82' lang='lat' dir='ltr'><strong>lacte</strong></span> 
     </span>
    </p>
   </div>
   <div class='ocr_carea' id='block_1_6' title="bbox 585 2351 3205 2729">
    <p class='ocr_par' dir='ltr' id='par_1_12' title="bbox 585 2351 3205 2729">
     <span class='ocr_line' id='line_1_21' title="bbox 586 2351 3202 2475; baseline -0.001 -27"><span class='ocrx_word' id='word_1_140' title='bbox 586 2394 757 2448; x_wconf 79' lang='lat' dir='ltr'><strong>alitur</strong></span> <span class='ocrx_word' id='word_1_141' title='bbox 791 2395 1008 2449; x_wconf 86' lang='lat' dir='ltr'><strong>lactans</strong></span> <span class='ocrx_word' id='word_1_142' title='bbox 1046 2392 1144 2475; x_wconf 87' lang='lat' dir='ltr'><strong>qui</strong></span> <span class='ocrx_word' id='word_1_143' title='bbox 1182 2392 1391 2462; x_wconf 77' lang='lat' dir='ltr'><strong>decipit</strong></span> <span class='ocrx_word' id='word_1_144' title='bbox 1426 2393 1640 2448; x_wconf 87' lang='lat' dir='ltr'><strong>lacteus</strong></span> <span class='ocrx_word' id='word_1_145' title='bbox 1676 2392 1824 2447; x_wconf 81' lang='lat' dir='ltr'><strong>lacte</strong></span> <span class='ocrx_word' id='word_1_146' title='bbox 1860 2391 2191 2446; x_wconf 83' lang='lat' dir='ltr'><strong>habundans</strong></span> <span class='ocrx_word' id='word_1_147' title='bbox 2236 2392 2395 2448; x_wconf 91' lang='lat' dir='ltr'><strong>uelut</strong></span> <span class='ocrx_word' id='word_1_148' title='bbox 2447 2352 2723 2449; x_wconf 57' lang='lat' dir='ltr'><strong>lactentes</strong></span> <span class='ocrx_word' id='word_1_149' title='bbox 2760 2394 2949 2462; x_wconf 82' lang='lat' dir='ltr'><strong>(deleto</strong></span> <span class='ocrx_word' id='word_1_150' title='bbox 2987 2395 3034 2463; x_wconf 92' lang='lat' dir='ltr'><strong>s)</strong></span> <span class='ocrx_word' id='word_1_151' title='bbox 3070 2351 3202 2447; x_wconf 59' lang='lat' dir='ltr'><strong>ficos</strong></span> 
     </span>
     <span class='ocr_line' id='line_1_22' title="bbox 586 2474 3203 2617; baseline -0.001 -37"><span class='ocrx_word' id='word_1_152' title='bbox 586 2474 1150 2617; x_wconf 46' lang='lat' dir='ltr'><strong>Luciliusfflssaotentia</strong></span> <span class='ocrx_word' id='word_1_153' title='bbox 1195 2526 1432 2598; x_wconf 76' lang='lat' dir='ltr'><strong>coagula</strong></span> <span class='ocrx_word' id='word_1_154' title='bbox 1477 2543 1605 2581; x_wconf 89' lang='lat' dir='ltr'><strong>cum</strong></span> <span class='ocrx_word' id='word_1_155' title='bbox 1650 2526 1819 2582; x_wconf 89' lang='lat' dir='ltr'><strong>melle</strong></span> <span class='ocrx_word' id='word_1_156' title='bbox 1856 2527 2069 2582; x_wconf 82' lang='lat' dir='ltr'><strong>Lactea</strong></span> <span class='ocrx_word' id='word_1_157' title='bbox 2113 2524 2353 2581; x_wconf 87' lang='lat' dir='ltr'><strong>candida</strong></span> <span class='ocrx_word' id='word_1_158' title='bbox 2397 2529 2462 2581; x_wconf 85' lang='lat' dir='ltr'><strong>ut</strong></span> <span class='ocrx_word' id='word_1_159' title='bbox 2506 2527 2693 2582; x_wconf 85' lang='lat' dir='ltr'><strong>lactea</strong></span> <span class='ocrx_word' id='word_1_160' title='bbox 2737 2526 2934 2582; x_wconf 86' lang='lat' dir='ltr'><strong>laudas</strong></span> <span class='ocrx_word' id='word_1_161' title='bbox 2970 2524 3203 2580; x_wconf 88' lang='lat' dir='ltr'><strong>brachia</strong></span> 
     </span>
     <span class='ocr_line' id='line_1_23' title="bbox 585 2608 3205 2729; baseline -0.002 -15"><span class='ocrx_word' id='word_1_162' title='bbox 585 2608 933 2714; x_wconf 56' lang='grc' dir='ltr'>Ηοταιὶιιὲἱοθ</span> <span class='ocrx_word' id='word_1_163' title='bbox 963 2660 1201 2714; x_wconf 77' lang='lat' dir='ltr'><strong>Lacteus</strong></span> <span class='ocrx_word' id='word_1_164' title='bbox 1218 2659 1328 2728; x_wconf 87' lang='lat' dir='ltr'><strong>.qui</strong></span> <span class='ocrx_word' id='word_1_165' title='bbox 1364 2660 1511 2715; x_wconf 86' lang='lat' dir='ltr'><strong>lacte</strong></span> <span class='ocrx_word' id='word_1_166' title='bbox 1540 2659 1711 2714; x_wconf 84' lang='lat' dir='ltr'><strong>alitur</strong></span> <span class='ocrx_word' id='word_1_167' title='bbox 1748 2660 1966 2715; x_wconf 84' lang='lat' dir='ltr'><strong>lactans</strong></span> <span class='ocrx_word' id='word_1_168' title='bbox 1992 2657 2091 2728; x_wconf 91' lang='lat' dir='ltr'><strong>qui</strong></span> <span class='ocrx_word' id='word_1_169' title='bbox 2127 2658 2341 2729; x_wconf 87' lang='lat' dir='ltr'><strong>decipit</strong></span> <span class='ocrx_word' id='word_1_170' title='bbox 2376 2660 2592 2716; x_wconf 84' lang='lat' dir='ltr'><strong>lactans</strong></span> <span class='ocrx_word' id='word_1_171' title='bbox 2631 2660 2729 2729; x_wconf 91' lang='lat' dir='ltr'><strong>qui</strong></span> <span class='ocrx_word' id='word_1_172' title='bbox 2764 2661 2915 2715; x_wconf 87' lang='lat' dir='ltr'><strong>lacte</strong></span> <span class='ocrx_word' id='word_1_173' title='bbox 2954 2657 3205 2714; x_wconf 80' lang='lat' dir='ltr'><strong>abundat</strong></span> 
     </span>
    </p>
   </div>
   <div class='ocr_carea' id='block_1_7' title="bbox 584 2737 3205 3531">
    <p class='ocr_par' dir='ltr' id='par_1_13' title="bbox 584 2737 3205 3531">
     <span class='ocr_line' id='line_1_24' title="bbox 584 2737 3205 2796; baseline -0 -1"><span class='ocrx_word' id='word_1_174' title='bbox 584 2741 651 2795; x_wconf 87' lang='lat' dir='ltr'><strong>ut</strong></span> <span class='ocrx_word' id='word_1_175' title='bbox 696 2739 960 2796; x_wconf 88' lang='lat' dir='ltr'><strong>lactantis</strong></span> <span class='ocrx_word' id='word_1_176' title='bbox 1009 2739 1145 2794; x_wconf 85' lang='lat' dir='ltr'><strong>ficus</strong></span> <span class='ocrx_word' id='word_1_177' title='bbox 1182 2737 1430 2795; x_wconf 81' lang='lat' dir='ltr'><strong>Lucilius</strong></span> <span class='ocrx_word' id='word_1_178' title='bbox 1476 2738 1750 2794; x_wconf 85' lang='lat' dir='ltr'><strong>lactantia</strong></span> <span class='ocrx_word' id='word_1_179' title='bbox 1796 2739 1990 2795; x_wconf 88' lang='lat' dir='ltr'><strong>coacla</strong></span> <span class='ocrx_word' id='word_1_180' title='bbox 2026 2755 2152 2794; x_wconf 88' lang='lat' dir='ltr'><strong>cum</strong></span> <span class='ocrx_word' id='word_1_181' title='bbox 2190 2739 2359 2795; x_wconf 89' lang='lat' dir='ltr'><strong>melle</strong></span> <span class='ocrx_word' id='word_1_182' title='bbox 2408 2739 2528 2795; x_wconf 88' lang='lat' dir='ltr'><strong>bibi</strong></span> <span class='ocrx_word' id='word_1_183' title='bbox 2573 2741 2760 2796; x_wconf 86' lang='lat' dir='ltr'><strong>lactea</strong></span> <span class='ocrx_word' id='word_1_184' title='bbox 2796 2739 3035 2796; x_wconf 85' lang='lat' dir='ltr'><strong>candida</strong></span> <span class='ocrx_word' id='word_1_185' title='bbox 3072 2740 3205 2795; x_wconf 85' lang='lat' dir='ltr'><strong>sunt</strong></span> 
     </span>
     <span class='ocr_line' id='line_1_25' title="bbox 585 2818 3204 2892; baseline -0 -18"><span class='ocrx_word' id='word_1_186' title='bbox 585 2822 652 2874; x_wconf 91' lang='lat' dir='ltr'><strong>ut</strong></span> <span class='ocrx_word' id='word_1_187' title='bbox 699 2820 885 2875; x_wconf 86' lang='lat' dir='ltr'><strong>lactea</strong></span> <span class='ocrx_word' id='word_1_188' title='bbox 927 2820 1125 2875; x_wconf 84' lang='lat' dir='ltr'><strong>laudat</strong></span> <span class='ocrx_word' id='word_1_189' title='bbox 1158 2818 1391 2873; x_wconf 84' lang='lat' dir='ltr'><strong>brachia</strong></span> <span class='ocrx_word' id='word_1_190' title='bbox 1426 2820 1567 2875; x_wconf 89' lang='lat' dir='ltr'><strong>dicit</strong></span> <span class='ocrx_word' id='word_1_191' title='bbox 1600 2819 1869 2875; x_wconf 80' lang='lat' dir='ltr'><strong>Horatius</strong></span> <span class='ocrx_word' id='word_1_192' title='bbox 1905 2835 1940 2878; x_wconf 87' lang='grc' dir='ltr'><strong><em>ς</em></strong></span> <span class='ocrx_word' id='word_1_193' title='bbox 1989 2821 2204 2876; x_wconf 87' lang='lat' dir='ltr'><strong>lactens</strong></span> <span class='ocrx_word' id='word_1_194' title='bbox 2251 2821 2349 2892; x_wconf 89' lang='lat' dir='ltr'><strong>qui</strong></span> <span class='ocrx_word' id='word_1_195' title='bbox 2395 2822 2545 2875; x_wconf 90' lang='lat' dir='ltr'><strong>lacte</strong></span> <span class='ocrx_word' id='word_1_196' title='bbox 2592 2821 2789 2890; x_wconf 86' lang='lat' dir='ltr'><strong>alitur,</strong></span> <span class='ocrx_word' id='word_1_197' title='bbox 2838 2821 3054 2876; x_wconf 88' lang='lat' dir='ltr'><strong>lactans</strong></span> <span class='ocrx_word' id='word_1_198' title='bbox 3105 2819 3204 2889; x_wconf 89' lang='lat' dir='ltr'><strong>qui</strong></span> 
     </span>
     <span class='ocr_line' id='line_1_26' title="bbox 587 2897 3204 2973; baseline 0.002 -19"><span class='ocrx_word' id='word_1_199' title='bbox 587 2899 828 2969; x_wconf 88' lang='lat' dir='ltr'><strong>decipit,</strong></span> <span class='ocrx_word' id='word_1_200' title='bbox 874 2900 1090 2956; x_wconf 86' lang='lat' dir='ltr'><strong>lacteus</strong></span> <span class='ocrx_word' id='word_1_201' title='bbox 1136 2899 1285 2953; x_wconf 86' lang='lat' dir='ltr'><strong>lacte</strong></span> <span class='ocrx_word' id='word_1_202' title='bbox 1321 2897 1636 2966; x_wconf 83' lang='lat' dir='ltr'><strong>abundans,</strong></span> <span class='ocrx_word' id='word_1_203' title='bbox 1684 2898 1843 2954; x_wconf 87' lang='lat' dir='ltr'><strong>velut</strong></span> <span class='ocrx_word' id='word_1_204' title='bbox 1879 2899 2089 2956; x_wconf 86' lang='lat' dir='ltr'><strong>lacteas</strong></span> <span class='ocrx_word' id='word_1_205' title='bbox 2124 2902 2288 2969; x_wconf 88' lang='lat' dir='ltr'><strong>ficus;</strong></span> <span class='ocrx_word' id='word_1_206' title='bbox 2337 2900 2606 2956; x_wconf 88' lang='lat' dir='ltr'><strong>Lucillius</strong></span> <span class='ocrx_word' id='word_1_207' title='bbox 2657 2900 2931 2957; x_wconf 82' lang='lat' dir='ltr'><strong>lactentia</strong></span> <span class='ocrx_word' id='word_1_208' title='bbox 2967 2903 3204 2973; x_wconf 83' lang='lat' dir='ltr'><strong>coagula</strong></span> 
     </span>
     <span class='ocr_line' id='line_1_27' title="bbox 586 2977 3201 3053; baseline 0.002 -20"><span class='ocrx_word' id='word_1_209' title='bbox 586 2995 713 3034; x_wconf 89' lang='lat' dir='ltr'><strong>cum</strong></span> <span class='ocrx_word' id='word_1_210' title='bbox 749 2982 917 3036; x_wconf 89' lang='lat' dir='ltr'><strong>melle</strong></span> <span class='ocrx_word' id='word_1_211' title='bbox 954 2978 1092 3036; x_wconf 90' lang='lat' dir='ltr'><strong>bibi.</strong></span> <span class='ocrx_word' id='word_1_212' title='bbox 1147 2979 1333 3034; x_wconf 84' lang='lat' dir='ltr'><strong>lactea</strong></span> <span class='ocrx_word' id='word_1_213' title='bbox 1368 2977 1608 3033; x_wconf 88' lang='lat' dir='ltr'><strong>candida</strong></span> <span class='ocrx_word' id='word_1_214' title='bbox 1644 2980 1796 3047; x_wconf 90' lang='lat' dir='ltr'><strong>sunt,</strong></span> <span class='ocrx_word' id='word_1_215' title='bbox 1836 2982 1901 3034; x_wconf 93' lang='lat' dir='ltr'><strong>ut</strong></span> <span class='ocrx_word' id='word_1_216' title='bbox 1933 2981 2118 3037; x_wconf 90' lang='lat' dir='ltr'><strong>lactea</strong></span> <span class='ocrx_word' id='word_1_217' title='bbox 2154 2981 2352 3036; x_wconf 88' lang='lat' dir='ltr'><strong>laudat</strong></span> <span class='ocrx_word' id='word_1_218' title='bbox 2402 2981 2634 3036; x_wconf 88' lang='lat' dir='ltr'><strong>brachia</strong></span> <span class='ocrx_word' id='word_1_219' title='bbox 2670 2981 2808 3035; x_wconf 92' lang='lat' dir='ltr'><strong>dicit</strong></span> <span class='ocrx_word' id='word_1_220' title='bbox 2845 2982 3110 3038; x_wconf 89' lang='lat' dir='ltr'><strong>Horatius</strong></span> <span class='ocrx_word' id='word_1_221' title='bbox 3139 3001 3201 3053; x_wconf 80' lang='lat' dir='ltr'><strong>p.</strong></span> 
     </span>
     <span class='ocr_line' id='line_1_28' title="bbox 585 3060 3202 3133; baseline 0.002 -20"><span class='ocrx_word' id='word_1_222' title='bbox 585 3061 794 3116; x_wconf 78' lang='lat' dir='ltr'><strong>retinui</strong></span> <span class='ocrx_word' id='word_1_223' title='bbox 829 3067 1147 3131; x_wconf 78' lang='lat' dir='ltr'><strong>corruptam</strong></span> <span class='ocrx_word' id='word_1_224' title='bbox 1174 3062 1375 3117; x_wconf 77' lang='lat' dir='ltr'><strong>codicis</strong></span> <span class='ocrx_word' id='word_1_225' title='bbox 1402 3060 1477 3113; x_wconf 87' lang='grc' dir='ltr'><em>Μ</em></span> <span class='ocrx_word' id='word_1_226' title='bbox 1508 3060 1857 3128; x_wconf 75' lang='lat' dir='ltr'><strong>scripturam,</strong></span> <span class='ocrx_word' id='word_1_227' title='bbox 1895 3080 2034 3131; x_wconf 76' lang='lat' dir='ltr'><strong>quae</strong></span> <span class='ocrx_word' id='word_1_228' title='bbox 2069 3065 2133 3117; x_wconf 80' lang='lat' dir='ltr'><strong>in</strong></span> <span class='ocrx_word' id='word_1_229' title='bbox 2167 3066 2314 3119; x_wconf 79' lang='lat' dir='ltr'><strong>hwnc</strong></span> <span class='ocrx_word' id='word_1_230' title='bbox 2346 3065 2460 3131; x_wconf 73' lang='lat' dir='ltr'><strong>fere</strong></span> <span class='ocrx_word' id='word_1_231' title='bbox 2488 3063 2706 3117; x_wconf 76' lang='lat' dir='ltr'><strong>modum</strong></span> <span class='ocrx_word' id='word_1_232' title='bbox 2734 3064 2939 3132; x_wconf 73' lang='lat' dir='ltr'><strong>corriyi</strong></span> <span class='ocrx_word' id='word_1_233' title='bbox 2965 3068 3202 3133; x_wconf 77' lang='lat' dir='ltr'><strong>poterat,</strong></span> 
     </span>
     <span class='ocr_line' id='line_1_29' title="bbox 586 3137 3202 3212; baseline 0.002 -20"><span class='ocrx_word' id='word_1_234' title='bbox 586 3139 804 3195; x_wconf 87' lang='lat' dir='ltr'><strong>lactens</strong></span> <span class='ocrx_word' id='word_1_235' title='bbox 851 3141 947 3210; x_wconf 91' lang='lat' dir='ltr'><strong>qui</strong></span> <span class='ocrx_word' id='word_1_236' title='bbox 999 3141 1149 3196; x_wconf 84' lang='lat' dir='ltr'><strong>lacte</strong></span> <span class='ocrx_word' id='word_1_237' title='bbox 1197 3139 1394 3208; x_wconf 90' lang='lat' dir='ltr'><strong>alitur,</strong></span> <span class='ocrx_word' id='word_1_238' title='bbox 1439 3137 1658 3192; x_wconf 83' lang='lat' dir='ltr'><strong>lactans</strong></span> <span class='ocrx_word' id='word_1_239' title='bbox 1705 3139 1802 3207; x_wconf 90' lang='lat' dir='ltr'><strong>qui</strong></span> <span class='ocrx_word' id='word_1_240' title='bbox 1852 3139 2064 3212; x_wconf 84' lang='lat' dir='ltr'><strong>decipit</strong></span> <span class='ocrx_word' id='word_1_241' title='bbox 2078 3185 2092 3211; x_wconf 98' lang='lat'><strong>,</strong></span> <span class='ocrx_word' id='word_1_242' title='bbox 2146 3145 2360 3200; x_wconf 89' lang='lat' dir='ltr'><strong>lacteus</strong></span> <span class='ocrx_word' id='word_1_243' title='bbox 2413 3142 2563 3198; x_wconf 86' lang='lat' dir='ltr'><strong>lacte</strong></span> <span class='ocrx_word' id='word_1_244' title='bbox 2609 3141 2929 3211; x_wconf 87' lang='lat' dir='ltr'><strong>abundans;</strong></span> <span class='ocrx_word' id='word_1_245' title='bbox 2984 3146 3202 3199; x_wconf 88' lang='lat' dir='ltr'><strong>veteres</strong></span> 
     </span>
     <span class='ocr_line' id='line_1_30' title="bbox 584 3217 3198 3292; baseline 0.001 -15"><span class='ocrx_word' id='word_1_246' title='bbox 584 3224 777 3277; x_wconf 86' lang='lat' dir='ltr'><strong>tamen</strong></span> <span class='ocrx_word' id='word_1_247' title='bbox 814 3224 873 3277; x_wconf 91' lang='lat' dir='ltr'><strong>et</strong></span> <span class='ocrx_word' id='word_1_248' title='bbox 908 3222 1123 3276; x_wconf 88' lang='lat' dir='ltr'><strong>lactens</strong></span> <span class='ocrx_word' id='word_1_249' title='bbox 1160 3218 1445 3286; x_wconf 84' lang='lat' dir='ltr'><strong>dixerunt,</strong></span> <span class='ocrx_word' id='word_1_250' title='bbox 1483 3222 1548 3273; x_wconf 89' lang='lat' dir='ltr'><strong>ut</strong></span> <span class='ocrx_word' id='word_1_251' title='bbox 1583 3217 1793 3273; x_wconf 87' lang='lat' dir='ltr'><strong>Ennius</strong></span> <span class='ocrx_word' id='word_1_252' title='bbox 1832 3219 2104 3276; x_wconf 84' lang='lat' dir='ltr'><strong>lactentes</strong></span> <span class='ocrx_word' id='word_1_253' title='bbox 2140 3222 2296 3292; x_wconf 90' lang='lat' dir='ltr'><strong>ficos,</strong></span> <span class='ocrx_word' id='word_1_254' title='bbox 2346 3220 2595 3276; x_wconf 88' lang='lat' dir='ltr'><strong>Lucilius</strong></span> <span class='ocrx_word' id='word_1_255' title='bbox 2632 3220 2905 3276; x_wconf 86' lang='lat' dir='ltr'><strong>lactentia</strong></span> <span class='ocrx_word' id='word_1_256' title='bbox 2942 3221 3056 3278; x_wconf 86' lang='lat' dir='ltr'><strong>Coa</strong></span> <span class='ocrx_word' id='word_1_257' title='bbox 3090 3240 3198 3292; x_wconf 77' lang='lat' dir='ltr'><strong>sqq.</strong></span> 
     </span>
     <span class='ocr_line' id='line_1_31' title="bbox 585 3297 3202 3371; baseline 0.001 -16"><span class='ocrx_word' id='word_1_258' title='bbox 585 3318 717 3355; x_wconf 74' lang='lat' dir='ltr'><strong>nam</strong></span> <span class='ocrx_word' id='word_1_259' title='bbox 751 3301 967 3356; x_wconf 88' lang='lat' dir='ltr'><strong>lacteus</strong></span> <span class='ocrx_word' id='word_1_260' title='bbox 1003 3300 1150 3356; x_wconf 88' lang='lat' dir='ltr'><strong>lacte</strong></span> <span class='ocrx_word' id='word_1_261' title='bbox 1187 3298 1480 3354; x_wconf 86' lang='lat' dir='ltr'><strong>abundans</strong></span> <span class='ocrx_word' id='word_1_262' title='bbox 1518 3299 1593 3353; x_wconf 83' lang='lat' dir='ltr'><strong>ad</strong></span> <span class='ocrx_word' id='word_1_263' title='bbox 1640 3297 1796 3368; x_wconf 73' lang='lat' dir='ltr'><strong>Verq.</strong></span> <span class='ocrx_word' id='word_1_264' title='bbox 1832 3317 2010 3371; x_wconf 72' lang='lat' dir='ltr'><strong>year-9.</strong></span> <span class='ocrx_word' id='word_1_265' title='bbox 2054 3303 2138 3356; x_wconf 90' lang='lat' dir='ltr'><strong>II</strong></span> <span class='ocrx_word' id='word_1_266' title='bbox 2172 3306 2285 3358; x_wconf 79' lang='lat'><strong>524</strong></span> <span class='ocrx_word' id='word_1_267' title='bbox 2331 3300 2506 3354; x_wconf 88' lang='lat' dir='ltr'><strong>ubera</strong></span> <span class='ocrx_word' id='word_1_268' title='bbox 2540 3315 2746 3354; x_wconf 83' lang='lat' dir='ltr'><strong>vaccae</strong></span> <span class='ocrx_word' id='word_1_269' title='bbox 2782 3300 2966 3356; x_wconf 87' lang='lat' dir='ltr'><strong>lactea</strong></span> <span class='ocrx_word' id='word_1_270' title='bbox 3004 3301 3202 3357; x_wconf 87' lang='lat' dir='ltr'><strong>demit-</strong></span> 
     </span>
     <span class='ocr_line' id='line_1_32' title="bbox 587 3378 3201 3453; baseline 0.001 -19"><span class='ocrx_word' id='word_1_271' title='bbox 587 3381 718 3434; x_wconf 89' lang='lat' dir='ltr'><strong>tunt</strong></span> <span class='ocrx_word' id='word_1_272' title='bbox 744 3383 1022 3449; x_wconf 77' lang='lat' dir='ltr'><strong>pertinere</strong></span> <span class='ocrx_word' id='word_1_273' title='bbox 1048 3385 1241 3450; x_wconf 79' lang='lat' dir='ltr'><strong>potest.</strong></span> <span class='ocrx_word' id='word_1_274' title='bbox 1280 3381 1349 3447; x_wconf 80' lang='lat' dir='ltr'><strong>cf.</strong></span> <span class='ocrx_word' id='word_1_275' title='bbox 1376 3379 1527 3436; x_wconf 83' lang='lat' dir='ltr'><strong>Serv.</strong></span> <span class='ocrx_word' id='word_1_276' title='bbox 1557 3382 1621 3434; x_wconf 80' lang='lat' dir='ltr'><strong>in</strong></span> <span class='ocrx_word' id='word_1_277' title='bbox 1664 3380 1820 3451; x_wconf 74' lang='lat' dir='ltr'><strong>Verq.</strong></span> <span class='ocrx_word' id='word_1_278' title='bbox 1857 3398 2034 3453; x_wconf 76' lang='lat' dir='ltr'><strong>yeory.</strong></span> <span class='ocrx_word' id='word_1_279' title='bbox 2076 3383 2119 3436; x_wconf 95' lang='lat' dir='ltr'><strong><em>I</em></strong></span> <span class='ocrx_word' id='word_1_280' title='bbox 2151 3386 2259 3436; x_wconf 87' lang='lat'><strong>315</strong></span> <span class='ocrx_word' id='word_1_281' title='bbox 2297 3383 2356 3436; x_wconf 89' lang='lat' dir='ltr'><strong>et</strong></span> <span class='ocrx_word' id='word_1_282' title='bbox 2391 3378 2677 3434; x_wconf 90' lang='lat' dir='ltr'><strong>sciendum</strong></span> <span class='ocrx_word' id='word_1_283' title='bbox 2714 3380 2864 3434; x_wconf 90' lang='lat' dir='ltr'><strong>inter</strong></span> <span class='ocrx_word' id='word_1_284' title='bbox 2898 3380 3201 3436; x_wconf 85' lang='lat' dir='ltr'><strong>lactantem</strong></span> 
     </span>
     <span class='ocr_line' id='line_1_33' title="bbox 591 3458 3202 3531; baseline 0.002 -19"><span class='ocrx_word' id='word_1_285' title='bbox 591 3461 648 3513; x_wconf 90' lang='lat' dir='ltr'><strong>et</strong></span> <span class='ocrx_word' id='word_1_286' title='bbox 683 3459 987 3515; x_wconf 86' lang='lat' dir='ltr'><strong>lactentem</strong></span> <span class='ocrx_word' id='word_1_287' title='bbox 1025 3461 1133 3526; x_wconf 84' lang='lat' dir='ltr'><strong>hoc</strong></span> <span class='ocrx_word' id='word_1_288' title='bbox 1168 3460 1466 3529; x_wconf 87' lang='lat' dir='ltr'><strong>interesse,</strong></span> <span class='ocrx_word' id='word_1_289' title='bbox 1512 3458 1662 3529; x_wconf 90' lang='lat' dir='ltr'><strong>quod</strong></span> <span class='ocrx_word' id='word_1_290' title='bbox 1706 3460 1923 3516; x_wconf 88' lang='lat' dir='ltr'><strong>lactans</strong></span> <span class='ocrx_word' id='word_1_291' title='bbox 1968 3464 2055 3517; x_wconf 93' lang='lat' dir='ltr'><strong>est</strong></span> <span class='ocrx_word' id='word_1_292' title='bbox 2101 3478 2246 3531; x_wconf 86' lang='lat' dir='ltr'><strong>quae</strong></span> <span class='ocrx_word' id='word_1_293' title='bbox 2291 3459 2382 3515; x_wconf 87' lang='lat' dir='ltr'><strong>lac</strong></span> <span class='ocrx_word' id='word_1_294' title='bbox 2427 3459 2688 3530; x_wconf 83' lang='lat' dir='ltr'><strong>praebet,</strong></span> <span class='ocrx_word' id='word_1_295' title='bbox 2736 3460 2948 3517; x_wconf 86' lang='lat' dir='ltr'><strong>lactens</strong></span> <span class='ocrx_word' id='word_1_296' title='bbox 2987 3462 3078 3517; x_wconf 89' lang='lat' dir='ltr'><strong>cui</strong></span> <span class='ocrx_word' id='word_1_297' title='bbox 3113 3462 3202 3516; x_wconf 84' lang='lat' dir='ltr'><strong>lac</strong></span> 
     </span>
    </p>
   </div>
   <div class='ocr_carea' id='block_1_8' title="bbox 582 3553 3208 4945">
    <p class='ocr_par' dir='ltr' id='par_1_14' title="bbox 1598 3553 1721 3586">
     <span class='ocr_line' id='line_1_34' title="bbox 1598 3553 1721 3586; baseline 0 0"><span class='ocrx_word' id='word_1_298' title='bbox 1598 3553 1631 3581; x_wconf 80' lang='lat' dir='ltr'><strong>u</strong></span> <span class='ocrx_word' id='word_1_299' title='bbox 1714 3579 1721 3586; x_wconf 89' lang='lat'><strong>.</strong></span> 
     </span>
    </p>

    <p class='ocr_par' dir='ltr' id='par_1_15' title="bbox 582 3593 3208 4945">
     <span class='ocr_line' id='line_1_35' title="bbox 588 3593 3199 3667; baseline 0 -19"><span class='ocrx_word' id='word_1_300' title='bbox 588 3593 888 3662; x_wconf 81' lang='lat' dir='ltr'><strong>praebetur</strong></span> <span class='ocrx_word' id='word_1_301' title='bbox 1030 3595 1243 3650; x_wconf 84' lang='lat' dir='ltr'><strong>lactens</strong></span> <span class='ocrx_word' id='word_1_302' title='bbox 1281 3594 1401 3665; x_wconf 91' lang='lat' dir='ltr'><strong>qui]</strong></span> <span class='ocrx_word' id='word_1_303' title='bbox 1440 3594 1651 3664; x_wconf 80' lang='lat' dir='ltr'><strong>lacteus</strong></span> <span class='ocrx_word' id='word_1_304' title='bbox 1689 3594 1785 3663; x_wconf 90' lang='lat' dir='ltr'><strong>qui</strong></span> <span class='ocrx_word' id='word_1_305' title='bbox 1825 3596 1901 3648; x_wconf 80' lang='lat' dir='ltr'><strong><em>M</em></strong></span> <span class='ocrx_word' id='word_1_306' title='bbox 2039 3601 2071 3650; x_wconf 83' lang='lat'>2</span> <span class='ocrx_word' id='word_1_307' title='bbox 2109 3595 2386 3650; x_wconf 83' lang='lat' dir='ltr'><strong>lactentes</strong></span> <span class='ocrx_word' id='word_1_308' title='bbox 2421 3595 2582 3667; x_wconf 89' lang='lat' dir='ltr'><strong>ficus]</strong></span> <span class='ocrx_word' id='word_1_309' title='bbox 2624 3593 2836 3650; x_wconf 60' lang='lat' dir='ltr'><strong>C&#39;hamb.</strong></span> <span class='ocrx_word' id='word_1_310' title='bbox 2871 3612 2929 3664; x_wconf 81' lang='lat' dir='ltr'><strong>p.</strong></span> <span class='ocrx_word' id='word_1_311' title='bbox 2967 3600 3102 3661; x_wconf 80' lang='grc'><em>128,</em></span> <span class='ocrx_word' id='word_1_312' title='bbox 3130 3598 3199 3649; x_wconf 86' lang='grc'><strong>31</strong></span> 
     </span>
     <span class='ocr_line' id='line_1_36' title="bbox 588 3671 3202 3743; baseline 0.001 -18"><span class='ocrx_word' id='word_1_313' title='bbox 588 3672 679 3726; x_wconf 88' lang='lat' dir='ltr'><strong>fici</strong></span> <span class='ocrx_word' id='word_1_314' title='bbox 717 3671 946 3743; x_wconf 87' lang='lat' dir='ltr'><strong>Ennius,</strong></span> <span class='ocrx_word' id='word_1_315' title='bbox 986 3674 1101 3729; x_wconf 81' lang='lat' dir='ltr'><strong>‘fici</strong></span> <span class='ocrx_word' id='word_1_316' title='bbox 1137 3674 1440 3730; x_wconf 87' lang='lat' dir='ltr'><strong>dulciferae</strong></span> <span class='ocrx_word' id='word_1_317' title='bbox 1488 3675 1766 3729; x_wconf 89' lang='lat' dir='ltr'><strong>lactantes</strong></span> <span class='ocrx_word' id='word_1_318' title='bbox 1803 3675 2000 3730; x_wconf 88' lang='lat' dir='ltr'><strong>subere</strong></span> <span class='ocrx_word' id='word_1_319' title='bbox 2045 3676 2199 3731; x_wconf 90' lang='lat' dir='ltr'><strong>toto’</strong></span> <span class='ocrx_word' id='word_1_320' title='bbox 2418 3673 2690 3730; x_wconf 84' lang='lat' dir='ltr'><strong>lactentia</strong></span> <span class='ocrx_word' id='word_1_321' title='bbox 2727 3671 2842 3728; x_wconf 87' lang='lat' dir='ltr'><strong>Coa</strong></span> <span class='ocrx_word' id='word_1_322' title='bbox 2879 3672 3038 3728; x_wconf 85' lang='lat' dir='ltr'><strong>Clam</strong></span> <span class='ocrx_word' id='word_1_323' title='bbox 3075 3690 3202 3728; x_wconf 91' lang='lat' dir='ltr'><strong>cum</strong></span> 
     </span>
     <span class='ocr_line' id='line_1_37' title="bbox 587 3751 3207 3825; baseline 0.002 -20"><span class='ocrx_word' id='word_1_324' title='bbox 587 3751 757 3806; x_wconf 92' lang='lat' dir='ltr'><strong>melle</strong></span> <span class='ocrx_word' id='word_1_325' title='bbox 793 3751 910 3807; x_wconf 93' lang='lat' dir='ltr'><strong>bibi</strong></span> <span class='ocrx_word' id='word_1_326' title='bbox 951 3754 1136 3810; x_wconf 76' lang='lat' dir='ltr'><strong>Ianus</strong></span> <span class='ocrx_word' id='word_1_327' title='bbox 1172 3755 1369 3810; x_wconf 82' lang='lat' dir='ltr'><strong>Dousa</strong></span> <span class='ocrx_word' id='word_1_328' title='bbox 1406 3755 1587 3808; x_wconf 78' lang='lat' dir='ltr'><strong>Lucil.</strong></span> <span class='ocrx_word' id='word_1_329' title='bbox 1624 3755 1719 3808; x_wconf 80' lang='lat' dir='ltr'><strong>rel.</strong></span> <span class='ocrx_word' id='word_1_330' title='bbox 1756 3755 1869 3809; x_wconf 78' lang='lat' dir='ltr'><strong>ine.</strong></span> <span class='ocrx_word' id='word_1_331' title='bbox 1907 3760 2017 3810; x_wconf 89' lang='lat'><strong>103</strong></span> <span class='ocrx_word' id='word_1_332' title='bbox 2046 3773 2109 3824; x_wconf 82' lang='lat' dir='ltr'><strong>p.</strong></span> <span class='ocrx_word' id='word_1_333' title='bbox 2149 3760 2219 3811; x_wconf 84' lang='lat'><strong>13</strong></span> <span class='ocrx_word' id='word_1_334' title='bbox 2399 3763 2432 3811; x_wconf 83' lang='lat'><strong>3</strong></span> <span class='ocrx_word' id='word_1_335' title='bbox 2469 3753 2680 3825; x_wconf 88' lang='lat' dir='ltr'><strong>lactea]</strong></span> <span class='ocrx_word' id='word_1_336' title='bbox 2720 3755 2919 3811; x_wconf 78' lang='lat' dir='ltr'><strong>Horat.</strong></span> <span class='ocrx_word' id='word_1_337' title='bbox 2958 3773 3121 3811; x_wconf 82' lang='lat' dir='ltr'><strong>carm.</strong></span> <span class='ocrx_word' id='word_1_338' title='bbox 3163 3757 3207 3809; x_wconf 96' lang='lat' dir='ltr'><em>I</em></span> 
     </span>
     <span class='ocr_line' id='line_1_38' title="bbox 586 3833 3204 3906; baseline 0.001 -21"><span class='ocrx_word' id='word_1_339' title='bbox 586 3836 676 3897; x_wconf 89' lang='lat'><strong>13,</strong></span> <span class='ocrx_word' id='word_1_340' title='bbox 713 3836 753 3886; x_wconf 93' lang='grc'><em>2</em></span> <span class='ocrx_word' id='word_1_341' title='bbox 935 3838 966 3887; x_wconf 85' lang='grc'>5</span> <span class='ocrx_word' id='word_1_342' title='bbox 1015 3833 1358 3905; x_wconf 86' lang='lat' dir='ltr'><strong>Suscipimus</strong></span> <span class='ocrx_word' id='word_1_343' title='bbox 1396 3838 1455 3889; x_wconf 91' lang='lat' dir='ltr'><strong>et</strong></span> <span class='ocrx_word' id='word_1_344' title='bbox 1490 3834 1564 3888; x_wconf 90' lang='lat' dir='ltr'><strong>ad</strong></span> <span class='ocrx_word' id='word_1_345' title='bbox 1601 3834 1847 3890; x_wconf 87' lang='lat' dir='ltr'><strong>animam</strong></span> <span class='ocrx_word' id='word_1_346' title='bbox 1885 3836 1943 3889; x_wconf 89' lang='lat' dir='ltr'><strong>et</strong></span> <span class='ocrx_word' id='word_1_347' title='bbox 1978 3835 2050 3889; x_wconf 85' lang='lat' dir='ltr'><strong>ad</strong></span> <span class='ocrx_word' id='word_1_348' title='bbox 2089 3852 2286 3906; x_wconf 88' lang='lat' dir='ltr'><strong>corpus</strong></span> <span class='ocrx_word' id='word_1_349' title='bbox 2323 3834 2562 3891; x_wconf 86' lang='lat' dir='ltr'><strong>refertur</strong></span> <span class='ocrx_word' id='word_1_350' title='bbox 2598 3836 2672 3890; x_wconf 89' lang='lat' dir='ltr'><strong>ad</strong></span> <span class='ocrx_word' id='word_1_351' title='bbox 2709 3836 2956 3890; x_wconf 87' lang='lat' dir='ltr'><strong>animam</strong></span> <span class='ocrx_word' id='word_1_352' title='bbox 2992 3837 3059 3890; x_wconf 90' lang='grc' dir='ltr'><strong>ιιι</strong></span> <span class='ocrx_word' id='word_1_353' title='bbox 3096 3837 3204 3902; x_wconf 91' lang='lat' dir='ltr'><strong>(est</strong></span> 
     </span>
     <span class='ocr_line' id='line_1_39' title="bbox 588 3912 3202 3986; baseline 0.001 -20"><span class='ocrx_word' id='word_1_354' title='bbox 588 3912 716 3967; x_wconf 80' lang='lat' dir='ltr'><strong>add.</strong></span> <span class='ocrx_word' id='word_1_355' title='bbox 756 3915 806 3983; x_wconf 84' lang='lat' dir='ltr'><strong>c)</strong></span> <span class='ocrx_word' id='word_1_356' title='bbox 852 3917 1168 3984; x_wconf 88' lang='lat' dir='ltr'><strong>susceptum</strong></span> <span class='ocrx_word' id='word_1_357' title='bbox 1216 3915 1419 3985; x_wconf 87' lang='lat' dir='ltr'><strong>perfice</strong></span> <span class='ocrx_word' id='word_1_358' title='bbox 1453 3933 1653 3969; x_wconf 89' lang='lat' dir='ltr'><strong>munus</strong></span> <span class='ocrx_word' id='word_1_359' title='bbox 1691 3915 1763 3969; x_wconf 88' lang='lat' dir='ltr'><strong>ad</strong></span> <span class='ocrx_word' id='word_1_360' title='bbox 1813 3931 2012 3985; x_wconf 88' lang='lat' dir='ltr'><strong>corpus</strong></span> <span class='ocrx_word' id='word_1_361' title='bbox 2050 3917 2114 3968; x_wconf 91' lang='lat' dir='ltr'><strong>ut</strong></span> <span class='ocrx_word' id='word_1_362' title='bbox 2151 3918 2235 3971; x_wconf 89' lang='lat' dir='ltr'><strong>est</strong></span> <span class='ocrx_word' id='word_1_363' title='bbox 2270 3916 2584 3986; x_wconf 86' lang='lat' dir='ltr'><strong>suscipiunt</strong></span> <span class='ocrx_word' id='word_1_364' title='bbox 2630 3916 2876 3971; x_wconf 88' lang='lat' dir='ltr'><strong>famulae</strong></span> <span class='ocrx_word' id='word_1_365' title='bbox 2914 3915 3202 3984; x_wconf 87' lang='lat' dir='ltr'><strong>conlapsa-</strong></span> 
     </span>
     <span class='ocr_line' id='line_1_40' title="bbox 589 3993 3203 4066; baseline 0.001 -20"><span class='ocrx_word' id='word_1_366' title='bbox 589 4008 696 4060; x_wconf 89' lang='lat' dir='ltr'><strong>que</strong></span> <span class='ocrx_word' id='word_1_367' title='bbox 732 3993 965 4049; x_wconf 89' lang='lat' dir='ltr'><strong>menbra</strong></span> <span class='ocrx_word' id='word_1_368' title='bbox 999 3995 1332 4066; x_wconf 87' lang='lat' dir='ltr'><strong>suscipimus</strong></span> <span class='ocrx_word' id='word_1_369' title='bbox 1369 3997 1617 4066; x_wconf 83' lang='lat' dir='ltr'><strong>aliquem</strong></span> <span class='ocrx_word' id='word_1_370' title='bbox 1653 3999 1986 4051; x_wconf 86' lang='lat' dir='ltr'><strong>uenerantes</strong></span> <span class='ocrx_word' id='word_1_371' title='bbox 2022 3996 2079 4049; x_wconf 90' lang='lat' dir='ltr'><strong><em>B</em></strong></span> <span class='ocrx_word' id='word_1_372' title='bbox 2117 4002 2168 4052; x_wconf 80' lang='lat' dir='ltr'><strong>et</strong></span> <span class='ocrx_word' id='word_1_373' title='bbox 2201 4002 2266 4051; x_wconf 78' lang='lat' dir='ltr'><strong>ut</strong></span> <span class='ocrx_word' id='word_1_374' title='bbox 2299 3998 2517 4052; x_wconf 77' lang='lat' dir='ltr'><strong>videtur</strong></span> <span class='ocrx_word' id='word_1_375' title='bbox 2554 4013 2582 4050; x_wconf 88' lang='lat' dir='ltr'><strong>c</strong></span> <span class='ocrx_word' id='word_1_376' title='bbox 2617 3998 2682 4050; x_wconf 78' lang='lat' dir='ltr'><strong>in</strong></span> <span class='ocrx_word' id='word_1_377' title='bbox 2717 3997 2981 4065; x_wconf 67' lang='lat' dir='ltr'><strong>margine,</strong></span> <span class='ocrx_word' id='word_1_378' title='bbox 3017 4012 3203 4064; x_wconf 79' lang='lat' dir='ltr'><strong>quam-</strong></span> 
     </span>
     <span class='ocr_line' id='line_1_41' title="bbox 587 4074 3203 4146; baseline 0.001 -21"><span class='ocrx_word' id='word_1_379' title='bbox 587 4089 752 4140; x_wconf 75' lang='lat' dir='ltr'><strong>quam</strong></span> <span class='ocrx_word' id='word_1_380' title='bbox 795 4074 859 4128; x_wconf 75' lang='lat' dir='ltr'><strong>in</strong></span> <span class='ocrx_word' id='word_1_381' title='bbox 902 4075 1001 4129; x_wconf 80' lang='lat' dir='ltr'><strong>hoc</strong></span> <span class='ocrx_word' id='word_1_382' title='bbox 1042 4078 1270 4133; x_wconf 75' lang='lat' dir='ltr'><strong>abscisis</strong></span> <span class='ocrx_word' id='word_1_383' title='bbox 1316 4078 1511 4132; x_wconf 78' lang='lat' dir='ltr'><strong>litteris</strong></span> <span class='ocrx_word' id='word_1_384' title='bbox 1558 4092 1673 4130; x_wconf 74' lang='lat' dir='ltr'><strong>non</strong></span> <span class='ocrx_word' id='word_1_385' title='bbox 1709 4076 1897 4130; x_wconf 76' lang='lat' dir='ltr'><strong>omnia</strong></span> <span class='ocrx_word' id='word_1_386' title='bbox 1942 4081 2349 4146; x_wconf 75' lang='lat' dir='ltr'><strong>apparuerunt,</strong></span> <span class='ocrx_word' id='word_1_387' title='bbox 2398 4074 2728 4144; x_wconf 90' lang='lat' dir='ltr'><strong>suscipimus</strong></span> <span class='ocrx_word' id='word_1_388' title='bbox 2766 4091 2996 4144; x_wconf 88' lang='lat' dir='ltr'><strong>corpore</strong></span> <span class='ocrx_word' id='word_1_389' title='bbox 3034 4074 3203 4128; x_wconf 88' lang='lat' dir='ltr'><strong>susci·</strong></span> 
     </span>
     <span class='ocr_line' id='line_1_42' title="bbox 586 4151 3204 4227; baseline 0.002 -22"><span class='ocrx_word' id='word_1_390' title='bbox 586 4151 751 4220; x_wconf 88' lang='lat' dir='ltr'><strong>piunt</strong></span> <span class='ocrx_word' id='word_1_391' title='bbox 786 4152 1032 4211; x_wconf 85' lang='lat' dir='ltr'><strong>famulae</strong></span> <span class='ocrx_word' id='word_1_392' title='bbox 1070 4158 1445 4227; x_wconf 87' lang='lat' dir='ltr'><strong>conlapsaque</strong></span> <span class='ocrx_word' id='word_1_393' title='bbox 1483 4155 1735 4211; x_wconf 84' lang='lat' dir='ltr'><strong>membra</strong></span> <span class='ocrx_word' id='word_1_394' title='bbox 1773 4156 2105 4227; x_wconf 87' lang='lat' dir='ltr'><strong>suscipimus</strong></span> <span class='ocrx_word' id='word_1_395' title='bbox 2134 4158 2380 4225; x_wconf 88' lang='lat' dir='ltr'><strong>aliquem</strong></span> <span class='ocrx_word' id='word_1_396' title='bbox 2410 4156 2742 4210; x_wconf 88' lang='lat' dir='ltr'><strong>uenerantes</strong></span> <span class='ocrx_word' id='word_1_397' title='bbox 2782 4154 2829 4208; x_wconf 83' lang='grc' dir='ltr'><em>Ο</em></span> <span class='ocrx_word' id='word_1_398' title='bbox 2862 4153 3204 4224; x_wconf 87' lang='lat' dir='ltr'><strong>Suscipimus</strong></span> 
     </span>
     <span class='ocr_line' id='line_1_43' title="bbox 587 4230 3202 4307; baseline 0.001 -22"><span class='ocrx_word' id='word_1_399' title='bbox 587 4230 659 4285; x_wconf 86' lang='lat' dir='ltr'><strong>ad</strong></span> <span class='ocrx_word' id='word_1_400' title='bbox 705 4233 953 4288; x_wconf 89' lang='lat' dir='ltr'><strong>animum</strong></span> <span class='ocrx_word' id='word_1_401' title='bbox 1000 4238 1058 4290; x_wconf 90' lang='lat' dir='ltr'><strong>et</strong></span> <span class='ocrx_word' id='word_1_402' title='bbox 1112 4236 1186 4292; x_wconf 83' lang='lat' dir='ltr'><strong>ad</strong></span> <span class='ocrx_word' id='word_1_403' title='bbox 1239 4254 1438 4307; x_wconf 87' lang='lat' dir='ltr'><strong>corpus</strong></span> <span class='ocrx_word' id='word_1_404' title='bbox 1482 4236 1743 4304; x_wconf 88' lang='lat' dir='ltr'><strong>refertur,</strong></span> <span class='ocrx_word' id='word_1_405' title='bbox 1799 4236 1875 4289; x_wconf 88' lang='lat' dir='ltr'><strong>ad</strong></span> <span class='ocrx_word' id='word_1_406' title='bbox 1929 4237 2205 4304; x_wconf 89' lang='lat' dir='ltr'><strong>animum,</strong></span> <span class='ocrx_word' id='word_1_407' title='bbox 2250 4236 2317 4287; x_wconf 91' lang='lat' dir='ltr'><strong>ut</strong></span> <span class='ocrx_word' id='word_1_408' title='bbox 2361 4235 2681 4303; x_wconf 87' lang='lat' dir='ltr'><strong>susceptum</strong></span> <span class='ocrx_word' id='word_1_409' title='bbox 2736 4233 2940 4302; x_wconf 90' lang='lat' dir='ltr'><strong>perfice</strong></span> <span class='ocrx_word' id='word_1_410' title='bbox 2984 4252 3202 4303; x_wconf 74' lang='lat' dir='ltr'><strong>munus,</strong></span> 
     </span>
     <span class='ocr_line' id='line_1_44' title="bbox 587 4311 3203 4386; baseline 0 -18"><span class='ocrx_word' id='word_1_411' title='bbox 587 4312 661 4367; x_wconf 83' lang='lat' dir='ltr'><strong>ad</strong></span> <span class='ocrx_word' id='word_1_412' title='bbox 717 4330 943 4385; x_wconf 88' lang='lat' dir='ltr'><strong>corpus,</strong></span> <span class='ocrx_word' id='word_1_413' title='bbox 997 4318 1063 4369; x_wconf 91' lang='lat' dir='ltr'><strong>ut</strong></span> <span class='ocrx_word' id='word_1_414' title='bbox 1117 4317 1426 4386; x_wconf 86' lang='lat' dir='ltr'><strong>suscipiunt</strong></span> <span class='ocrx_word' id='word_1_415' title='bbox 1477 4316 1723 4370; x_wconf 87' lang='lat' dir='ltr'><strong>famulae</strong></span> <span class='ocrx_word' id='word_1_416' title='bbox 1789 4316 2154 4386; x_wconf 86' lang='lat' dir='ltr'><strong>collapsaque</strong></span> <span class='ocrx_word' id='word_1_417' title='bbox 2207 4314 2473 4369; x_wconf 89' lang='lat' dir='ltr'><strong>membra.</strong></span> <span class='ocrx_word' id='word_1_418' title='bbox 2558 4311 2888 4382; x_wconf 87' lang='lat' dir='ltr'><strong>suspicimus</strong></span> <span class='ocrx_word' id='word_1_419' title='bbox 2955 4314 3203 4384; x_wconf 86' lang='lat' dir='ltr'><strong>aliquem</strong></span> 
     </span>
     <span class='ocr_line' id='line_1_45' title="bbox 586 4393 3202 4465; baseline 0.001 -18"><span class='ocrx_word' id='word_1_420' title='bbox 586 4397 916 4449; x_wconf 85' lang='lat' dir='ltr'><strong>venerantes</strong></span> <span class='ocrx_word' id='word_1_421' title='bbox 969 4412 1030 4465; x_wconf 77' lang='lat' dir='ltr'><strong>p.</strong></span> <span class='ocrx_word' id='word_1_422' title='bbox 1119 4398 1187 4464; x_wconf 80' lang='lat' dir='ltr'><strong>cf.</strong></span> <span class='ocrx_word' id='word_1_423' title='bbox 1256 4395 1365 4451; x_wconf 80' lang='lat' dir='ltr'><strong>Vel.</strong></span> <span class='ocrx_word' id='word_1_424' title='bbox 1422 4396 1598 4465; x_wconf 75' lang='lat' dir='ltr'><strong>Lony.</strong></span> <span class='ocrx_word' id='word_1_425' title='bbox 1656 4412 1716 4464; x_wconf 79' lang='lat' dir='ltr'><strong>p.</strong></span> <span class='ocrx_word' id='word_1_426' title='bbox 1773 4400 1939 4451; x_wconf 89' lang='grc'><em>2226</em></span> <span class='ocrx_word' id='word_1_427' title='bbox 2002 4395 2155 4450; x_wconf 90' lang='lat' dir='ltr'><strong>aliud</strong></span> <span class='ocrx_word' id='word_1_428' title='bbox 2231 4397 2317 4450; x_wconf 89' lang='lat' dir='ltr'><strong>est</strong></span> <span class='ocrx_word' id='word_1_429' title='bbox 2384 4393 2533 4449; x_wconf 90' lang='lat' dir='ltr'><strong>enim</strong></span> <span class='ocrx_word' id='word_1_430' title='bbox 2597 4394 2840 4449; x_wconf 88' lang='lat' dir='ltr'><strong>amicum</strong></span> <span class='ocrx_word' id='word_1_431' title='bbox 2907 4395 3202 4465; x_wconf 88' lang='lat' dir='ltr'><strong>suscipere,</strong></span> 
     </span>
     <span class='ocr_line' id='line_1_46' title="bbox 586 4472 3201 4546; baseline 0 -19"><span class='ocrx_word' id='word_1_432' title='bbox 586 4472 743 4528; x_wconf 85' lang='lat' dir='ltr'><strong>aliud</strong></span> <span class='ocrx_word' id='word_1_433' title='bbox 788 4492 995 4545; x_wconf 88' lang='lat' dir='ltr'><strong>aquam</strong></span> <span class='ocrx_word' id='word_1_434' title='bbox 1041 4475 1325 4546; x_wconf 88' lang='lat' dir='ltr'><strong>succipere</strong></span> <span class='ocrx_word' id='word_1_435' title='bbox 1539 4473 1879 4545; x_wconf 84' lang='lat' dir='ltr'><strong>susceptum]</strong></span> <span class='ocrx_word' id='word_1_436' title='bbox 1931 4475 2087 4545; x_wconf 69' lang='lat' dir='ltr'><strong>Very.</strong></span> <span class='ocrx_word' id='word_1_437' title='bbox 2131 4475 2269 4529; x_wconf 81' lang='lat' dir='ltr'><strong>Aen.</strong></span> <span class='ocrx_word' id='word_1_438' title='bbox 2321 4474 2413 4529; x_wconf 90' lang='lat' dir='ltr'><strong>VI</strong></span> <span class='ocrx_word' id='word_1_439' title='bbox 2447 4480 2561 4532; x_wconf 86' lang='grc'><strong>629</strong></span> <span class='ocrx_word' id='word_1_440' title='bbox 2779 4481 2810 4529; x_wconf 89' lang='grc'><strong>6</strong></span> <span class='ocrx_word' id='word_1_441' title='bbox 2862 4473 3201 4545; x_wconf 87' lang='lat' dir='ltr'><strong>succipiunt]</strong></span> 
     </span>
     <span class='ocr_line' id='line_1_47' title="bbox 600 4550 3202 4627; baseline 0.002 -21"><span class='ocrx_word' id='word_1_442' title='bbox 600 4550 756 4623; x_wconf 65' lang='lat' dir='ltr'><strong>Vera.</strong></span> <span class='ocrx_word' id='word_1_443' title='bbox 803 4556 942 4611; x_wconf 77' lang='lat' dir='ltr'><strong>Aen.</strong></span> <span class='ocrx_word' id='word_1_444' title='bbox 993 4556 1163 4609; x_wconf 93' lang='lat' dir='ltr'><strong><em>IIII</em></strong></span> <span class='ocrx_word' id='word_1_445' title='bbox 1205 4560 1310 4611; x_wconf 85' lang='lat'><strong>391</strong></span> <span class='ocrx_word' id='word_1_446' title='bbox 1515 4559 1548 4607; x_wconf 88' lang='grc'><strong>8</strong></span> <span class='ocrx_word' id='word_1_447' title='bbox 1593 4553 1862 4608; x_wconf 88' lang='lat' dir='ltr'><strong>Accidere</strong></span> <span class='ocrx_word' id='word_1_448' title='bbox 1912 4555 2126 4624; x_wconf 86' lang='lat' dir='ltr'><strong>aliquid</strong></span> <span class='ocrx_word' id='word_1_449' title='bbox 2176 4555 2398 4610; x_wconf 84' lang='lat' dir='ltr'><strong>aduersi</strong></span> <span class='ocrx_word' id='word_1_450' title='bbox 2447 4557 2768 4627; x_wconf 88' lang='lat' dir='ltr'><strong>contingere</strong></span> <span class='ocrx_word' id='word_1_451' title='bbox 2818 4554 3033 4623; x_wconf 87' lang='lat' dir='ltr'><strong>aliquid</strong></span> <span class='ocrx_word' id='word_1_452' title='bbox 3080 4556 3202 4626; x_wconf 91' lang='lat' dir='ltr'><strong>pul-</strong></span> 
     </span>
     <span class='ocr_line' id='line_1_48' title="bbox 587 4631 3208 4707; baseline 0 -20"><span class='ocrx_word' id='word_1_453' title='bbox 587 4633 708 4688; x_wconf 89' lang='lat' dir='ltr'><strong>chri</strong></span> <span class='ocrx_word' id='word_1_454' title='bbox 753 4634 927 4690; x_wconf 87' lang='lat' dir='ltr'><strong>dicito</strong></span> <span class='ocrx_word' id='word_1_455' title='bbox 974 4651 1009 4694; x_wconf 88' lang='grc' dir='ltr'><strong><em>ς</em></strong></span> <span class='ocrx_word' id='word_1_456' title='bbox 1179 4635 1399 4690; x_wconf 82' lang='lat' dir='ltr'><strong>aduersi</strong></span> <span class='ocrx_word' id='word_1_457' title='bbox 1454 4631 1669 4702; x_wconf 87' lang='lat' dir='ltr'><strong>aliquid</strong></span> <span class='ocrx_word' id='word_1_458' title='bbox 1714 4634 1770 4686; x_wconf 91' lang='lat' dir='ltr'><em>B</em></span> <span class='ocrx_word' id='word_1_459' title='bbox 1939 4633 2155 4703; x_wconf 88' lang='lat' dir='ltr'><strong>aliquid</strong></span> <span class='ocrx_word' id='word_1_460' title='bbox 2210 4634 2456 4707; x_wconf 90' lang='lat' dir='ltr'><strong>pulchri]</strong></span> <span class='ocrx_word' id='word_1_461' title='bbox 2504 4635 2720 4706; x_wconf 87' lang='lat' dir='ltr'><strong>aliquid</strong></span> <span class='ocrx_word' id='word_1_462' title='bbox 2775 4634 3072 4704; x_wconf 89' lang='lat' dir='ltr'><strong>pulchrum</strong></span> <span class='ocrx_word' id='word_1_463' title='bbox 3132 4634 3208 4688; x_wconf 83' lang='lat' dir='ltr'><strong><em>M</em></strong></span> 
     </span>
     <span class='ocr_line' id='line_1_49' title="bbox 587 4713 3203 4785; baseline 0 -16"><span class='ocrx_word' id='word_1_464' title='bbox 587 4715 883 4785; x_wconf 88' lang='lat' dir='ltr'><strong>pulchrum</strong></span> <span class='ocrx_word' id='word_1_465' title='bbox 934 4718 1022 4770; x_wconf 89' lang='lat' dir='ltr'><strong>est</strong></span> <span class='ocrx_word' id='word_1_466' title='bbox 1069 4714 1187 4769; x_wconf 80' lang='lat' dir='ltr'><strong>BG</strong></span> <span class='ocrx_word' id='word_1_467' title='bbox 1329 4722 1396 4771; x_wconf 92' lang='lat'><strong>10</strong></span> <span class='ocrx_word' id='word_1_468' title='bbox 1449 4713 1606 4769; x_wconf 84' lang='lat' dir='ltr'><strong>Cales</strong></span> <span class='ocrx_word' id='word_1_469' title='bbox 1659 4713 1956 4768; x_wconf 88' lang='lat' dir='ltr'><strong>dicendum</strong></span> <span class='ocrx_word' id='word_1_470' title='bbox 1994 4714 2093 4769; x_wconf 89' lang='lat' dir='ltr'><strong>ubi</strong></span> <span class='ocrx_word' id='word_1_471' title='bbox 2140 4715 2384 4770; x_wconf 85' lang='lat' dir='ltr'><strong>maceria</strong></span> <span class='ocrx_word' id='word_1_472' title='bbox 2434 4718 2521 4771; x_wconf 90' lang='lat' dir='ltr'><strong>est</strong></span> <span class='ocrx_word' id='word_1_473' title='bbox 2568 4733 2669 4785; x_wconf 86' lang='lat' dir='ltr'><strong>per</strong></span> <span class='ocrx_word' id='word_1_474' title='bbox 2717 4733 2774 4771; x_wconf 88' lang='lat' dir='ltr'><strong>sc</strong></span> <span class='ocrx_word' id='word_1_475' title='bbox 2825 4730 2859 4773; x_wconf 80' lang='grc' dir='ltr'><strong><em>ς</em></strong></span> <span class='ocrx_word' id='word_1_476' title='bbox 2911 4715 3071 4771; x_wconf 90' lang='lat' dir='ltr'><strong>Calcs</strong></span> <span class='ocrx_word' id='word_1_477' title='bbox 3121 4715 3203 4770; x_wconf 89' lang='lat' dir='ltr'><strong>di-</strong></span> 
     </span>
     <span class='ocr_line' id='line_1_50' title="bbox 589 4792 3203 4865; baseline 0 -13"><span class='ocrx_word' id='word_1_478' title='bbox 589 4796 825 4852; x_wconf 89' lang='lat' dir='ltr'><strong>cendum</strong></span> <span class='ocrx_word' id='word_1_479' title='bbox 874 4796 973 4851; x_wconf 90' lang='lat' dir='ltr'><strong>ubi</strong></span> <span class='ocrx_word' id='word_1_480' title='bbox 1022 4796 1261 4852; x_wconf 85' lang='lat' dir='ltr'><strong>materia</strong></span> <span class='ocrx_word' id='word_1_481' title='bbox 1309 4798 1398 4851; x_wconf 89' lang='lat' dir='ltr'><strong>est</strong></span> <span class='ocrx_word' id='word_1_482' title='bbox 1445 4811 1547 4865; x_wconf 89' lang='lat' dir='ltr'><strong>per</strong></span> <span class='ocrx_word' id='word_1_483' title='bbox 1594 4811 1653 4849; x_wconf 89' lang='lat' dir='ltr'><strong>cs</strong></span> <span class='ocrx_word' id='word_1_484' title='bbox 1696 4810 1741 4862; x_wconf 78' lang='lat' dir='ltr'><strong>p</strong></span> <span class='ocrx_word' id='word_1_485' title='bbox 1970 4792 2099 4848; x_wconf 87' lang='lat' dir='ltr'><strong>Cals</strong></span> <span class='ocrx_word' id='word_1_486' title='bbox 2152 4795 2227 4848; x_wconf 84' lang='lat' dir='ltr'><strong><em>M</em></strong></span> <span class='ocrx_word' id='word_1_487' title='bbox 2236 4792 2284 4848; x_wconf 80' lang='grc' dir='ltr'><em>Ο</em></span> <span class='ocrx_word' id='word_1_488' title='bbox 2328 4795 2457 4851; x_wconf 86' lang='lat' dir='ltr'><strong>Clas</strong></span> <span class='ocrx_word' id='word_1_489' title='bbox 2506 4796 2590 4849; x_wconf 86' lang='lat' dir='ltr'><strong>B:</strong></span> <span class='ocrx_word' id='word_1_490' title='bbox 2645 4796 2717 4863; x_wconf 82' lang='lat' dir='ltr'><strong>cf.</strong></span> <span class='ocrx_word' id='word_1_491' title='bbox 2768 4796 2833 4851; x_wconf 80' lang='lat' dir='ltr'><strong>de</strong></span> <span class='ocrx_word' id='word_1_492' title='bbox 2881 4796 3009 4850; x_wconf 80' lang='lat' dir='ltr'><strong>dub.</strong></span> <span class='ocrx_word' id='word_1_493' title='bbox 3059 4812 3203 4852; x_wconf 76' lang='lat' dir='ltr'><strong>nom.</strong></span> 
     </span>
     <span class='ocr_line' id='line_1_51' title="bbox 582 4879 881 4945; baseline -0.007 -12"><span class='ocrx_word' id='word_1_494' title='bbox 582 4894 641 4945; x_wconf 81' lang='lat' dir='ltr'><strong>p.</strong></span> <span class='ocrx_word' id='word_1_495' title='bbox 682 4880 807 4943; x_wconf 72' lang='lat'><strong>574,</strong></span> <span class='ocrx_word' id='word_1_496' title='bbox 844 4879 881 4931; x_wconf 80' lang='lat'><em>7</em></span> 
     </span>
    </p>
   </div>
  </div>
 </body>
</html>
