3613 5528
598 376 732 438 494
1578 374 1931 430 ARVSIANI
1969 375 2210 430 MESSII

600 490 643 527 p.
673 478 753 517 248
780 476 831 518 L.

600 563 696 634 (V
733 562 868 636 8,6)
923 563 1222 641 primum
1278 560 1493 622 huius
1553 563 1759 622 uxori
1819 568 1929 622 est
1994 569 2217 621 mater
2274 607 2287 621 .
2348 569 2533 621 mater
2588 559 2773 640 iuius,
2829 558 3036 620 Cicero
3093 577 3207 639 pro

604 669 874 731 Cluentio
923 668 1121 743 (5,12)
1170 686 1320 729 nam
1369 667 1637 747 Sassia,
1684 667 1899 727 huius
1949 676 2170 728 mater
2215 667 2459 730 Habiti
2506 716 2520 728 .

776 773 1051 835 Moderor
1081 773 1225 856 illis,
1274 774 1385 835 Sal.
1418 773 1583 834 Catil.
1614 774 1857 849 (51,25)
1888 775 2093 834 cuius
2131 773 2352 834 libido
2390 773 2737 853 gentibus
2776 773 3206 835 moderatur.

781 858 973 942 M'otus
1020 881 1179 963 loco,
1225 880 1344 942 Cio.
1393 879 1557 942 Catil.
1605 879 1657 940 11
1705 881 1855 954 (LI)
1903 881 2060 942 loco
2107 880 2228 941 ille
2277 889 2508 942 motus
2555 891 2691 962 est,
2746 899 2897 942 cum
2954 889 3066 941 est
3123 899 3207 940 ex

603 1009 658 1051 u.
689 989 742 1050 d.
810 997 1006 1050 motus
1054 987 1125 1049 ab
1174 987 1272 1048 illo
1320 988 1476 1070 loco,
1524 987 1638 1048 Sal.
1686 987 1822 1048 hist.
1872 1006 2102 1068 neque
2151 1006 2253 1048 me
2300 988 2585 1049 diversa
2641 1007 2804 1068 pars
2850 990 2919 1048 in
2968 987 3204 1049 civili·
3237 1004 3267 1045 5

601 1096 730 1157 bus
777 1098 993 1157 armis
1039 1098 1258 1156 movit
1303 1114 1333 1155 a
1383 1114 1547 1155 vero
1597 1142 1609 1155 .

781 1203 1049 1264 Minister
1095 1202 1217 1284 his,
1265 1202 1377 1263 Sal.
1417 1201 1552 1262 hist.
1592 1201 1698 1262 1111
1747 1201 2199 1263 multitudini
2245 1203 2665 1286 ostendenS,
2711 1222 2915 1284 quam
2962 1203 3205 1264 colere

605 1310 1018 1391 plurimum,
1102 1319 1177 1370 ut
1249 1328 1399 1370 mox
1476 1310 1748 1389 cupitis
1821 1312 2223 1370 ministram
2296 1307 2621 1390 haberet,
2703 1310 3132 1372 decreverat
3192 1359 3207 1373 .

608 1420 877 1479 mInister
905 1417 1100 1498 huius,
1130 1416 1296 1496 Verg.
1330 1418 1470 1476 Aen.
1502 1415 1580 1475 xl
1611 1416 1799 1490 (658)
1829 1419 2171 1497 pacisque
2211 1416 2429 1477 bonas
2466 1416 2784 1498 bellique
2816 1421 3206 1480 ministras,

781 1522 935 1584 Mille
982 1522 1267 1584 librarum
1313 1533 1585 1585 mutuum
1634 1523 1822 1604 dedit,
1868 1524 2184 1584 Terentius
2229 1523 2438 1586 Heaut.
2487 1526 2629 1597 (III
2666 1526 2852 1600 3,40)
3240 1541 3296 1579 ιο

791 1632 906 1692 cui
953 1630 1442 1691 drachmarum
1488 1630 1663 1691 haec
1709 1633 1993 1711 argenti
2038 1634 2234 1692 mille
2280 1633 2589 1693 dederat
2635 1639 2947 1693 mutuum
2996 1678 3008 1691 .

783 1737 978 1799 Minus
1022 1736 1200 1798 habet
1247 1756 1391 1818 un0‚
1440 1736 1559 1798 Cic.
1607 1737 1678 1798 de
1726 1745 2004 1818 praetura
2054 1737 2275 1798 urbana
2324 1737 2523 1799 Verris
2571 1742 2663 1812 (in
2725 1740 2893 1800 Verr.
2932 1747 3051 1800 act.
3085 1758 3209 1800 sec.

608 1846 643 1905 I
686 1844 952 1919 57‚l49)
1000 1853 1077 1904 ut
1123 1862 1260 1905 uno
1308 1846 1541 1905 minus
1587 1851 1777 1905 teste
1825 1843 2123 1904 haberet
2169 1844 2488 1905 Habonio
2538 1894 2550 1907 .

785 1951 1010 2012 Nomen
1051 1951 1133 2012 illi
1171 1950 1428 2031 Vergilio
1477 1960 1594 2033 est,
1642 1950 1810 2030 Verg.
1850 1969 2048 2032 georg.
2087 1951 2193 2011 1111
2234 1953 2418 2026 (271)
2466 1954 2582 2012 oui
2629 1971 2878 2014 nomen
2927 1952 3211 2014 amello:

607 2061 691 2120 sic
759 2067 819 2120 et
882 2059 1023 2120 Aen.
1090 2057 1242 2118 VIIII
1307 2059 1494 2134 (593)
1562 2062 1678 2120 cui
1741 2057 2037 2118 Remulo
2105 2049 2494 2138 cognomen
2560 2068 2715 2119 erat
2768 2107 2782 2120 .
2846 2077 3057 2120 nomen
3127 2059 3299 2121 illins

607 2166 897 2246 Vergilius
945 2172 1061 2245 est,
1108 2164 1263 2226 idem
1312 2165 1452 2226 Aen.
1502 2164 1629 2225 Vlll
1677 2166 1862 2238 (358)

1008 2272 1408 2334 Ianiculum
1456 2272 1650 2351 huie,
1699 2277 1816 2335 illi
1860 2274 2100 2335 suerat
2147 2275 2484 2334 Saturnia
2532 2292 2810 2354 nomen,

608 2381 742 2441 Ter.
781 2379 959 2459 Hecy.
1008 2382 1186 2457 (prol.
1224 2381 1289 2452 1)
1329 2381 1625 2458 Hecyra
1674 2391 1781 2440 est
1828 2380 1994 2442 huic
2041 2399 2290 2442 nomen
2340 2379 2647 2442 fabulae:
2695 2380 2807 2440 Sal.
2848 2380 2980 2441 hist.
3020 2379 3095 2440 ΙΙΙ
3136 2379 3211 2441 de

607 2488 849 2549 ssumiue
924 2504 1141 2567 genere
1218 2495 1430 2547 neutro
1507 2504 1901 2566 nomenque
1977 2486 2389 2548 Danubium·
2447 2485 2657 2548 habet
2723 2535 2734 2548 .
2806 2505 3019 2548 nomen
3096 2486 3213 2547 illis

610 2594 928 2675 Vergilium
975 2595 1200 2675 posuit,
1245 2593 1537 2674 Vergilius
1583 2593 1877 2654 Aeneidos
1925 2595 2174 2672 septimo
2223 2593 2367 2667 (63)
3244 2611 3302 2651 20

989 2699 1532 2781 Laurentesque
1580 2699 1662 2761 ab
1709 2718 1784 2760 ea
1836 2718 2086 2760 nomen
2134 2703 2462 2782 posuisse
2512 2701 2820 2784 colonIS‚

608 2812 763 2872 idem
813 2810 953 2869 Aen.
1001 2808 1080 2868 111
1127 2810 1262 2883 (18)

1018 2916 1533 2997 Aeneadasque
1581 2936 1730 2978 meo
1779 2936 2031 2978 nomeu
2078 2918 2158 2977 de
2210 2920 2487 2979 nomine
2537 2918 2731 2997 fingo
2780 2966 2792 2977 .

785 3023 1037 3084 Nescius
1081 3022 1195 3083 hoc
1243 3023 1466 3107 Iacere,
1511 3023 1681 3104 Verg.
1730 3043 1928 3104 georg.
1978 3023 2026 3083 11
2074 3025 2273 3097 (467)

1114 3137 1183 3190 at
1229 3148 1484 3192 secura
1532 3133 1738 3210 quies
1785 3140 1856 3193 et
1901 3133 2150 3193 nescia
2199 3129 2451 3192 fallere
2500 3133 2639 3192 vita
2690 3181 2702 3192 .
3244 3149 3302 3188 25

649 3274 788 3282 -·-—·---
845 3273 964 3280 ———-
979 3273 1032 3278 -..-

789 3349 970 3403 Codex
1012 3347 1309 3402 Parrhasii
1378 3354 1410 3400 2
1452 3346 1661 3417 Sassia]
1701 3346 1746 3400 si
1787 3346 1917 3401 Asia
2078 3347 2240 3402 huius
2289 3351 2605 3419 corrigendo
2651 3352 2915 3419 scriptum
2959 3355 3035 3404 est
3181 3357 3215 3405 8

608 3433 675 3485 ut
711 3445 840 3484 mox
876 3428 1032 3498 eupit
1064 3428 1114 3482 is
1151 3427 1467 3482 ministrum
1505 3426 1710 3482 habere
1855 3434 1887 3482 9
1916 3427 2113 3498 bonas]
2142 3428 2319 3483 bonus
2465 3437 2529 3484 11
2570 3431 2658 3485 oui
2686 3430 3044 3499 dragmarum
3073 3429 3216 3484 haee

610 3517 831 3589 argenti
866 3516 1050 3571 minus
1086 3516 1259 3571 habet
1402 3522 1468 3570 13
1505 3515 1785 3577 Habonio]
1822 3503 2065 3571 habetne
2214 3524 2276 3572 15
2315 3519 2497 3592 VIIII]
2538 3520 2667 3572 VIII
2813 3526 2877 3573 17
2916 3518 3003 3574 illi
3039 3535 3140 3573 om.

614 3606 678 3653 18
716 3599 933 3667 Hecyra
968 3613 1069 3651 om.
1252 3597 1361 3652 Sal.
1408 3596 1534 3650 hist.
1583 3595 1661 3649 III
1707 3612 1847 3664 opus
1894 3596 1953 3650 in
2003 3600 2293 3667 acceptum
2340 3600 2561 3652 rettulit
2605 3600 2673 3654 de
2721 3599 2971 3665 flumine,
3025 3601 3119 3654 sed
3164 3617 3215 3655 v.

609 3695 748 3748 opus
793 3678 850 3732 in
897 3680 1191 3747 acceptum
1228 3676 1450 3731 rettulit
1484 3676 1668 3730 deletis
1821 3681 1888 3730 20
1927 3676 2261 3749 Vergilium]
2300 3676 2581 3749 Vergilius
2734 3685 2800 3732 22
2843 3680 3001 3751 Aen.]
3040 3696 3217 3735 aenae

609 3766 677 3813 23
715 3760 1046 3826 Aeneaeque
1197 3762 1264 3811 25
1304 3759 1365 3812 at
1411 3773 1604 3812 secura
1629 3784 1701 3797 --
1727 3754 2003 3825 vitapost
2039 3760 2198 3822 495,1
2239 3760 2466 3827 pectora
2499 3759 2710 3828 scripta
2744 3764 2875 3814 sunt
3016 3759 3219 3814 fallare

611 3899 710 3905 ’.ΕΑ
759 3898 770 3903 φ
793 3898 848 3902 ω-
873 3895 1034 3903 --—-—-

791 3978 819 4026 1
860 3969 1046 4025 uxoris
1082 3972 1170 4024 est
1205 3972 1411 4026 codices
1452 3971 1696 4025 Terentii
1837 3977 1869 4024 2
1911 3986 2038 4024 nam
2078 3970 2263 4026 Sassia
2300 3972 2486 4026 Cicero
2641 3979 2673 4028 3
2711 3973 2994 4045 Moderor]
3037 3974 3215 4029 Prisc.

612 4056 645 4108 l.
690 4052 936 4106 XVIII
966 4069 1024 4120 p.
1063 4056 1179 4107 273
1322 4059 1356 4105 4
1395 4069 1520 4106 eum
1558 4052 1698 4106 haec
1736 4053 1791 4105 et
1828 4071 1879 4106 v.
1919 4052 1970 4105 d.
2010 4051 2079 4117 G,
2118 4069 2243 4107 cum
2290 4052 2429 4108 haee
2466 4069 2533 4107 ex
2569 4054 2706 4108 urbe
2743 4054 3007 4124 depulsus
3043 4056 3219 4110 edidit

612 4136 1048 4197 Lindemannus,
1086 4149 1212 4186 eum
1250 4135 1336 4187 est
1372 4149 1438 4186 ex
1476 4132 1611 4187 urbe
1639 4132 1906 4202 depulsus
1935 4131 2140 4186 codices
2169 4134 2446 4188 Ciceronis
2590 4140 2620 4188 5
2652 4133 2761 4188 Sal.
2792 4134 2923 4187 hist.
2955 4135 2976 4187 1
3009 4135 3082 4187 M
3108 4177 3119 4188 .
3152 4137 3217 4188 in

610 4215 931 4285 fraymemis
952 4213 1127 4282 primi
1153 4213 1506 4267 historiarum
1536 4212 1667 4266 libri
1685 4217 1991 4281 posuerunt
2020 4213 2247 4268 editores
2267 4214 2524 4269 Sallustii
2632 4221 2660 4269 7
2684 4215 3031 4271 multitudini
3059 4216 3215 4271 obse·

611 4311 981 4365 quens‚qnam
1002 4293 1181 4348 colere
1201 4293 1519 4362 plurimum,
1537 4295 1601 4348 ut
1617 4310 1745 4348 mox
1765 4292 1970 4363 cupitis
1990 4291 2302 4348 ministram
2321 4294 2569 4359 haberet,
2583 4295 2907 4350 decreverat
2917 4296 3221 4350 Houvenus

605 4394 664 4445 p.
704 4380 777 4430 43
817 4418 828 4430 .
868 4372 1216 4428 multitudini
1264 4390 1325 4428 se
1359 4373 1656 4428 ostendens
1691 4391 1801 4443 sqq.
1841 4374 2067 4427 coniecit
2112 4373 2386 4429 Linkerus
2434 4375 2569 4431 Sall.
2607 4376 2729 4429 hist.
2758 4391 2996 4443 prooem.
3035 4394 3094 4445 p.
3144 4384 3215 4433 15

684 4462 716 4511 9
757 4456 929 4511 bonos
967 4454 1212 4524 bellique
1248 4452 1532 4509 ministros
1568 4472 1634 4509 ea:
1676 4454 1729 4509 G
1764 4455 1938 4509 edidit
1974 4452 2393 4509 Lindemannus
2557 4461 2618 4509 11
2660 4456 2790 4509 huie
2825 4456 3215 4511 drachmarum

612 4537 751 4591 haec
787 4533 1007 4606 argenti
1044 4534 1199 4590 mille
1236 4534 1470 4590 dederat
1504 4536 1760 4589 mutuum
1798 4536 2005 4589 codices
2048 4534 2287 4589 Terentii
2324 4577 2337 4589 .
2375 4535 2528 4603 apud
2566 4535 2910 4589 Arusianum
2960 4537 3218 4591 lacunam

609 4618 883 4685 supplevit
918 4621 968 4670 et
1002 4617 1144 4671 duas
1180 4616 1499 4670 elocutiones
1535 4617 1794 4671 distinxit
1830 4616 2133 4670 Honos-nus
2166 4633 2221 4684 p.
2261 4619 2332 4669 39
2492 4619 2556 4668 18
2596 4613 2708 4670 Sal.
2748 4615 2876 4669 hist.
2916 4615 3016 4685 ΙΙΙ]
3051 4615 3214 4670 schol.

614 4697 743 4750 Aer.
793 4697 855 4750 in
891 4696 1029 4750 Hor.
1069 4713 1119 4751 a.
1152 4712 1211 4765 p.
1249 4700 1323 4750 18
1359 4695 1666 4750 notandum
1710 4694 1917 4750 flumen
1963 4693 2219 4749 Rhenum
2275 4712 2478 4764 genere
2534 4696 2757 4750 neutro:
2832 4695 3110 4751 Salustius
3156 4697 3217 4752 in

611 4777 862 4832 historiis
903 4778 1128 4831 ‘nomen
1165 4774 1481 4830 Danubium
1520 4776 1714 4831 habet’
1873 4782 1940 4830 23
1977 4776 2381 4845 Aeneadasque
2429 4776 2702 4846 Veryt'lius
2852 4781 2921 4830 24
2959 4774 3216 4846 Nescius]

614 4857 858 4911 ordinem
893 4857 1177 4912 verborum
1211 4857 1276 4911 in
1311 4855 1491 4911 codice
1522 4856 1908 4927 perturbatum
1944 4857 2185 4910 restituit
2220 4856 2522 4911 Houvenus
2549 4873 2609 4926 p.
2649 4861 2721 4911 40
