3613 5528
1358 394 1498 451 ARS
1554 395 2045 453 GRAMMATICA
2876 396 3001 462 371

407 601 524 663 quo
564 600 777 643 nomen
816 584 1179 662 grammatici
1217 601 1289 643 ex
1328 580 1524 643 verbis
1562 580 1783 644 Cuiacii
1824 600 2001 664 supra
2040 584 2306 664 scriptiS,
2352 603 2500 664 quae
2550 585 2792 646 editioni
2841 603 3005 665 prae·

406 690 630 770 posuit,
683 691 915 771 petivit3
971 691 1212 750 tertium
1260 697 1456 751 autem
1505 689 1721 751 librum
1767 688 1915 751 dixit
1974 697 2319 773 propterea,
2376 692 2532 772 quod
2590 694 3007 772 grammaticus

407 795 555 857 duos
601 795 785 858 libros
830 806 1001 858 antea
1037 815 1070 858 a
1117 816 1182 858 se
1230 800 1486 877 scriptos
1532 798 1592 858 in
1628 798 1992 878 praefatione
2032 797 2211 859 huius
2255 801 2442 879 partis
2478 818 2533 879 p.
2571 797 2612 859 2
2651 797 2742 859 ed.
2793 797 3006 859 Boeck.

407 904 722 985 significat,
766 896 893 986 πρὸ
930 896 1176 967 τούτου
1210 895 1337 986 γὰρ
1378 898 1577 967 δυσὶν
1612 902 1901 985 βιβλίοις
1939 901 2326 988 συνέγραψα
2362 898 2581 968 πάντα
2614 897 2695 967 τὰ
2732 897 3010 987 ῥήματα,

407 1001 449 1071 ἃ
494 1002 855 1092 ἠδυνήθην
908 1009 989 1095 τῇ
1043 1003 1326 1095 ἡμετέρᾳ
1381 1005 1726 1095 ἑρμηνείᾳ,
1783 1002 1909 1073 ὅσα
1964 1004 2292 1091 ἀναγκαῖα
2347 1002 2834 1094 ὑπολαμβάνω,
2897 1008 3008 1075 καὶ

409 1110 577 1194 ὅλως
642 1110 769 1181 ὅσα
832 1110 1080 1201 ὠφελεῖ
1137 1108 1529 1199 ἀνθρώποις
1600 1120 1909 1199 φιληταῖς
1979 1117 2097 1200 τῆς
2168 1116 2401 1193 λαλιᾶς
2474 1116 2811 1202 ρωμαικῆς
2886 1112 3008 1182 οὐκ

409 1223 719 1290 edievam
762 1221 873 1289 καὶ
920 1223 995 1290 ἐν
1027 1219 1244 1314 τούτῳ
1281 1226 1373 1314 τῷ
1410 1226 1650 1312 βιβλίῳ
1687 1229 2123 1309 προσθεῖναι,
2168 1225 2285 1289 ἵνα
2324 1225 2474 1310 ἔχῃς
2511 1217 2685 1289 ὅπου
2721 1219 3008 1289 σεαυτὸν

409 1326 783 1416 γυμνάσῃς,
829 1324 994 1396 ἀλλὰ
1041 1328 1151 1396 καὶ
1198 1325 1489 1417 εὐτυχῶς
1532 1330 1789 1407 τέκνοις
1836 1341 1982 1407 σοῖς
2025 1333 2385 1418 καταλίπῃς
2423 1327 2864 1417 μνημόσυνον
2898 1329 3008 1397 καὶ

407 1433 778 1523 ὑπόδειγμα
842 1441 1259 1523 φιλοπονιῶν
1324 1456 1450 1504 σου
1514 1450 1656 1504 ante
1716 1446 1880 1505 hunc
1936 1446 2093 1505 enim
2149 1444 2383 1505 duobus
2437 1444 2613 1504 libris
2669 1446 3012 1520 conscripsi

408 1553 609 1612 omnia
648 1552 835 1612 verba
871 1569 1030 1626 quae
1067 1554 1244 1629 potui
1285 1557 1496 1611 nostra
1544 1553 2063 1627 interpretatione,
2110 1569 2269 1627 quae
2315 1552 2670 1613 necessaria
2716 1551 3008 1625 arbitror,

409 1665 467 1719 et
531 1660 768 1719 omnino
832 1676 990 1734 quae
1056 1664 1314 1735 prosunt
1385 1659 1722 1720 hominibus
1794 1661 2170 1721 amatoribus
2242 1663 2517 1736 loquelae
2587 1661 2819 1720 latinae
2890 1677 3009 1721 non

412 1768 686 1828 dubitavi
729 1773 787 1828 et
831 1768 947 1827 hoc
991 1768 1147 1828 libro
1194 1768 1470 1842 adicere,
1534 1775 1603 1827 ut
1646 1767 1877 1827 habeas
1930 1768 2038 1828 ubi
2082 1775 2140 1829 te
2186 1772 2378 1845 ipsum
2424 1785 2746 1847 exerceas,
2798 1770 2911 1828 sed
2952 1774 3011 1829 et

404 1874 674 1951 feliciter
720 1874 928 1936 liberis
975 1877 1093 1935 tuis
1139 1876 1450 1949 relinquas
1496 1877 1844 1936 memoriam
1881 1882 1942 1937 et
1977 1879 2314 1954 exemplum
2349 1877 2688 1936 studiorum
2725 1883 2965 1936 tuorum
2995 1923 3007 1935 .

411 1982 555 2043 haec
602 1983 761 2043 enim
808 1983 887 2042 ita
932 1982 1358 2061 interpretatus
1404 1991 1522 2063 est,
1567 1988 1635 2043 ut
1670 1984 1928 2062 primum
1964 1982 2181 2044 librum
2221 1982 2293 2044 ad
2330 1989 2517 2043 artem
2554 1984 3009 2065 grammaticam,

411 2088 740 2150 secundum
795 2088 865 2149 ad
923 2087 1289 2151 elocutiones
1345 2097 1405 2151 et
1458 2088 1683 2169 glossas
1736 2097 1875 2170 post
1934 2099 2123 2152 artem
2179 2091 2431 2170 scriptas
2487 2090 2768 2169 referret,
2833 2091 3008 2150 tertio

411 2206 606 2259 autem
654 2194 807 2257 libro
852 2215 885 2257 a
933 2198 1213 2276 magistro
1259 2214 1329 2258 ea
1375 2214 1524 2277 quae
1572 2196 1642 2258 ad
1692 2196 2055 2258 exercendos
2102 2196 2424 2277 discipulos
2482 2215 2552 2257 ex
2610 2197 2786 2258 variis
2843 2193 3008 2257 libris

412 2307 591 2385 petita
620 2322 757 2367 cum
796 2322 1005 2385 graeca
1043 2306 1531 2386 interpretatione
1561 2305 1901 2384 scripsisset
1927 2304 2354 2385 comprehensa
2383 2322 2514 2365 esse
2554 2298 3008 2389 existimaret.*)

410 2419 615 2492 postea
659 2410 907 2492 glossae,
952 2412 1278 2472 sententiae
1327 2418 1388 2471 et
1431 2409 1717 2490 epistulae
1767 2409 2062 2485 Hadriani,
2109 2409 2337 2473 fabulae
2385 2412 2698 2494 Aesopiae,
2743 2431 2894 2492 quae
2948 2414 3006 2474 in

414 2518 777 2598 Sangallensi
849 2517 1051 2580 codice
1124 2517 1432 2599 leguntur,
1515 2517 1909 2597 fragmentum
1991 2516 2065 2579 de
2141 2519 2700 2581 manumissionibus
2773 2518 2914 2580 olim
2977 2540 3010 2580 a

412 2625 656 2687 Pithoeo
713 2625 938 2687 editum
1000 2634 1062 2686 et
1123 2633 1432 2706 praeterea
1486 2622 1597 2684 alia
1653 2623 1955 2704 complura
2013 2628 2157 2687 varii
2213 2629 2547 2706 argumenti
2601 2628 2743 2688 item
2798 2645 3008 2706 graece

419 2741 481 2796 et
523 2732 702 2795 latine
750 2735 997 2816 scripta,
1045 2732 1256 2814 Hygini
1301 2731 1665 2815 genealogia,
1719 2734 1980 2795 narratio
2036 2732 2108 2795 de
2164 2733 2317 2796 bello
2372 2733 2655 2816 Troiano,
2720 2734 3011 2797 cotidiana

413 2844 809 2923 conversatio,
864 2844 924 2902 in
982 2841 1184 2903 codice
1230 2840 1534 2923 Leidensi,
1597 2843 1699 2920 qui
1756 2849 1848 2902 est
1901 2843 2059 2902 inter
2115 2841 2349 2903 codices
2395 2841 2708 2903 Vossianos
2765 2860 3010 2923 graecos

415 2951 632 3012 formae
682 2949 999 3030 quadratae
1046 2968 1102 3011 n.
1152 2946 1218 3030 7,
1263 2951 1499 3010 inventa
1545 2954 1686 3008 sunt
1715 2996 1729 3010 .
1759 2966 1938 3028 quem
1984 2948 2251 3011 codicem
2296 2948 2714 3011 Valckenarius
2760 2949 3007 3011 miscell.

413 3056 642 3118 observ.
690 3059 819 3119 crit.
867 3076 917 3119 v.
963 3056 1015 3116 X
1061 3050 1140 3140 (a.
1191 3049 1392 3139 1739)
1439 3075 1495 3137 p.
1548 3052 1673 3118 108
1719 3057 2054 3118 accuratius
2110 3055 2451 3138 descripsit,
2505 3064 2818 3137 postquam
2873 3066 3008 3118 ante

414 3183 550 3226 eum
613 3163 711 3225 alii
774 3164 982 3226 eodem
1055 3164 1258 3227 codice
1322 3167 1419 3226 usi
1490 3155 1773 3247 sunt.**)
1883 3162 2300 3226 Valckenarius
2363 3172 2588 3240 autem,
2653 3182 3009 3244 quamquam

552 3364 603 3436 ⁴)
641 3365 898 3422 Goldasti
934 3364 1220 3420 adnotatio
1258 3363 1331 3419 ad
1367 3363 1539 3418 verba
1572 3362 1928 3433 grammatici
1961 3380 2130 3433 supra
2165 3365 2379 3437 scripta
2412 3366 2499 3420 est
2535 3365 2700 3433 haec,
2741 3363 2910 3419 ‘Nam
2940 3364 3009 3420 de

410 3447 534 3502 tota
577 3463 637 3503 re
683 3444 1064 3502 Grammatica
1110 3446 1221 3500 tres
1266 3444 1440 3501 libros
1485 3443 1816 3514 conscripsit
1859 3443 2158 3500 admodum
2207 3440 2537 3517 conquisito.
2620 3444 2809 3500 Primo
2865 3444 3009 3498 libro

411 3527 714 3597 proletaria
756 3524 1076 3594 exsequitur
1119 3526 1179 3579 et
1221 3525 1447 3594 passiva
1490 3524 1590 3580 illo
1637 3524 1707 3580 de
1752 3528 1878 3580 octo
1924 3522 2191 3580 orationis
2235 3525 2489 3597 partibus
2534 3526 2837 3596 praecepta
2882 3542 3008 3580 cum

411 3606 688 3663 industria
734 3649 746 3662 .
792 3606 986 3660 Altero
1043 3602 1382 3674 simplicium
1437 3604 1838 3661 vocabulorum
1893 3604 2293 3675 significantias
2356 3606 2556 3674 tradit,
2619 3604 2678 3659 in
2739 3603 2809 3659 iis
2871 3621 3008 3673 quas

410 3688 899 3754 Nomenclaturas,
956 3686 1014 3739 et
1067 3684 1124 3739 in
1170 3685 1239 3741 iis
1286 3702 1423 3755 quas
1472 3686 1695 3741 Glossas
1750 3702 2015 3741 vocamus
2060 3686 2177 3742 sive
2223 3685 2427 3742 Lexica
2473 3730 2486 3743 .
2533 3686 2851 3741 Postremus
2907 3684 3010 3739 has

411 3768 660 3823 continet
685 3767 752 3822 D.
780 3766 1012 3821 Adriani
1046 3767 1407 3843 Imperatoris
1445 3765 1761 3823 Sententiae
1799 3769 1859 3821 et
1894 3764 2200 3837 Epistolas,
2237 3784 2363 3822 cum
2400 3767 2528 3822 aliis
2566 3767 2803 3822 aliorum
2839 3764 3005 3821 dictis

411 3850 471 3903 et
505 3847 753 3918 scriptis,
791 3863 937 3916 quae
975 3846 1163 3903 nescio
1200 3864 1438 3916 quornm
1474 3844 1688 3900 desidie
1722 3862 1795 3900 an
1833 3845 2035 3901 iniuria
2069 3848 2328 3902 truncata
2364 3848 2717 3918 peritarunt’.

526 3930 611 3997 *ἢ
663 3929 728 3983 In
792 3926 1052 3997 catalogo
1107 3925 1480 3982 bibliothecae
1542 3924 1800 3996 publicae
1860 3925 2170 3995 Lugduno-
2189 3926 2438 3982 Batavae
2502 3943 2553 3983 a.
2606 3933 2739 3984 1716
2803 3946 2857 3998 p.
2906 3932 3009 3983 395

410 4009 585 4064 codex
619 4008 919 4064 Vossianus
963 4007 1241 4063 indicatus
1285 4008 1372 4063 est
1414 4005 1522 4075 ita,
1582 4005 1849 4063 ‘Glossae
1894 4005 2148 4062 Dosithei
2194 4005 2710 4076 Graeco-Latinae,
2763 4006 2860 4077 qui
2906 4006 3008 4062 sub

409 4089 695 4145 Hadriano
722 4088 890 4157 vixit,
919 4086 1077 4142 cuius
1106 4086 1393 4157 complura
1419 4089 1672 4143 recenset
1695 4086 2198 4158 apophthegmata,
2244 4088 2470 4159 egregie
2498 4087 2751 4157 scripta’,
2786 4085 3009 4141 nomine

411 4168 696 4239 scriptoris
751 4186 877 4225 cum
934 4168 1257 4225 definitione
1314 4168 1582 4238 temporis
1629 4171 1858 4238 propter
1921 4166 2235 4223 sententias
2299 4170 2358 4223 et
2420 4169 2685 4238 epistulas
2741 4164 3008 4221 Hadriani

408 4250 601 4305 addito
640 4290 653 4302 .
692 4267 822 4305 nam
859 4249 917 4304 in
956 4248 1145 4305 codice
1181 4251 1309 4320 post
1345 4248 1770 4304 Innocentianas
1808 4246 2116 4303 decretales
2150 4247 2209 4302 in
2247 4247 2426 4318 primo
2463 4248 2601 4304 folio
2639 4246 2902 4315 scriptas,
2947 4246 3012 4299 ut

409 4328 493 4384 ait
518 4328 889 4400 Boeckingius
925 4328 1097 4400 praef.
1127 4346 1179 4398 p.
1208 4327 1338 4382 XVI
1367 4329 1518 4395 (nam
1553 4328 1674 4398 ipse
1713 4326 1960 4382 codicem
1999 4344 2109 4383 non
2146 4327 2302 4397 vidi),
2338 4328 2445 4382 hoc
2483 4329 2569 4382 est
2606 4327 2734 4382 libri
2771 4325 3008 4394 initium,

410 4408 494 4464 ἔτι
526 4407 700 4465 πλέον
737 4415 839 4465 aut
874 4410 1142 4479 amplius,
1188 4407 1287 4462 καὶ
1323 4410 1513 4477 μεῖζον
1550 4414 1599 4463 et
1634 4410 1843 4475 maia-5,
1889 4408 1986 4462 καὶ
2026 4402 2496 4476 ἐλευθεριώτερον
2534 4413 2582 4463 et
2619 4407 2867 4471 liberius,
2914 4404 3006 4459 καὶ

408 4488 780 4559 πληρέστερον
831 4495 881 4545 et
924 4491 1150 4562 plenius
1203 4487 1301 4543 καὶ
1353 4483 1706 4558 ὖπέρμεστον
1760 4495 1812 4545 et
1864 4489 2378 4555 cumulatissimum,
2443 4485 2846 4555 ciuitatiumque:
2902 4481 3009 4555 γάρ

409 4571 667 4640 laryitius
687 4572 829 4626 enim
851 4613 864 4626 .
894 4571 1112 4639 aliquot
1137 4567 1389 4625 versibus
1415 4570 1547 4638 post
1571 4569 1628 4623 in
1657 4569 1854 4625 eadem
1883 4570 2092 4640 pagina
2118 4571 2424 4638 sequuntur
2459 4569 2678 4637 glossae
2714 4566 3008 4622 verborum

411 4650 604 4707 ordine
639 4650 953 4707 litterarum
982 4650 1293 4720 descriptae
1331 4666 1455 4703 cum
1492 4648 1649 4704 brevi
1686 4649 2061 4719 praefatione,
2099 4644 2378 4704 ἀποδώσω
2417 4640 2521 4703 οὖν
2558 4644 2627 4704 τὰ
2665 4643 2833 4703 λοιπὰ
2863 4644 3007 4704 κατὰ

409 4736 700 4799 στοιχεῖον,
727 4726 955 4798 πράσσω
973 4732 1199 4786 reddam
1223 4746 1348 4800 erpo
1374 4735 1549 4786 cetera
1576 4747 1681 4799 per
1706 4730 1937 4797 litteras,
1963 4748 2067 4801 ayo
2095 4733 2219 4797 etc„
2248 4730 2448 4786 deinde
2477 4731 2695 4802 glossae
2722 4728 3007 4784 nominum

409 4809 688 4881 capitibus
723 4811 956 4880 triginta
993 4814 1120 4866 octo
1150 4809 1458 4878 dispositae
1487 4813 1547 4865 et
1573 4827 1699 4864 cum
1725 4809 1926 4879 glossis
1955 4811 2161 4867 codicis
2191 4811 2571 4882 Sangallensis
2600 4809 3010 4866 consentientes

410 4907 536 4945 cum
572 4889 946 4960 praefatione,
1003 4885 1107 4961 ἐμῇ
1160 4888 1448 4964 ἐπιμελείᾳ
1494 4889 1590 4945 καὶ
1629 4893 1932 4963 φιλοπονίᾳ
1979 4891 2306 4963 μετέγραψα
2343 4892 2505 4948 τοῦτο
2544 4887 2605 4946 τὸ
2644 4892 2857 4964 βιβλίον
2893 4908 3010 4947 mea
