3613 5528
552 356 557 359 .
588 397 714 464 188
784 441 799 449 -
1669 397 2129 454 cAsstoml

581 512 624 550 p.
653 502 762 541 2305
791 502 842 542 P.
2195 496 2211 514 ⁸

760 585 900 646 Bam
949 594 1010 646 et
1053 584 1169 646 ban
1215 582 1463 664 syllabas
1510 602 1646 645 cum
1694 582 1824 645 aliis
1871 583 2169 645 vocalibus
2231 587 2291 645 in
2340 587 2700 647 nominativo
2749 604 2888 647 casu
2933 604 2968 645 a
3016 584 3197 645 latino

583 710 856 754 sermone
904 691 1227 753 abho‘rrere
1273 694 1683 775 cognovimus,
1730 699 1979 772 excepto
2021 710 2259 755 novem:
2306 694 2597 772 significat
2633 701 2830 754 autem
2878 692 3200 754 indeclina-

582 798 761 860 bilem
808 808 1153 881 numerum,
1198 802 1302 880 qui
1346 818 1458 879 per
1494 819 1529 857 v
1569 799 1882 862 scribitur:
1932 802 2148 861 notatis
2195 801 2370 860 etiam
2420 799 2772 879 quibusdam
2812 799 3199 880 neutralibus,

581 926 732 989 quae
777 905 1157 987 postmodum
1206 905 1335 965 aliis
1382 905 1746 967 subiciemus
1791 906 2129 985 generibus.

757 1013 873 1074 Bar
918 1022 979 1074 et
1025 1013 1132 1074 ber
1179 1011 1428 1093 syllabae
1479 999 1826 1075 terminatae
1875 1032 1981 1093 per
2027 1012 2066 1073 b
2114 1021 2336 1075 mutam
2384 1012 2742 1099 scribentur,
2789 1017 2838 1075 si
2886 1013 3194 1094 disyllabo·
3230 1029 3259 1069 5

587 1139 721 1181 rum
769 1138 887 1181 non
936 1121 1317 1200 egrediantur
1362 1137 1710 1202 numerum,
1762 1138 2017 1200 quorum
2069 1120 2416 1182 naturaliter
2471 1122 2642 1201 longa
2690 1124 2930 1184 minime
2976 1120 3203 1182 carebit

585 1227 971 1310 paenultima,
1026 1227 1084 1288 id
1140 1236 1234 1289 est
1291 1230 1344 1289 si
1389 1247 1507 1290 non
1569 1228 1790 1289 luerint
1847 1226 2170 1307 trisyllaba,
2231 1246 2381 1308 quae
2430 1228 2756 1290 naturalem
2801 1228 3034 1309 longam
3083 1248 3200 1290 non

584 1332 888 1395 habebunt
946 1334 1399 1417 paenultimam,
1456 1342 1525 1397 ut
1583 1332 1754 1396 iubar
1819 1332 1969 1396 liber
2028 1334 2220 1396 imber
2280 1334 2430 1395 uber
2491 1334 2656 1396 faber
2716 1335 2899 1396 suber
2957 1334 3204 1396 coluber

583 1439 889 1502 Mulciber.
973 1444 1023 1502 si
1066 1443 1237 1515 ‘enim
1304 1441 1602 1523 trisyllaba
1663 1443 1883 1504 luerint
1958 1443 2155 1502 neutri
2211 1444 2475 1523 generis,
2530 1460 2681 1521 quae
2736 1442 2970 1522 longam
3024 1461 3200 1522 paen·

585 1547 849 1609 ultimam
911 1548 1260 1610 naturaliter
1318 1549 1651 1630 habebunt,
1723 1568 1833 1629 per
1893 1568 1926 1607 v
1989 1549 2249 1610 vocalem
2309 1549 2438 1609 loco
2501 1550 2752 1628 positam
2817 1550 3200 1610 consonantis
3235 1566 3287 1603 ιο

591 1663 905 1737 notentur,
950 1664 1017 1716 ut
1053 1655 1301 1717 cadaver
1346 1673 1601 1736 papaver
1648 1663 1708 1715 et
1754 1654 1983 1716 similia.
2058 1674 2191 1716 nam
2238 1654 2474 1737 pulver,
2523 1654 2663 1717 licet
2708 1657 2787 1716 sit
2831 1654 3202 1736 disyllabum,

589 1770 814 1843 tamen,
872 1765 1147 1842 quoniam
1205 1765 1434 1843 antiqui
1490 1761 1786 1841 duplicem
1847 1764 2268 1822 nominativum
2316 1763 2613 1823 enuntiari
2672 1762 3010 1823 maluerunt
3053 1755 3202 1845 (non

589 1868 779 1930 solum
826 1872 984 1930 enim
1031 1869 1239 1950 pulver
1286 1870 1390 1931 sed
1439 1871 1613 1931 etiam
1661 1867 1855 1948 pulvis
1902 1863 2235 1951 dixerunt),
2282 1867 2391 1928 hac
2437 1867 2511 1929 de
2549 1886 2724 1929 causa
2770 1887 2880 1948 per
2918 1888 2951 1927 v
2994 1868 3202 1930 scribi·

584 1983 700 2036 tur.
775 1977 864 2036 vir
917 1995 1026 2057 per
1075 1996 1106 2036 v
1163 1977 1424 2040 vocalem
1477 1979 1593 2037 vim
1656 1977 2037 2037 consonantis
2098 1973 2413 2036 habentem
2469 1974 2779 2057 scribitur,
2837 1985 2898 2037 ut
2966 1979 3205 2038 semivir

763 2136 789 2183 1
830 2130 967 2185 Bem
1007 2132 1065 2186 et
1097 2131 1230 2185 bam
1267 2129 1512 2201 syllabas
1549 2128 1732 2184 ABG
1836 2135 1867 2183 2
1906 2130 2138 2199 excepto
2168 2145 2278 2184 uuo
2308 2134 2438 2183 noffi
2469 2128 2762 2200 Significat
2796 2128 2854 2183 Β
2961 2134 2994 2183 4
3033 2146 3197 2198 quem

581 2210 939 2279 postmodum
967 2210 1096 2265 aliis
1125 2211 1459 2267 subiciamus
1488 2209 1781 2281 generibus
1806 2209 1863 2262 Β
1901 2208 2048 2278 quod
2087 2208 2445 2278 postmodum
2482 2208 2611 2263 aliis
2647 2207 2948 2264 subicimus
2985 2209 3203 2279 generi-

481 2340 491 2351 ,
580 2290 685 2345 bus
720 2290 837 2345 AO
957 2298 990 2347 8
1030 2292 1317 2347 habebunt
1350 2291 1407 2345 Β
1442 2289 1655 2345 habent
1688 2288 1743 2342 A
1780 2288 1957 2343 habet
1994 2288 2041 2343 G
2161 2290 2410 2361 coluber]
2452 2288 2690 2345 Calaber
2727 2302 2762 2345 ς
2910 2295 2975 2343 12
3012 2290 3205 2346 tamen

584 2372 691 2436 (tffi
720 2372 796 2438 A)
833 2369 1051 2440 antiqui
1087 2370 1353 2441 quoniam
1391 2368 1672 2439 duplicem
1701 2368 1823 2422 AB
1860 2370 2049 2423 tamen
2087 2368 2304 2439 antiqui
2341 2368 2624 2439 duplicem
2664 2366 2712 2422 Ο
2834 2367 3114 2422 enuntiari
3148 2368 3205 2422 Β

584 2449 874 2505 enuntiare
902 2449 1020 2504 AG
1124 2457 1189 2504 13
1228 2450 1326 2504 sed
1365 2451 1423 2505 et
1458 2447 1647 2519 puluis
1675 2448 1938 2505 dixerunt
1967 2448 2084 2503 Ao
2115 2450 2214 2504 sed
2251 2449 2424 2504 etiam
2462 2448 2648 2518 puluis
2686 2450 2807 2518 (om.
2836 2448 3115 2518 dixerunt)
3137 2450 3202 2504 ·B

918 2616 1021 2623 --—-
1052 2616 1209 2622 ‘'⁶‘’-
1250 2616 1301 2621 ’“
1336 2615 1583 2620 ’μ-““
2033 2616 2186 2621 -ῌ-ὒ-
3039 2617 3204 2625 -—-—

1495 2716 1862 2772 MARTYRII
1899 2715 1995 2771 DE
2033 2715 2080 2771 B
2116 2716 2212 2773 ET
2250 2715 2300 2773 V

767 2883 908 2946 Bam
956 2884 1069 2946 ban
1119 2861 1369 2964 syllabas
1407 2902 1543 2946 cum
1582 2883 1710 2945 aliis
1748 2882 2048 2946 vocalibus
2095 2887 2155 2945 in
2195 2885 2555 2945 nominativo
2594 2903 2735 2945 casu
2774 2903 2806 2944 a
2853 2883 3033 2946 latino
3080 2905 3204 2947 ser-

593 3011 765 3054 mone
805 2990 1126 3053 abhorrere
1165 2993 1563 3071 cognovimus»,
1602 3003 1851 3071 excepto
1891 3009 2126 3052 novem:
2172 2991 2463 3070 significat
2500 2999 2696 3052 autem
2734 2991 3208 3053 indeclinabilem

589 3117 923 3183 numerum,
961 3100 1063 3180 qui
1116 3117 1222 3179 per
1260 3118 1293 3156 v
1331 3098 1664 3178 digammon
1705 3096 2014 3160 scribitur:
2061 3100 2280 3160 notatis
2319 3100 2493 3160 etiam
2532 3097 2884 3178 quibusdam
2924 3100 3204 3161 neutrali·

591 3205 731 3287 buS,
778 3225 927 3286 quae
974 3204 1286 3285 postmodo
1335 3204 1464 3265 aliis
1512 3204 1875 3265 subiciemus
1922 3203 2256 3285 generibus

769 3313 884 3374 Bar
927 3311 1037 3373 ber
1084 3310 1333 3392 syllabae
1382 3312 1727 3372 terminatae
1773 3330 1884 3392 per
1928 3310 1967 3371 b
2014 3320 2235 3372 mutam
2275 3310 2640 3394 scribentur,
2686 3315 2737 3373 si
2784 3312 3203 3393 disyllaborum
3233 3328 3260 3367 5

585 3439 704 3481 non
761 3419 1123 3499 egredierint
1176 3435 1520 3500 numerum,
1589 3437 1845 3498 quorum
1903 3418 2154 3480 naturali
2208 3417 2381 3499 longa
2437 3422 2678 3481 minime
2736 3420 2962 3482 carebit
3024 3419 3202 3501 paeri·

587 3525 821 3608 ultima,
867 3525 926 3586 id
975 3533 1068 3586 est
1114 3527 1165 3585 si
1211 3543 1329 3586 non
1381 3524 1603 3586 luerint
1647 3525 1976 3608 trisyllaba,
2023 3544 2172 3606 quae
2213 3526 2541 3587 naturalem
2588 3527 2821 3608 longam
2860 3548 2977 3591 non
3024 3529 3201 3591 habe·

589 3631 742 3693 bunt
802 3630 1251 3713 paenultimam,
1313 3641 1381 3693 ut
1446 3630 1616 3692 iubar
1684 3631 1876 3693 imber
1941 3630 2107 3694 raher
2163 3632 2311 3693 uber
2368 3631 2550 3694 suber
2614 3633 2860 3695 coluber
2914 3635 3204 3698 Mulciber

589 3737 739 3798 liber
786 3746 846 3800 et
898 3757 1008 3819 per
1062 3738 1385 3818 analogiam
1442 3737 1669 3801 verber.
1745 3741 1795 3799 si
1854 3741 2010 3800 enim
2066 3738 2363 3819 trisyllaba
2420 3740 2645 3802 fuerint
2690 3744 2890 3804 neutri
2948 3745 3205 3826 generiS,

587 3863 737 3924 quae
784 3845 1015 3925 longam
1063 3845 1481 3924 paenultimam
1530 3846 1880 3909 naturaliter
1925 3845 2253 3929 habebunt,
2308 3865 2415 3927 per
2461 3866 2496 3906 v
2544 3847 2802 3909 vocalem
2858 3847 2987 3909 loco
3046 3853 3202 3930 posi·
3237 3865 3288 3902 1⁰

595 3961 713 4014 tam
753 3954 1135 4014 consonantis
1173 3961 1474 4035 notentur,
1511 3962 1578 4015 ut
1615 3945 1864 4014 cadav'er
1908 3972 2164 4034 papaver
2205 3962 2265 4014 et
2312 3953 2536 4015 similia.
2612 3972 2746 4015 nam
2793 3955 3018 4039 pulver,
3063 3954 3207 4019 licet

587 4068 677 4120 est
733 4058 1116 4141 disyllabum,
1171 4069 1394 4142 tamen,
1449 4062 1725 4140 quoniam
1788 4062 2016 4140 antiqui
2071 4059 2369 4140 duplicem
2427 4062 2852 4122 nominativum
2907 4065 3204 4124 enuntiari

585 4165 924 4228 maluerunt
978 4160 1128 4250 (nou
1187 4167 1377 4254 solum
1434 4169 1591 4228 enim
1646 4166 1857 4247 pulver
1921 4166 2025 4228 sed
2082 4168 2258 4227 etiam
2313 4166 2507 4247 pulvis
2563 4162 2901 4249 dixerunt),
2965 4167 3072 4229 hac
3129 4168 3204 4230 de

586 4292 762 4335 causa
807 4291 916 4353 per
962 4293 995 4332 v
1043 4274 1374 4354 digammon
1421 4274 1731 4355 scribitur,
1788 4275 1876 4334 vis
1924 4271 2176 4352 syllabae
2232 4275 2626 4356 posteritatiS,
2682 4276 2854 4337 cuius
2913 4278 3202 4337 rationem

587 4399 696 4442 suo
742 4381 870 4442 loco
920 4381 1407 4464 monstrabimus,
1454 4383 1745 4462 arripiens
1792 4380 2074 4460 regulam.
2148 4383 2238 4441 vir
2283 4400 2393 4461 per
2437 4400 2472 4439 v
2519 4381 2779 4446 vocalem
2827 4384 2942 4442 vim
2991 4398 3286 4443 conso-1⁵

585 4491 781 4550 nantis
827 4488 1142 4550 habentem
1190 4489 1503 4569 scribetur,
1548 4497 1617 4550 ut
1662 4480 1910 4548 semivir’
1952 4489 2257 4569 triumvir,
2303 4487 2442 4548 licet
2488 4491 2838 4571 composita,
2898 4509 3014 4551 non
3062 4500 3204 4552 sunt

768 4640 794 4687 1
836 4649 871 4687 a
908 4650 1007 4689 om.
1045 4633 1125 4703 N,
1163 4635 1291 4689 add.
1332 4634 1388 4687 P
1532 4639 1569 4687 3
1605 4631 1877 4687 scribetur
1913 4630 1970 4684 P
2119 4636 2152 4685 4
2189 4632 2484 4700 postmodo
2522 4632 2578 4685 P
2606 4635 2961 4703 postmodum
2999 4635 3066 4688 N

587 4719 619 4766 8
657 4712 819 4766 iubar
853 4712 997 4768 livet
1038 4712 1197 4768 favet
1231 4728 1370 4767 uver
1406 4729 1573 4768 suver
1609 4710 1836 4766 coluver
1872 4710 2143 4766 muloiver
2179 4713 2238 4765 et
2283 4729 2384 4780 per
2418 4712 2740 4783 analogiam
2777 4731 2974 4770 vei-ver
3010 4713 3067 4769 P

587 4797 618 4846 9
656 4791 855 4845 verber
892 4822 956 4832 —
1010 4797 1076 4846 10
1110 4789 1340 4862 longam
1385 4808 1488 4846 om.
1524 4791 1603 4858 N,
1647 4792 1774 4847 add.
1817 4792 1873 4845 P
2012 4797 2075 4845 12
2119 4792 2382 4860 quoniam
2419 4809 2520 4848 om.
2559 4794 2616 4848 P
2752 4799 2818 4849 15
2863 4795 3200 4856 monstravi·

587 4889 711 4927 mus
748 4872 875 4926 NP
1013 4878 1078 4927 16
1117 4871 1252 4927 licet
1295 4872 1608 4943 composita
1644 4874 1703 4928 et
1740 4887 1853 4927 non
1891 4870 2204 4928 consistunt
2239 4870 2518 4943 simplicia
2553 4872 2610 4928 P
