3613 5528
640 417 769 487 378
1757 416 2101 478 DOSITHEI

634 531 682 569 p.
711 523 750 563 8.
778 522 805 561 9
830 523 891 566 H.

639 625 791 688 quae
845 626 877 668 a
932 608 1048 669 fine
1106 609 1184 668 sit
1237 608 1440 688 tertia,
1507 615 1574 668 ut
1627 607 2038 688 praelegimus.
2140 608 2583 687 circumflexuS‚
2647 608 2698 667 si
2760 624 2898 686 pars
2953 604 3238 665 orationis

639 716 821 776 trium
867 723 968 775 aut
1014 714 1264 795 amplius
1311 715 1492 776 fuerit
1527 713 1908 796 syllabarum,
1956 733 2071 775 non
2110 715 2378 795 ponitur,
2423 715 2538 774 nisi
2575 712 3002 793 paenultimum
3039 710 3236 772 locum

637 822 861 902 poterit
920 822 1212 896 invenire,
1282 829 1347 883 ut
1410 821 1669 884 turbare.
1771 821 2186 904 monosyllaba,
2252 839 2659 902 quaecumque
2727 823 3019 902 positione
3065 818 3235 898 longa

642 928 883 1009 suerint,
929 937 1168 990 acutum
1214 926 1516 989 habebunt
1560 936 1899 1009 accentum,
1946 937 2013 989 ut
2057 929 2182 1010 pix3
2230 946 2379 1008 quae
2427 937 2637 989 natura
2675 928 2844 1008 longa
2882 935 3076 1010 erunt,
3121 926 3235 986 cir-

639 1035 929 1097 cumflexo
977 1045 1225 1097 accentu
1271 1034 1844 1117 pronuntiabuntur,
1889 1044 1957 1097 ut
2002 1039 2116 1096 res.
2177 1029 2187 1114 Ι
2246 1037 2305 1095 in
2346 1034 2670 1116 disyllabis,
2718 1037 2770 1096 si
2814 1036 2979 1115 prior
3025 1041 3235 1094 natura
3291 1045 3317 1084 5

636 1142 809 1224 longa
867 1145 982 1205 erit
1034 1146 1366 1225 posteriore
1414 1152 1713 1225 correpta,
1767 1145 1932 1223 prior
1979 1141 2511 1223 circumflectetur,
2566 1152 2634 1204 ut
2686 1145 2843 1203 hora
2898 1142 3122 1201 Roma:
3186 1140 3238 1199 si

636 1252 934 1330 posterior
980 1249 1269 1330 producta
1316 1253 1419 1332 sit,
1463 1253 1654 1332 prior,
1701 1269 1806 1311 seu
1855 1249 2026 1330 longa
2073 1268 2180 1311 seu
2225 1248 2422 1311 brevis
2459 1250 2666 1330 suerit,
2710 1256 2956 1311 acuatur
2994 1264 3236 1308 neeesse

637 1364 752 1439 est,
796 1365 866 1419 ut
909 1357 1070 1438 leges
1116 1356 1301 1440 salus3
1349 1365 1409 1418 et
1454 1360 1504 1418 si
1543 1356 1745 1418 ambae
1784 1356 1996 1418 breves
2035 1359 2179 1439 sint,
2224 1365 2472 1419 acuetur
2516 1360 2706 1438 prior,
2755 1364 2822 1418 ut
2856 1356 3004 1417 (leus
3043 1354 3235 1414 homo.

636 1466 698 1526 in
746 1464 1065 1545 trisyllabis
1112 1462 1573 1544 tetrasyllabisve
1621 1473 1722 1525 aut
1766 1483 1917 1544 quae
1964 1463 2166 1545 plures
2213 1462 2459 1544 syllabas
2505 1461 2832 1544 habebunt,
2887 1463 2939 1522 si
2997 1459 3237 1540 paenul-

640 1574 780 1633 tima
826 1572 1021 1633 brevis
1069 1572 1274 1653 fuerit,
1320 1590 1469 1651 quae
1517 1589 1665 1633 eam·
1691 1571 1993 1653 praecedit
2038 1580 2313 1653 acuetur,
2357 1579 2426 1631 ut
2474 1569 2700 1631 Tullius
2745 1567 3130 1630 Hortensius:
3186 1567 3319 1627 sim

638 1679 998 1760 paenultima
1044 1680 1335 1759 positione
1383 1678 1554 1759 longa
1601 1678 1809 1759 suerit,
1863 1679 1990 1758 ipsa
2035 1686 2274 1740 acutum
2320 1675 2561 1738 habebit
2605 1685 2943 1757 accentum,
2997 1692 3237 1754 praece·

639 1785 876 1848 dentem
951 1795 1149 1848 autem
1221 1803 1457 1865 gravem
1532 1785 1731 1867 faciet,
1803 1792 1874 1846 ut
1944 1784 2233 1846 Catullus:
2342 1786 2390 1846 si
2463 1782 2821 1864 paenultima
2893 1779 3239 1843 naturaliter

638 1894 927 1975 producta
975 1895 1114 1974 erit,
1170 1894 1250 1953 ita
1295 1901 1364 1954 ut
1410 1891 1613 1953 ultima
1667 1890 1865 1953 brevis
1921 1893 2027 1972 sit,
2081 1888 2497 1971 paenultimam
2555 1888 3116 1970 circumflectemuS,
3172 1895 3240 1948 ut

640 2001 975 2080 Cethegus:
1066 2002 1117 2061 si
1182 2008 1377 2061 autem
1451 1998 1622 2079 longa
1682 2001 1813 2060 'erit
1886 1997 2116 2079 ultima,
2187 1996 2580 2078 paenultimae
2654 2004 2894 2060 acutum
2967 1993 3237 2056 dabimus

638 2117 984 2190 accentum,
1026 2114 1096 2168 ut
1138 2105 1411 2168 Athe'nae
1457 2105 1744 2168 Fidenae.
3268 2118 3320 2158 15

818 2299 999 2355 Codex
1034 2297 1428 2367 Sanqallensis.
1529 2302 1562 2350 4
1598 2296 1768 2352 fuerit
1815 2298 2074 2351 secutum
2226 2294 2334 2350 erit
2486 2301 2518 2349 6
2557 2297 2620 2350 ut
2665 2293 2804 2349 hora
2838 2291 3021 2347 Roma
3065 2306 3165 2345 om.

640 2385 670 2434 7
711 2396 933 2435 neeesse
981 2378 1136 2449 leges
1182 2377 1322 2432 sal’u
1466 2383 1499 2432 8
1538 2377 1602 2430 ut.
1645 2381 1771 2431 ante
1826 2376 1962 2431 deus
2008 2392 2109 2430 om.
2254 2379 2287 2428 9
2324 2374 2670 2443 peneultima
2814 2379 2881 2427 10
2918 2373 2983 2426 ut
3021 2369 3238 2425 Tullius

637 2457 963 2514 Hortensius
999 2473 1101 2512 om.
1256 2462 1324 2511 13
1360 2454 1787 2528 paenultimam]
1826 2456 2227 2526 peneultimum
2377 2457 2441 2509 ut
2478 2459 2604 2510 ante
2642 2453 2920 2524 Cethegus
2955 2468 3055 2507 om.

643 2543 709 2591 14
746 2536 1148 2608 paenultimae]
1185 2534 1531 2607 peneultima
1565 2551 1702 2591 corr.
1742 2566 1809 2576 --
1847 2553 1915 2591 ae
2079 2541 2143 2590 15
2183 2538 2246 2590 ut
2281 2536 2535 2591 Athenae
2573 2535 2816 2591 Fidenae
2852 2550 2954 2589 om.

562 2772 569 2781 ’
642 2768 732 2852 ὥς
774 2768 850 2840 τὸ
895 2772 1353 2859 προανέγνως,
1410 2764 1452 2856 ἢ
1501 2769 1606 2837 ἐπὶ
1648 2767 1894 2855 ταύτης
1938 2767 2082 2857 ἥτις
2123 2775 2311 2859 τρίτη
2357 2767 2487 2838 ἀπὸ
2532 2770 2763 2849 τέλους
2808 2771 2990 2838 ἐστίν
3134 2821 3151 2836 .
3195 2764 3237 2855 ἡ

641 2877 1140 2966 περισπωμένη,
1215 2875 1334 2944 ἐὰν
1405 2872 1481 2942 τὸ
1555 2876 1755 2963 με’ρος
1825 2879 1947 2944 τοῦ
2011 2876 2222 2964 λόγου
2283 2880 2491 2966 τριῶν
2556 2872 2597 2964 ἢ
2661 2875 2994 2945 πλειόνων
3059 2880 3241 2943 ἔσται

642 2988 1026 3070 συλλαβῶν,
1092 2980 1174 3051 οὐ
1237 2987 1525 3068 τίθεται,
1599 2987 1661 3050 εί
1722 2981 1811 3071 μὴ
1874 2983 1995 3052 τὸν
2058 2986 2546 3071 παρατέλευτον
2606 2983 2815 3051 τόπον
2881 2980 3240 3070 δυνήσεται

641 3089 895 3178 εὑρεῖν,
942 3088 1032 3171 ὡς
1073 3089 1151 3159 τό
1286 3141 1302 3158 .
1347 3086 1426 3158 τὰ
1473 3088 1978 3178 μονοσύλλαβα,
2024 3088 2187 3178 ἅπερ
2227 3087 2312 3159 ἂν
2348 3092 2536 3159 θέσει
2581 3088 2797 3179 μακρὰ
2835 3097 2969 3176 εἴη,
3018 3087 3240 3171 ὀξεῖαν

642 3201 909 3280 ἕξουσιν
971 3200 1361 3289 προσῳδίαν
1492 3244 1529 3265 ,.
1585 3194 1779 3266 ἅτινα
1841 3197 1916 3266 δὲ
1971 3197 2170 3286 φύσει
2226 3196 2444 3286 μακρὰ
2501 3202 2711 3283 ἔσται,
2773 3198 3239 3286 περισπωμένῃ
3294 3232 3320 3271 5

556 3336 563 3343 ·
640 3309 985 3398 προσῳδίᾳ
1025 3310 1037 3388 Ι
1077 3301 1629 3392 ἐκφωνηθήσεται
1766 3358 1781 3373 .
1830 3305 1933 3374 ἐπὶ
1977 3309 2114 3374 τῶν
2170 3303 2631 3391 δισυλλάβων,
2686 3301 2803 3372 ἐὰν
2856 3301 2898 3391 ἡ
2953 3303 3241 3389 προτέρα

643 3411 843 3499 φύσει
900 3410 1116 3500 μακρὰ
1174 3419 1275 3497 εἴη
1329 3414 1447 3497 τῆς
1498 3407 1781 3499 ὑστέρας
1836 3412 2392 3498 συνεσταλμένης,
2456 3408 2497 3498 ἡ
2553 3413 2840 3498 προτέρα
2884 3428 3242 3499 περισπασ-

642 3518 953 3607 θήσεται,
1010 3514 1100 3598 ὥς
1152 3516 1227 3586 τὸ
1285 3514 1454 3604 [ὥρα
1498 3514 1764 3606 Ῥωμη].
1867 3516 1985 3585 ἐὰν
2043 3517 2118 3585 δὲ
2170 3514 2211 3605 ἡ
2267 3515 2510 3607 ὑστέρα
2566 3518 2954 3604 ἐκτεταμένη
3010 3525 3143 3603 εἴη,
3198 3513 3240 3603 ἡ

643 3628 963 3716 προτέρα,
1008 3634 1136 3694 εἴτε
1182 3621 1399 3713 μακρὰ
1446 3631 1573 3691 εἴτε
1617 3629 1895 3712 βραχεῖα
1941 3628 2154 3710 ἔσται,
2201 3621 2767 3710 ὀξυτονηθήσεται
2815 3626 2881 3706 ἐξ
2928 3621 3242 3711 ἀνάγκης,

646 3730 735 3813 ὡς
779 3732 855 3802 τό
992 3754 1007 3769 ·
1043 3732 1153 3800 καὶ
1191 3735 1255 3798 εί
1288 3728 1656 3819 ἀμφότεραι
1692 3735 1996 3819 βραχεῖαι
2041 3728 2205 3818 εἶεν,
2251 3727 2816 3818 ὀξυτονηθήσεται
2853 3728 2894 3817 ἡ
2932 3730 3242 3819 προτέρα,
3273 3768 3323 3807 10

647 3836 736 3919 ὡς
788 3839 863 3907 τό
1001 3893 1016 3908 .
1063 3841 1136 3907 ἐν
1190 3852 1330 3919 τοῖς
1382 3836 1851 3926 τρισυλλάβοις
1912 3833 1954 3924 ἢ
2017 3852 2158 3917 τοῖς
2218 3836 2773 3927 τετρασυλλάβοις
2833 3832 2875 3925 ἢ
2933 3834 3099 3925 ἅπερ
3154 3832 3243 3905 ἂν

643 3949 911 4024 πλείους
958 3940 1355 4030 συλλαβὰς
1388 3944 1558 4028 ἕξει,
1606 3940 1723 4010 ἐὰν
1771 3939 1813 4029 ἡ
1860 3944 2339 4032 παρατέλευτος
2383 3942 2679 4031 συλλαβὴ
2726 3943 3001 4033 βραχεῖά
3039 3946 3242 4030 ἐστιν,

644 4049 686 4141 ἡ
733 4050 977 4137 ταύτης
1019 4048 1408 4140 προάγουσα
1456 4048 1935 4137 ὀξυνθήσεται,
2003 4047 2091 4130 ὥς
2162 4050 2482 4131 Τούλλιος
2525 4047 2925 4140 Ὁρτήνσιος.
3026 4049 3144 4120 ἐὰν
3199 4048 3241 4139 ἡ

644 4159 1128 4245 παρατέλευτος
1173 4157 1359 4245 θέσει
1405 4154 1623 4245 μακρὰ
1663 4166 1801 4244 εἴη,
1850 4154 2015 4244 αὐτὴ
2060 4154 2184 4244 τὴν
2232 4153 2453 4239 ὀξεῖαν
2501 4160 2628 4240 ἕξει
2664 4161 3075 4249 προσῳδίαν,
3118 4143 3243 4245 τῇν

644 4265 1076 4353 προάγουσαν
1142 4264 1216 4333 δὲ
1280 4269 1557 4351 βαρεῖαν
1621 4263 1886 4351 ποιήσει
2032 4318 2048 4333 .
2099 4258 2230 4333 ’ἐὰν
2294 4262 2336 4352 ἡ
2400 4267 2880 4354 παρατέλευτος
2944 4264 3241 4353 συλλαβὴ
3275 4301 3326 4341 15

645 4375 945 4459 φυσικῶς
1029 4373 1413 4460 ἐκτεταμένη
1499 4377 1711 4457 ἔσται,
1794 4368 2005 4452 οὕτως
2060 4369 2234 4441 ὥστε
2295 4370 2419 4459 τὴν
2480 4377 2862 4441 τελευταίαν
2924 4378 3243 4461 βραχεῖαν

645 4476 851 4566 εἶναι,
894 4477 1017 4567 τὴν
1061 4481 1547 4569 παρατέλευτον
1591 4477 2248 4566 προπερισπάσομεν,
2304 4477 2394 4559 ὥς
2444 4482 2521 4548 τό
2655 4532 2671 4547 .
2717 4477 2835 4548 ἐὰν
2890 4480 2965 4548 δὲ
3024 4478 3245 4568 μακρὰ

646 4595 746 4673 εἴη
811 4583 853 4673 ἡ
918 4592 1286 4674 τελευταία,
1356 4590 1437 4675 τῇ
1501 4583 1959 4676 παρατελεύτῳ
2026 4583 2249 4666 ὀξεῖαν
2305 4587 2608 4674 δώσομεν
2666 4590 3085 4677 προσῳδίαν,
3154 4583 3247 4667 ὦς

648 4690 957 4778 [Ἀθηναι
1009 4698 1347 4780 Φιδηναι].

827 4902 859 4951 5
899 4894 1079 4969 ἔσται]
1121 4916 1331 4952 εσειται
1476 4904 1508 4952 6
1545 4916 1825 4969 προτεραν
1972 4904 2036 4953 12
2074 4893 2352 4971 συλλαβὰς
2387 4915 2489 4955 om,
2637 4906 2701 4954 13
2739 4917 2913 4968 ταυτη
