3613 5528
605 393 735 460 332
1746 391 2064 448 AVDACIS

602 508 647 545 p.
677 497 740 536 11.
772 496 820 535 12
849 496 906 535 H.

602 580 877 661 rhythmo
923 597 1054 640 esse
1103 597 1220 639 non
1266 585 1490 659 potest,
1545 576 1701 657 quod
1750 576 2036 656 liquidius
2080 577 2162 637 ita
2207 575 2489 637 definitur
2534 596 2549 637 ε
2597 584 2853 637 metrum
2910 583 3003 636 est
3058 578 3208 637 ratio

603 705 739 748 cum
797 685 1220 767 modulatione,
1284 685 1597 765 rhythmus
1657 683 1981 745 modulatio
2041 685 2170 745 sine
2231 684 2458 744 ratione
2521 729 2535 743 .
2586 685 2949 760 plerumque
3006 689 3208 743 tamen

603 812 751 878 casu
788 796 1051 869 quodam
1089 795 1357 853 invenies
1393 796 1574 854 etiam
1611 795 1910 852 rationem
1949 793 2009 852 in
2039 790 2341 871 rhythmo,
2388 808 2506 850 non
2535 790 2768 851 artificii
2796 787 3207 850 observatione

601 909 857 982 servata,
903 899 1007 961 sed
1055 918 1201 961 sono
1249 907 1308 960 et
1354 901 1481 980 ipsa
1528 897 1926 959 modulatione
1972 896 2249 957 ducente.
2290 892 2299 976 Ι

778 1007 894 1079 Qui
939 1008 1200 1087 primum
1246 1005 1340 1066 his
1377 1003 1891 1067 observationibus
1927 1007 1990 1065 in
2028 1003 2454 1084 componendis
2492 1001 2856 1064 carminibus
2893 1004 2989 1064 nsi
3024 997 3208 1063 sunt?
3263 1017 3291 1056 ⁵

602 1113 940 1175 Phemonoe
988 1113 1235 1194 dicitnr,
1290 1112 1576 1192 Apollinis
1630 1120 1822 1193 vateS,
1876 1114 2067 1193 prima
2123 1129 2232 1191 per
2288 1113 2575 1172 insaniam
2631 1112 2709 1172 ita
2758 1109 2981 1191 locuta,
3035 1111 3207 1170 cuius

603 1219 895 1308 Hesiodus
943 1222 1212 1281 meminit
1256 1267 1271 1282 .
1320 1218 1503 1279 Varro
1551 1237 1689 1279 vero
1727 1220 1788 1279 in
1831 1219 2185 1297 Argonautis
2223 1217 2512 1299 nymphas
2547 1217 2957 1278 hexametrum
2995 1217 3207 1277 secisse

595 1328 686 1387 sic
733 1329 999 1407 scripsit,

921 1441 986 1494 te
1035 1449 1223 1494 nunc
1270 1430 1612 1511 Ortygiae
1663 1431 2082 1492 tendentem
2130 1430 2406 1511 spicula
2454 1432 2797 1512 nymphae

917 1539 1330 1619 hortanteS,
1375 1555 1410 1597 o
1460 1536 1777 1618 Phoebe,
1824 1547 1895 1599 et
1942 1532 2149 1598 ‘ieie'
2198 1538 2754 1600 conclamarunt.
3237 1555 3289 1593 ιο

599 1645 769 1708 multi
825 1655 1023 1708 autem
1076 1664 1315 1707 versum
1364 1664 1396 1705 a
1444 1643 1616 1726 Lino,
1672 1643 1957 1724 Apollinis
2014 1646 2304 1726 antistite,
2359 1647 2754 1725 excogitatum
2810 1652 3046 1727 putant,
3103 1647 3205 1723 qui

598 1772 671 1816 ex
708 1754 1106 1835 Hyperboreis
1136 1755 1247 1815 suit
1276 1801 1289 1814 .
1318 1753 1497 1815 huius
1535 1755 1823 1832 originem
1862 1770 2071 1813 versus
2108 1752 2312 1813 volunt
2350 1752 2585 1832 qnidam
2625 1754 2686 1812 in
2725 1750 2867 1811 Delo
2906 1753 3204 1812 inventam

597 1870 660 1923 et
704 1862 862 1923 hunc
908 1881 1146 1923 versum
1184 1861 1473 1922 deliacnm
1511 1868 1750 1941 vocant,
1796 1859 1893 1920 alii
1931 1858 2002 1920 ab
2043 1859 2326 1941 Homero,
2373 1859 2529 1920 unde
2570 1877 2889 1940 possumus
2927 1858 3204 1939 colligere

597 1986 835 2029 versum
881 1969 1040 2030 hunc
1078 1970 1262 2048 magis
1309 1985 1441 2028 esse
1490 1966 1835 2028 naturalem.

773 2076 963 2137 Metro
1020 2083 1166 2155 quot
1221 2068 1538 2135 accidunt?
1611 2071 1788 2154 Octo,
1843 2072 1902 2133 id
1961 2082 2052 2134 est
2105 2092 2320 2155 genus,
2377 2074 2638 2155 specieS,
2693 2074 3032 2154 diversitas,
3087 2074 3202 2133 dis·
3235 2088 3284 2127 ιε

596 2185 839 2262 positi0‚
884 2182 1271 2263 pertinentia,
1319 2198 1625 2261 mensura,
1672 2199 1945 2262 caesura,
1992 2180 2284 2261 depositio
2333 2230 2345 2242 .
2394 2180 2595 2243 Genus
2643 2180 2785 2260 qnid
2832 2176 2969 2241 est?
3054 2177 3200 2240 Cnm

596 2289 815 2350 dicitur
879 2298 1136 2351 metrum
1201 2287 1580 2369 dactylicum,
1652 2288 1970 2350 iambicum
2035 2288 2128 2349 vel
2191 2290 2559 2351 trochaicum
2627 2337 2640 2349 .
2707 2288 2860 2360 Quid
2929 2284 3204 2369 species?

597 2394 745 2457 Cum
792 2396 1123 2476 heroicum,
1172 2397 1465 2455 comicum
1511 2402 1614 2455 aut
1659 2395 1948 2473 tragicum
1997 2393 2217 2456 dicitur
2248 2443 2259 2455 .
2291 2395 2445 2467 Quid
2485 2390 2839 2456 diversitas?
2913 2394 3203 2466 Quotiens

597 2503 655 2563 in
701 2505 892 2583 prima
937 2510 1104 2582 parte
1152 2520 1361 2563 versus
1417 2499 1573 2561 aliud
1631 2518 1822 2580 genus
1880 2509 1997 2580 est,
2051 2501 2209 2563 aliud
2267 2504 2326 2563 in
2385 2502 2671 2576 secunda,
2727 2509 2795 2562 ut
2855 2496 3203 2562 ‘solvitur

593 2612 783 2671 acris
819 2609 1048 2670 hiems
1085 2616 1283 2688 grata
1323 2602 1508 2668 vice'
1537 2629 1552 2668 ε
1582 2625 1771 2687 usque
1810 2606 1928 2667 huc
1965 2615 2376 2670 tetrametrum
2417 2608 2725 2670 heroicum
2772 2606 3197 2668 archilochium
3229 2624 3283 2662 20

593 2723 711 2796 est,
758 2724 818 2777 et
863 2716 1149 2778 inseritur
1194 2713 1276 2777 illi
1326 2732 1462 2795 pars
1508 2712 1808 2775 trochaica
1855 2715 1976 2774 sive
2025 2713 2398 2796 ithyphallica
2446 2711 2675 2777 ‘veris
2731 2724 2801 2778 et
2862 2708 3136 2777 favoni'
3184 2734 3200 2776 ε

595 2842 728 2883 nam
766 2831 891 2884 tres
935 2823 1032 2883 hic
1081 2821 1343 2883 trochaei
1390 2830 1546 2882 sunt.
1624 2820 1945 2900 Dispositio
1994 2821 2136 2900 quid
2183 2818 2318 2883 est?
2390 2821 2464 2883 Vt
2509 2825 2596 2884 sic
2642 2823 2751 2884 hac
2797 2824 3194 2904 geminatione

594 2929 654 2990 in
711 2929 988 2991 omnibus
1044 2931 1232 2992 utaris
1290 2928 1584 3003 versibuS,
1649 2930 1786 3008 quia
1848 2931 1934 2989 sic
1982 2936 2074 2989 est
2129 2927 2507 3011 dispositum,
2576 2930 2665 2991 vel
2721 2939 2787 2991 ut
2839 2934 2901 2991 in
2958 2929 3199 2991 heroico

591 3039 797 3116 quinto
842 3036 973 3097 loco
1021 3035 1250 3116 dactylo
1299 3038 1503 3097 utaris,
1596 3034 1750 3106 Quid
1797 3032 2203 3116 pertinentia?
2277 3034 2426 3097 Cum
2484 3037 2556 3098 ad
2607 3056 2841 3099 versum
2888 3037 3198 3099 heroicum

591 3143 843 3204 dicimus
906 3143 1014 3203 hos
1078 3142 1261 3225 pedes
1324 3145 1655 3222 pertinere,
1726 3142 2051 3224 dactylum,
2120 3144 2450 3225 spondeum
2515 3143 2606 3205 vel
2667 3146 2730 3205 in
2796 3144 3004 3206 ultimo
3066 3145 3197 3204 loco
3225 3159 3279 3198 25

734 3339 762 3387 1
803 3332 952 3401 qnod
990 3331 1258 3401 liquidius
1305 3331 1387 3387 ita
1421 3330 1672 3386 difinitur
1707 3332 1946 3387 metrum
1987 3333 2073 3387 est
2107 3332 2251 3388 ratio
2297 3333 2677 3390 modulatione
2722 3335 2961 3390 rithmus
3006 3332 3197 3388 modo-

593 3413 799 3468 latione
835 3413 894 3467 in
930 3411 1139 3468 rithmo
1176 3430 1287 3468 non
1325 3411 1547 3467 artificii
1583 3410 1977 3468 obseruatione
2015 3413 2238 3467 seruata
2274 3413 2371 3467 sed
2411 3430 2546 3469 sono
2584 3415 2685 3470 et
2667 3432 2793 3486 ipsa
2820 3413 3197 3470 modolatione

589 3491 827 3546 ducente
881 3492 956 3545 M
1005 3493 1141 3561 quid
1202 3491 1484 3561 loquidius
1546 3490 1630 3545 ita
1693 3491 1955 3546 definitur
2009 3494 2248 3571 metrum
2301 3493 2386 3546 est
2438 3494 2583 3550 ratio
2640 3512 2766 3550 cnm
2817 3492 3198 3550 modulatione

591 3571 826 3627 rithmus
861 3572 1006 3627 ratio
1043 3573 1162 3628 sine
1200 3570 1583 3627 modulatione
1621 3569 1861 3626 ducente
1897 3572 2006 3624 B:
2039 3558 2415 3640 'supplementa
2446 3575 2823 3641 praebuerunt
2870 3574 2923 3627 V
2953 3580 3004 3629 et
3038 3573 3199 3627 Beda

660 3660 819 3709 3non
846 3653 1047 3708 artifici
1076 3652 1458 3708 moderatione
1477 3655 1699 3707 servata
1713 3653 1874 3707 Beda
1981 3656 2012 3705 5
2035 3651 2141 3717 Qui
2168 3651 2381 3721 primus
2408 3653 2498 3709 his
2516 3655 2573 3709 Β
2603 3654 2749 3721 Quid
2775 3655 2989 3725 primus
3017 3652 3105 3707 his
3127 3652 3200 3706 M

687 3734 776 3788 usi
812 3735 944 3788 sunt
978 3732 1034 3786 Β
1071 3730 1181 3787 uisi
1217 3734 1347 3787 sunt
1384 3732 1461 3785 M
1601 3741 1633 3789 6
1670 3732 1988 3788 Phemonoe
2029 3733 2104 3786 M
2136 3731 2513 3790 Pohenomine
2550 3736 2604 3789 Β
2746 3733 3023 3805 apollonis
3056 3732 3202 3786 ΒΜ

624 3819 654 3866 ’1
685 3812 904 3868 esiodus
939 3812 996 3866 Β
1034 3811 1243 3867 esiod’o
1284 3811 1398 3866 Μ·
1429 3811 1662 3867 Hesiodi
1695 3814 1896 3867 mentio
1932 3828 2046 3867 non
2081 3812 2234 3878 facta
2269 3816 2347 3865 est
2382 3813 2452 3866 ab
2490 3815 2646 3884 aliia,
2683 3817 2781 3886 qui
2817 3833 2854 3870 a
2893 3813 3197 3869 Phemonoe

588 3894 868 3949 inventum
921 3910 1029 3948 esse
1084 3894 1454 3948 hemametrum
1504 3892 1858 3948 tradiderunt
2001 3891 2058 3945 in
2103 3894 2425 3962 argonautis
2471 3895 2547 3949 M
2587 3896 2646 3950 in
2696 3872 3047 3966 agrenanstis
3084 3892 3194 3947 Β.

600 3974 871 4028 Varronis
904 3989 1092 4028 versus
1129 3991 1165 4028 a
1193 3972 1430 4027 Sinnero
1459 3975 1620 4027 catal.
1650 3974 1764 4030 cod.
1793 3990 1917 4029 mss.
1948 3972 2075 4027 bibl.
2107 3972 2278 4027 Bern.
2297 3989 2358 4029 v.
2369 3975 2413 4028 I
2426 3991 2488 4045 Ρ.
2520 3980 2635 4032 624
2663 3992 2691 4031 e
2718 3976 2897 4031 codice
2921 3973 3197 4029 Bernemn

585 4056 762 4111 editoe
806 4056 872 4110 ιἰι
926 4054 1196 4110 Varronis
1244 4054 1699 4122 Arqonautarum
1752 4053 2079 4124 fraymentis
2127 4061 2433 4121 posuenmt
2479 4056 2552 4114 F.
2613 4057 2957 4112 Wuellnema
3010 4055 3077 4110 de
3125 4054 3191 4107 P.

591 4133 802 4189 Terent.
852 4135 1012 4190 Varr.
1056 4134 1216 4189 Atac.
1254 4134 1348 4188 vit.
1380 4150 1441 4202 Ρ.
1478 4134 1557 4189 20
1594 4139 1644 4187 et
1678 4134 1750 4189 A.
1789 4134 2012 4188 Riesius
2039 4137 2167 4202 post
2207 4133 2294 4187 Μ.
2339 4134 2549 4191 Terent.
2602 4136 2763 4193 Varr.
2800 4141 2907 4192 sat.
2939 4135 3191 4203 Menipp.

592 4215 687 4269 rel.
717 4232 777 4284 Ρ.
817 4221 938 4271 262
1083 4221 1116 4270 9
1152 4217 1210 4269 te
1248 4230 1394 4267 nunc
1431 4211 1672 4282 ortigiae
1706 4215 1990 4268 tenentem
2029 4213 2258 4283 specula
2291 4213 2523 4286 nimphe
2558 4218 2781 4272 orantes
2819 4234 2852 4272 o
2890 4216 3107 4287 phoebe
3136 4221 3195 4271 et

591 4295 858 4351 loliscona
893 4297 1209 4351 clamarunt
1232 4293 1288 4347 Β
1315 4296 1372 4348 te
1410 4309 1557 4347 nune
1596 4292 1815 4348 elicona
1852 4293 2052 4364 ortigio
2088 4296 2363 4350 terentem
2401 4296 2631 4365 specula
2667 4297 2933 4368 nimphae
2970 4296 3194 4351 orantes

586 4376 840 4445 ephebae
877 4378 935 4431 et
971 4375 1246 4431 locolieon
1283 4373 1636 4429 aclamarunt
1673 4375 1797 4428 M.
1835 4374 2071 4428 con-exit
2117 4372 2489 4442 Wuellnerus‚
2535 4380 2633 4447 qui
2670 4377 2936 4448 Coryciae
2973 4376 3196 4445 scripsit

584 4472 685 4524 pro
724 4455 990 4526 Ortygiae
1036 4454 2080 4524 0011.Apouon.Rhod.Ar90n.II
2123 4458 2226 4508 711
2275 4451 2450 4511 πολλὰ
2499 4455 2564 4513 δὲ
2612 4454 2907 4529 Κωρύκιαι
2951 4454 3194 4529 νύμφαι,

591 4536 881 4591 Πλείστοιο
907 4531 1219 4605 θύγατρες,
1260 4531 1659 4603 Θαρσῦνεσκον
1698 4532 1922 4590 ἔπεσσιν
1961 4534 2069 4605 ἰήιε
2108 4538 2439 4604 κεκληγυῖαι
2582 4545 2647 4594 11
2679 4538 2845 4594 multi
2869 4539 2925 4593 Β
2950 4537 3193 4593 multum

588 4616 665 4668 M
767 4616 1045 4686 apollonis
1072 4615 1342 4672 antestite
1359 4615 1503 4670 ΒΜ
1610 4620 1674 4668 12
1713 4631 1781 4668 ex
1819 4614 2165 4684 hiperboreis
2192 4615 2248 4669 Β
2276 4634 2343 4671 ex
2371 4617 2692 4686 iperbereus
2724 4620 2800 4674 M
2900 4620 3193 4675 inuentum

581 4694 729 4749 ΒΜ
869 4701 935 4750 15
974 4696 1154 4751 Metro
1193 4698 1332 4765 quot
1367 4696 1628 4751 accidunt
1655 4724 1724 4734 —
1752 4700 1965 4763 333‚23
2004 4712 2132 4750 cum
2167 4694 2368 4764 pedem
2404 4698 2533 4768 plus
2569 4702 2668 4755 aut
2705 4698 2983 4769 syllabam
3019 4699 3195 4755 habet

584 4790 684 4829 om.
715 4774 805 4844 M,
842 4776 970 4832 add.
999 4775 1054 4828 Β
1085 4817 1097 4830 .
1206 4775 1375 4832 Metti
1411 4780 1551 4847 quot
1584 4776 1640 4830 Β
1787 4780 1853 4828 19
1891 4777 1957 4830 ut
1992 4776 2123 4831 solli
2159 4774 2366 4831 dieitur
2401 4778 2547 4834 aeris
2581 4780 2702 4835 iens
2738 4781 2902 4850 grata
2936 4779 3060 4834 uice
3095 4780 3154 4834 Β
3175 4801 3193 4833 .-

586 4854 724 4909 Hor.
764 4871 927 4910 carm.
968 4857 1012 4911 I
1043 4861 1129 4925 4,1
1274 4862 1344 4911 20
1380 4856 1515 4928 hue]
1554 4855 1644 4909 hic
1680 4852 1737 4906 Β
