3613 5528
578 425 610 487 l
621 425 707 488 06
1777 423 1990 477 CAPRI

572 536 620 572 p.
648 525 754 565 2246
783 525 832 564 P.

748 609 1034 691 Felicem,
1082 630 1201 672 non
1248 611 1462 673 filicem
1511 613 1709 673 dicere
1758 610 2063 672 debemus
2149 608 2306 670 unde
2353 617 2415 669 et
2461 608 2690 669 selicata
2738 627 2918 689 opera
2954 612 3189 689 priores

576 715 855 777 dixerunt
911 716 1145 777 caelata.
1229 717 1387 778 unde
1435 727 1496 780 et
1553 718 1719 800 felix,
1778 735 1954 798 quam
2017 714 2098 778 i'ta
2147 715 2325 777 credo
2374 715 2618 797 dictam,
2664 715 2820 795 quod
2869 719 2947 777 sit
2993 718 3189 778 minus

572 820 709 881 felix
759 824 930 883 arv‘iS.

753 928 1018 1012 Polenta,
1066 949 1186 991 non
1231 931 1474 1011 pulenta
1520 932 1839 994 dicendum
1887 939 1995 992 est.

747 1033 979 1097 Fictum
1043 1039 1289 1098 rationis
1352 1047 1471 1122 est,
1533 1041 1714 1101 fixum
1778 1040 2104 1100 vetustatis.
2204 1046 2273 1099 ut
2334 1039 2514 1118 pingo
2573 1040 2827 1119 pictum,
2887 1039 2972 1097 sic
3033 1038 3189 1116 fingo
3217 1053 3244 1094 5

573 1143 778 1204 fictum
828 1144 965 1204 facit
1011 1144 1474 1224 participialiter.

752 1248 977 1312 Gobius
1022 1253 1229 1331 piscis,
1280 1270 1400 1312 non
1452 1271 1776 1341 numquam
1823 1253 2040 1333 legitur
2086 1251 2278 1332 gobio.

753 1354 1029 1436 Torpedo
1076 1366 1196 1440 est,
1242 1376 1359 1418 non
1409 1359 1662 1439 torpido.

750 1462 1016 1542 Nequam
1048 1482 1165 1524 non
1199 1464 1414 1526 malum
1446 1467 1763 1546 significat,
1799 1465 1904 1527 sed
1935 1466 2224 1548 inutilem,
2262 1474 2322 1527 et
2352 1474 2444 1527 est
2471 1474 2876 1546 monoptoton,
2913 1473 2981 1526 ut
3019 1465 3191 1544 frugi.

755 1568 1002 1631 Vensica
1050 1589 1089 1631 n
1135 1571 1339 1653 habet,
1387 1575 1525 1652 quia
1571 1593 1690 1635 non
1741 1583 1833 1635 est
1880 1576 2008 1635 sine
2055 1582 2249 1635 vento.
2737 1640 2744 1645 ,
3218 1589 3271 1627 10

750 1671 797 1754 †
834 1674 954 1737 Iam
995 1697 1229 1759 semper
1268 1679 1605 1762 dicendum,
1643 1682 1780 1759 quia
1811 1679 1957 1740 nihil
1994 1688 2088 1740 est
2115 1681 2184 1739 ia.
2261 1681 2404 1739 item
2433 1697 2549 1738 non
2582 1680 2788 1760 iamuS,
2827 1677 2931 1738 sed
2970 1695 3191 1756 eamus:

894 1783 1222 1847 Montosam
1269 1786 1492 1848 ltaliam
1541 1805 1649 1847 seu
1698 1786 2030 1847 Sardiniam
2078 1794 2420 1847 memorato.

755 1887 1055 1969 Scriptula
1102 1892 1449 1975 dicendum,
1497 1911 1614 1954 non
1662 1892 1937 1973 scripula.

753 1994 1050 2076 Tinguere
1083 1999 1421 2082 dicendum,
1462 2019 1580 2061 non
1611 2002 1860 2082 tingere,
1900 2001 2176 2079 quoniam
2210 2001 2418 2079 tinguo
2458 2006 2567 2079 est,
2603 2007 2663 2059 et
2701 2000 2923 2078 tinguis
2960 2000 3193 2078 tinguit.

892 2102 1123 2183 Ingenii
1167 2107 1398 2186 profer,
1446 2109 1531 2167 sic
1579 2107 1778 2188 officii,
1826 2109 1963 2186 quia
2012 2106 2212 2167 nullus
3222 2124 3273 2164 ιε,

897 2228 928 2270 a
975 2220 1142 2272 recto
1190 2231 1332 2274 casu
1377 2214 1572 2273 minor
1619 2221 1711 2274 est
1758 2231 2042 2289 umquam
2088 2214 2415 2292 genetivus

766 2315 831 2376 In
881 2316 1141 2379 Siciliam
1188 2318 1533 2395 dicendum,
1581 2339 1701 2381 non
1746 2324 1798 2381 is
1849 2319 2129 2401 Siciliam,
2177 2309 2340 2381 κατὰ
2389 2310 2466 2380 τὸ
2515 2339 2583 2399 ν,
2633 2338 2752 2379 non
2797 2311 2964 2381 κατὰ
3010 2310 3086 2380 τὸ
3134 2332 3197 2398 o,

579 2424 716 2501 quia
763 2442 1083 2504 numquam
1133 2428 1260 2487 sine
1308 2446 1345 2487 n
1393 2430 1834 2507 pronuntiatur.

756 2529 1052 2592 Audacter
1099 2532 1346 2594 latinum
1394 2542 1512 2615 est,
1560 2534 1662 2595 sed
1711 2534 2016 2595 audaciter
2063 2532 2293 2616 meliuS,
2341 2536 2479 2612 quia
2525 2535 2763 2593 nomina
2810 2536 2873 2593 in
2919 2552 2956 2593 x
3002 2533 3196 2594 littera

583 2637 893 2698 terminata
939 2640 1001 2699 in
1051 2638 1343 2701 adverbiis
1388 2643 1505 2701 iter
1551 2640 1899 2721 adsumunt,
1961 2648 2028 2701 ut
2084 2650 2250 2702 atrox
2308 2642 2620 2722 atrociter,
2679 2641 2847 2701 ferox
2901 2640 3200 2720 ferociter,
3226 2659 3280 2701 20

584 2743 752 2805 velox
800 2743 1096 2807 velociter.
1171 2748 1257 2809 sic
1304 2748 1492 2809 audax
1540 2747 1858 2809 audaciter.

762 2977 789 3026 1
830 2970 1064 3026 Filicem
1092 2988 1203 3028 non
1240 2974 1454 3044 filigem
1484 2977 1642 3044 (corr.
1672 2973 1924 3044 seligem)
1964 2972 2149 3027 dicere
2186 2972 2454 3028 debemus
2481 2973 2629 3028 unde
2658 2975 2717 3028 et
2752 2972 3003 3028 feliciata
3031 2989 3201 3043 opera

579 3053 840 3108 dixerunt
884 3053 1068 3112 celata
1104 3057 1163 3109 et
1206 3055 1323 3109 filix
1358 3056 1415 3109 Β
1459 3054 1680 3111 felicem
1719 3070 1834 3108 non
1879 3052 2082 3107 filicem
2132 3054 2291 3120 (corr.
2332 3053 2535 3108 filicem
2573 3071 2684 3107 non
2731 3054 2963 3125 filigem)
3014 3052 3198 3107 dicere

579 3132 845 3188 debemus
871 3134 1018 3188 unde
1060 3137 1118 3190 et
1152 3134 1405 3190 feliciata
1432 3152 1604 3206 opera
1638 3133 1852 3204 priores
1875 3127 2152 3186 ‘dixerunt
2188 3133 2410 3189 caelata
2435 3133 2583 3188 unde
2612 3135 2671 3188 et
2705 3133 2840 3188 felix
2870 3136 3029 3200 (corr.
3060 3133 3198 3201 filix)

581 3212 639 3284 0,
668 3213 899 3268 Filicem
946 3230 1059 3268 non
1103 3213 1326 3269 felicem
1371 3213 1556 3270 dicere
1603 3214 1896 3280 debemus,
1935 3212 2079 3267 unde
2119 3215 2178 3268 et
2213 3214 2428 3270 filicata
2472 3230 2644 3284 opera
2692 3213 2952 3269 dixerunt
2998 3214 3198 3284 celata,

583 3295 642 3346 et
677 3292 796 3346 filix
823 3310 869 3362 p
1031 3299 1063 3346 2
1102 3292 1179 3347 sit
1212 3292 1397 3347 minus
1433 3294 1550 3348 filix
1589 3309 1784 3349 arurae
1821 3292 1876 3345 Β
1915 3290 2097 3345 minus
2135 3292 2210 3347 sit
2243 3293 2379 3347 felix
2417 3297 2576 3361 (corr.
2615 3293 2755 3363 filix)
2794 3310 2990 3349 arurae
3032 3293 3079 3347 Ο

583 3378 615 3427 6
651 3370 1063 3441 participaliter
1088 3372 1143 3426 Β
1267 3377 1297 3425 7
1339 3372 1563 3428 Gobeus
1601 3373 1769 3444 piscis
1798 3372 2010 3444 (pisces
2039 3389 2175 3428 corr.
2198 3373 2270 3427 -is
2294 3372 2361 3441 Ο)
2400 3391 2817 3444 nonnumquam
2854 3373 3025 3444 gobio
3063 3373 3199 3444 legi-

2287 3467 2319 3495 n

580 3507 671 3559 tur
708 3503 828 3558 BC
966 3508 998 3558 8
1038 3503 1299 3574 Turpedo
1328 3508 1415 3561 est
1451 3523 1561 3562 non
1590 3508 1817 3577 turpido
1852 3498 2000 3562 Bo'
2112 3513 2179 3562 10
2216 3507 2418 3562 Vesica.
2448 3508 2534 3562 Μ.
2590 3508 2960 3563 heaeametrum
2987 3524 3199 3562 versum

579 3585 819 3638 restituit
864 3583 1258 3641 Lachmannus
1305 3588 1367 3641 in
1412 3587 1630 3645 Lucret.
1681 3589 1775 3642 VI
1815 3593 1951 3655 130,
1997 3584 2239 3640 Vensica
2287 3604 2323 3640 n
2366 3587 2602 3656 habeat,
2650 3587 2914 3656 quoniam
2967 3603 3079 3641 non
3118 3588 3203 3642 est

581 3663 699 3719 sine
736 3665 905 3718 vento
1075 3671 1136 3719 11
1178 3666 1241 3720 Ia
1278 3683 1496 3735 semper
1532 3667 1833 3726 dicendum
1869 3686 1999 3723 nam
2039 3664 2183 3722 nihil
2220 3669 2306 3720 est
2342 3667 2399 3721 ia
2434 3666 2489 3720 Β
2528 3666 2642 3721 iam
2681 3684 2901 3737 semper
2938 3675 2976 3721 fi
3014 3668 3198 3723 dicen-

580 3743 713 3797 dum
760 3743 907 3797 Nam
956 3743 1100 3797 nihil
1144 3745 1230 3798 est
1275 3743 1390 3800 iam
1439 3745 1487 3800 Ο
1525 3746 1665 3801 Eam
1713 3765 1932 3818 semper
1979 3747 2277 3804 dicendum
2324 3750 2439 3816 est,
2485 3766 2615 3803 nam
2663 3747 2806 3802 nihil
2854 3749 2942 3802 est
2985 3746 3100 3802 iam
3141 3766 3199 3818 p.

580 3826 812 3892 fortasse
848 3843 915 3882 ea
952 3842 1172 3896 semper
1336 3833 1400 3884 12
1439 3831 1792 3884 montuosam
1833 3829 1908 3882 M
1913 3829 2028 3883 BG
2181 3831 2492 3885 memorata
2535 3827 2654 3882 BG
2814 3834 2878 3882 13
2918 3828 3202 3898 Scriptula

583 3904 883 3960 dicendum
912 3923 1022 3961 non
1061 3907 1323 3977 scrupula
1353 3908 1429 3962 M
1463 3906 1745 3978 Scriptula
1783 3908 2084 3963 dicendum
2121 3914 2207 3965 est
2241 3928 2355 3965 non
2391 3908 2635 3979 scripula
2668 3908 2798 3964 BC.
2859 3909 3199 3981 Scriptulum

583 3984 735 4053 quod
772 4004 919 4041 nunc
954 3988 1158 4058 vulgus
1197 3987 1315 4043 sine
1352 3990 1378 4042 t
1414 3988 1554 4043 dicit
1591 3987 1882 4043 Charisius
1909 4006 1971 4058 p.
2012 3996 2139 4056 105,
2177 3995 2210 4045 5
2372 3995 2438 4042 14
2478 3988 2717 4059 Tingere
2756 3990 3054 4046 dicendum
3089 4008 3200 4047 non

580 4065 839 4135 tinguere
881 4067 1164 4136 quomodo
1210 4068 1431 4139 intingo
1479 4070 1538 4123 et
1584 4069 1756 4140 tingis
1802 4068 1976 4139 tingit
2018 4069 2075 4123 Β
2123 4069 2379 4138 tinguere
2417 4070 2579 4137 (corr.
2617 4069 2856 4139 tingere)
2904 4071 3200 4126 dicendum

582 4163 695 4200 non
724 4146 980 4217 tinguere
1020 4147 1139 4214 Quo
1168 4147 1426 4219 intingue
1456 4150 1514 4203 et
1540 4148 1753 4218 tinguis
1783 4152 1842 4204 et
1870 4148 2083 4217 tinguit
2119 4149 2278 4217 (corr.
2309 4148 2526 4218 intingo
2556 4150 2614 4201 et
2650 4146 2823 4217 tingis
2853 4152 2911 4204 et
2939 4150 3127 4221 tingit)
3160 4149 3208 4205 Ο

692 4231 759 4280 15
796 4226 898 4297 sic]
950 4227 1096 4349 {silent
1133 4228 1322 4283 MBG'
1464 4233 1529 4283 16
1568 4246 1833 4298 umquam
1871 4246 1973 4287 om.
2007 4229 2081 4283 Μ
2086 4229 2203 4283 Bo
2347 4234 2409 4282 17
2450 4227 2508 4281 Ι.
2533 4269 2544 4281 .
2569 4269 2580 4281 .
2605 4270 2617 4281 .
2658 4226 2822 4282 scitia
2858 4230 2942 4298 (in
2976 4232 3200 4299 rasura)

584 4360 882 4416 dicendum
923 4367 962 4417 fi
1010 4361 1147 4418 sicia
1204 4361 1472 4416 katamon
1520 4377 1631 4415 non
1678 4363 1901 4416 catamo
1950 4359 2246 4416 dicendum
2294 4361 2427 4431 quia
2471 4376 2777 4430 numquam
2826 4361 2946 4416 sine
2990 4379 3029 4415 n
3074 4377 3199 4431 pro-

585 4492 874 4548 nuntiatur
912 4495 959 4549 G
999 4496 1229 4552 Inscitia
1265 4495 1562 4551 dicendum
1609 4442 1899 4549 n0n¹¹²sicia
1942 4497 2189 4566 (reliquis
2225 4495 2458 4564 omissis)
2492 4494 2549 4548 B
2594 4495 2660 4547 In
2696 4494 2939 4550 ciliciam
2984 4512 3097 4550 non
3142 4495 3202 4549 in

586 4576 824 4632 siliciam
864 4576 1163 4633 dicendum
1200 4576 1451 4646 (Inscitia
1486 4574 1785 4629 dicendum
1816 4593 1925 4631 non
1953 4576 2111 4631 isicia
2142 4579 2207 4647 p)
2247 4576 2380 4646 quia
2416 4594 2696 4645 nusquam
2736 4574 2854 4629 sine
2886 4593 2924 4628 n
2964 4591 3202 4644 pronun-

584 4657 765 4710 ciatur
801 4672 881 4726 sp
1007 4653 1153 4712 κατὰ
1192 4653 1256 4712 τὸ
1295 4678 1329 4712 v
1366 4672 1476 4711 non
1513 4648 1660 4707 κατὰ
1697 4649 1760 4708 τὸ
1800 4654 1855 4726 c]
1894 4656 2035 4711 kata
2071 4658 2271 4712 ΜΟΥΝ
2314 4673 2422 4711 non
2455 4651 2780 4713 ΚὰΤὰΜΟΥ
2821 4654 2897 4707 Μ
3039 4660 3104 4708 19
3143 4653 3201 4708 in

586 4743 713 4792 ante
738 4756 776 4791 x
802 4754 904 4793 om.
932 4738 1048 4792 ΒΟ
1173 4743 1241 4792 20
1277 4737 1387 4791 iter
1423 4743 1712 4790 assumunt
1747 4751 1781 4794 ς
1818 4740 1905 4791 ter
1941 4739 2230 4791 assumunt
2268 4736 2404 4790 MR
2419 4736 2475 4791 Ο.
2514 4737 2746 4803 fortasse
2781 4735 2870 4790 ter
2904 4734 3204 4788 adsumunt

587 4817 804 4872 dativo:
844 4819 912 4885 cf.
957 4817 1237 4874 Priscian.
1277 4818 1312 4874 Ζ.
1346 4816 1471 4870 XV
1498 4833 1555 4884 p.
1598 4821 1685 4884 76,
1724 4821 1808 4871 22
1846 4815 1962 4870 alia
1996 4831 2127 4870 vero
2165 4816 2470 4870 adsumunt
2505 4814 2696 4870 dativo
2733 4816 2821 4868 ter
2855 4811 3204 4883 paenultima

591 4899 869 4968 correpta,
907 4901 970 4952 ut
1005 4898 1165 4953 fortis
1203 4897 1337 4952 forti
1371 4897 1593 4952 fortiter
1737 4902 1802 4951 21
1845 4895 1925 4950 sic
1962 4895 2145 4951 audax
2183 4895 2471 4950 audaciter
2507 4909 2608 4948 om.
2646 4893 2763 4948 ΒΟ
