3613 5528
1368 402 1505 458 ΑΕΒ
1560 398 2052 457 GRAMMATICA
2883 400 3014 465 417

412 511 457 550 p.
483 498 549 541 4⁶.
577 499 631 542 4ss
657 499 718 539 H.

412 587 557 649 item
599 586 853 668 prodere
899 586 1075 650 modo
1120 594 1257 648 ante
1302 586 1444 650 dare
1490 589 1806 670 significat,
1852 595 1921 650 ut
1965 586 2218 669 prodere
2264 590 2513 669 patriam
2549 588 2796 670 dicitur,
2840 587 3014 650 modo

411 712 591 775 porro
637 693 779 756 dare
823 701 888 756 et
929 712 1287 777 propagare,
1331 702 1401 756 ut

685 801 962 864 ltaliam
1009 809 1299 882 regeret
1347 801 1491 886 [et],
1537 822 1768 884 genus
1814 803 1958 865 alto
2005 822 2038 864 a
2084 805 2433 884 sanguine
2479 805 2745 867 Teucri

685 908 1095 991 proderet,
2684 906 2696 919 '

333 1027 359 1069 ⁶
414 1024 474 1079 et
516 1037 627 1098 pro
672 1019 1110 1109 praepositione
1157 1020 1247 1100 in,
1293 1025 1361 1080 ut
1404 1037 1514 1099 pro
1562 1021 1803 1101 rostriS,
1849 1037 1959 1099 pro
2006 1018 2313 1102 tribunali,
2362 1029 2428 1082 ut

771 1126 1281 1206 hirsutumque
1328 1125 1803 1207 supercilium
1850 1129 2353 1208 promissaque
2399 1126 2646 1203 barba,

410 1232 471 1295 id
518 1240 610 1296 est
653 1234 943 1316 immissa3
989 1252 1024 1293 *
1070 1241 1131 1295 et
1174 1253 1283 1316 pro
1323 1254 1394 1295 eo
1443 1234 1602 1315 quod
1649 1244 1743 1296 est
1786 1224 1988 1315 ὑπέρ,
2034 1243 2102 1298 ut

712 1361 925 1404 unum
971 1341 1151 1403 illud
1199 1341 1361 1424 tihi,
1408 1350 1573 1405 nate
1618 1343 1773 1424 dea,
1819 1359 2093 1422 proque
2138 1342 2470 1405 omnihus
2516 1362 2728 1407 unum

713 1448 1140 1531 praedicam.

335 1574 387 1615 ιο
587 1556 676 1620 Ab
722 1566 785 1620 et
820 1576 892 1619 ex
932 1559 1430 1639 praepositioneS,
1476 1559 1528 1618 si
1565 1574 1824 1636 sequens
1862 1556 2107 1620 verbum
2144 1578 2178 1619 a
2216 1558 2400 1621 vocali
2437 1561 2710 1641 incipiat,
2755 1561 3020 1639 integrae

413 1666 771 1747 efferuntur,
842 1674 910 1728 ut
972 1684 1044 1727 ex
1101 1663 1342 1746 oppido;
1412 1666 1463 1727 si
1509 1673 1907 1726 consonantes
1962 1673 2316 1748 sequantur,
2379 1675 2701 1729 extremam
2764 1666 3020 1729 litteram

411 1771 696 1855 perdunt,
733 1782 802 1835 ut
837 1792 870 1834 e
909 1774 1066 1855 foro;
1105 1772 1406 1854 similiter,
1442 1774 1495 1833 si
1531 1752 1748 1834 vocalis
1788 1769 1799 1854 Ι
1840 1779 2128 1853 sequatur
2156 1775 2608 1836 consonantium
2645 1773 2775 1834 loco
2812 1775 3022 1869 pqsita,

413 1888 481 1941 ut
534 1898 566 1940 e
621 1881 714 1942 via
759 1925 775 1942 .
823 1880 933 1942 hae
989 1889 1187 1942 autem
1243 1898 1362 1941 non
1421 1897 1608 1942 unum
1665 1880 1942 1960 idemque
1997 1883 2364 1957 sionificant.
2455 1900 2569 1944 nec
2624 1886 2783 1944 enim
2835 1900 3021 1943 unum

413 1990 689 2065 idemque
732 1995 826 2049 est
879 1983 935 2049 ‘a
983 1987 1214 2049 theatro
1263 1981 1457 2048 venio’
1513 1993 1574 2049 et
1637 1981 1731 2048 ‘ex
1792 1982 2065 2049 theatro’.
2159 2005 2290 2049 nam
2348 1991 2450 2069 qui
2506 1989 2650 2050 dicit
2702 2008 2734 2049 a
2789 1987 3020 2050 theatro

337 2111 386 2151 ιιι
415 2113 479 2154 se
526 2095 757 2177 venire,
811 2114 930 2157 non
986 2113 1058 2157 ex
1115 2097 1243 2174 ipso
1302 2094 1561 2176 theatro,
1617 2094 1722 2155 sed
1768 2113 1801 2155 e
1849 2093 1979 2155 loco
2027 2097 2130 2175 qui
2176 2102 2269 2157 est
2324 2095 2554 2158 theatro
2600 2097 2906 2176 proximus
2953 2114 3019 2157 se

413 2204 613 2263 venire
674 2203 989 2283 significat3
1054 2204 1158 2282 qui
1220 2220 1359 2262 vero
1409 2220 1498 2274 ,ex
1561 2197 1832 2283 theatro,
1893 2220 1972 2263 ex
2039 2204 2168 2283 ipso
2223 2202 2454 2265 theatro
2510 2203 2803 2282 significat
2857 2249 2870 2263 .
2926 2201 3021 2263 his

411 2308 949 2389 praepositionibus
994 2327 1169 2390 pares
1216 2311 1515 2370 contraria
1579 2315 1873 2389 potestate
1930 2319 2072 2371 sunt
2126 2310 2197 2371 ad
2254 2319 2313 2372 et
2367 2311 2457 2394 in,
2518 2327 2669 2391 quae
2733 2317 2793 2371 et
2854 2311 3017 2390 ipsae

411 2433 529 2477 non
576 2433 762 2478 unum
814 2416 1091 2496 idemque
1144 2416 1507 2498 significant,
1562 2417 1699 2495 quia
1754 2418 1816 2477 in
1872 2416 2067 2478 sorum
2130 2419 2219 2479 ire
2283 2426 2375 2480 est
2438 2420 2499 2479 in
2560 2419 2757 2497 ipsum
2822 2417 3018 2479 sorum

409 2526 660 2606 intrare,
704 2522 776 2585 ad
807 2525 1002 2586 sorum
1030 2532 1227 2586 autem
1256 2525 1372 2605 ire,
1418 2522 1489 2584 ad
1519 2522 1715 2585 locum
1744 2524 1875 2584 soro
1902 2525 2255 2604 proximum.
2348 2524 2620 2587 similiter
2657 2524 2727 2586 ad
2760 2523 3017 2587 tribunal

333 2647 386 2688 so
414 2632 573 2692 venit
618 2630 901 2713 litigator,
947 2632 1009 2693 in
1055 2630 1316 2693 tribunal
1361 2648 1516 2692 vero
1551 2649 1792 2711 praeses
1839 2637 1942 2693 aut
1986 2630 2180 2693 iudex.

1301 2823 1422 2890 DE
1471 2823 2131 2891 CONIVNC'I'IONE

590 2971 941 3033 Coniunctio
988 2978 1082 3033 est
1134 2989 1273 3051 pars
1318 2973 1601 3033 orationis
1658 2977 1906 3033 nectens
1960 2970 2358 3052 ordinansque
2416 2975 2769 3036 sententiam
2816 3021 2830 3035 .
2878 2991 3015 3034 con·

410 3081 699 3141 iunctioni
728 3080 1006 3141 accidunt
1033 3080 1218 3159 figura
1246 3076 1393 3140 ordo
1420 3084 1699 3159 potestas⁸
1755 3080 1944 3159 figura
1973 3088 2065 3140 est
2093 3097 2207 3159 qua
2236 3088 2497 3162 apparet,
2527 3087 2728 3142 utrum
2763 3080 3015 3160 simplex

412 3188 538 3263 sit‚·
578 3194 646 3249 ut
709 3187 976 3269 quidem,
1040 3206 1113 3247 an
1180 3188 1531 3267 composita,
1596 3194 1663 3247 ut
1727 3186 2005 3266 equidem
2062 3233 2074 3248 .
2132 3186 2279 3248 ordo
2348 3205 2467 3266 quo
2533 3193 2801 3270 apparet,
2866 3205 3016 3267 quae

333 3324 384 3364 25
410 3295 696 3376 praeponi
740 3302 972 3355 tantum
1016 3296 1232 3374 possit,
1289 3299 1356 3355 ut
1411 3311 1573 3375 nam,
1627 3311 1777 3373 quae
1835 3292 2140 3373 subiungi,
2196 3303 2262 3355 ut
2320 3312 2462 3374 que,
2520 3313 2680 3371 quae
2731 3296 3016 3376 praeponi

412 3410 474 3463 et
520 3401 825 3483 subiungi,
871 3410 937 3463 ut
984 3410 1044 3462 et
1091 3449 1103 3462 .
1150 3409 1413 3481 potestas
1457 3402 1946 3462 coniunctionum
1991 3402 2053 3462 in
2099 3400 2173 3461 vl
2220 3403 2449 3482 species
2507 3400 2818 3464 dividitur:
2870 3409 3015 3464 sunt

412 3511 572 3572 enim
600 3507 991 3592 copulativae,
1029 3506 1321 3590 causales,
1350 3509 1818 3584 ratiocinativae,
1845 3506 2192 3590 repletivae,
2221 3507 2638 3592 disiunctivae,
2666 3508 2973 3572 dubitandi
3001 3557 3014 3570 .

591 3691 773 3747 Codex
807 3688 1200 3761 Sanqallensis.
1298 3696 1325 3744 1
1366 3689 1526 3761 item]
1564 3688 1691 3746 ideo
1847 3687 2192 3759 significatur
2226 3690 2462 3761 prodere
2615 3698 2648 3746 2
2685 3693 2877 3764 porro]
2914 3709 3017 3762 pro

482 3773 549 3826 ut
573 3787 674 3828 om.
820 3776 853 3825 5
884 3773 942 3827 et
967 3787 1068 3840 pro
1095 3786 1230 3841 prae
1257 3770 1316 3825 in
1343 3771 1545 3841 postris
1571 3788 1673 3841 pro
1701 3767 1971 3825 tribunali
2115 3777 2147 3824 6
2175 3770 2587 3844 hirsutumque]
2608 3771 2688 3828 ite
2714 3774 3016 3841 utcumque

481 3852 683 3926 barba]
722 3851 894 3907 uerba.
1037 3857 1067 3906 7
1102 3850 1167 3905 id
1204 3850 1312 3923 est]
1351 3850 1427 3905 id’
1589 3852 1655 3906 ut
1688 3868 1790 3905 om.
1949 3857 2012 3905 12
2051 3851 2116 3904 ιιι
2151 3851 2300 3907 efero
2468 3858 2532 3906 13
2571 3869 2684 3908 non
2719 3869 2889 3908 unum
2924 3852 3016 3907 ide

413 3940 443 3990 ὅ
481 3934 738 3989 atheatro
885 3938 950 3987 17
991 3932 1332 4004 potestatem
1474 3932 1642 4004 quae]
1683 3930 1832 4001 quod
1977 3936 2044 3984 21
2083 3931 2181 3985 DE
2220 3930 2771 3988 CONIVNCTIONE
2809 3950 2909 3988 om.

412 4021 481 4070 23
519 4030 662 4084 quae
699 4014 939 4083 apparet
972 4030 1045 4068 an
1083 4012 1322 4084 simplex
1359 4014 1447 4069 est
1607 4018 1674 4068 25
1712 4029 1859 4082 quae
1896 4013 2086 4067 ultim
2122 4014 2236 4067 loeo
2271 4028 2370 4068 om.
2533 4018 2601 4068 27
2640 4013 3016 4069 rationatiuae

591 4180 620 4228 1
658 4175 725 4229 ut
759 4172 993 4244 prodere
1029 4171 1271 4243 patriam
1308 4172 1513 4230 dicitur
1558 4141 1813 4245 proditor
1848 4130 2157 4228 Diomedes.
2294 4179 2326 4227 3
2365 4172 2613 4245 Italiam]
2673 4174 2829 4246 Vei-9.
2876 4176 3014 4230 Aen.

414 4257 583 4311 IIII
614 4260 731 4312 230
873 4260 906 4307 6
945 4252 1361 4327 hirsutumque]
1409 4253 1565 4326 Verq.
1604 4254 1776 4309 bucol.
1814 4257 1945 4319 &34
2090 4259 2120 4308 7
2158 4254 2218 4308 id
2263 4257 2348 4310 est
2393 4253 2650 4320 inmissa
2699 4255 2758 4309 et
2799 4271 2902 4326 pro
2949 4271 3015 4310 eo

412 4337 562 4406 quod
597 4335 688 4391 est
720 4332 857 4389 ἄντί
886 4333 1036 4405 apud
1075 4333 1341 4404 ercos,
1397 4337 1462 4391 ut
1504 4352 1632 4390 cum
1678 4334 1915 4391 dicimus
1964 4335 2208 4390 ‘cervam
2245 4351 2348 4405 pro
2386 4333 2720 4406 Iphigenim’
2777 4338 2838 4391 et
2892 4335 3016 4406 ‘pro
3116 4324 3137 4343 ⁸

412 4416 562 4472 dulci
598 4417 839 4471 Ascanio
883 4412 1126 4483 veniat?
1184 4417 1246 4471 et
1295 4433 1397 4487 pro
1445 4432 1511 4471 eo
1560 4416 1710 4485 quod
1758 4417 1845 4471 est
1886 4410 2033 4484 ὑπέρ
2078 4415 2366 4470 Diomedes
2544 4421 2576 4470 8
2613 4416 2810 4488 unum]
2859 4415 3014 4487 Ver-9.

411 4497 549 4552 Aen.
589 4497 715 4550 III
747 4499 857 4550 435
1003 4501 1068 4550 10
1103 4495 1192 4551 Ab
1231 4498 1290 4553 et
1326 4496 1418 4569 ex]
1456 4496 1639 4553 Diem.
1671 4515 1732 4567 p.
1773 4500 1976 4562 414,32
2012 4495 2173 4551 Beda
2208 4496 2275 4551 de
2309 4496 2544 4565 orthoyr.
2573 4513 2634 4566 p.
2674 4501 2847 4563 263,3

415 4584 480 4633 13
516 4591 630 4632 non
672 4575 825 4630 idem
868 4593 1151 4646 unumque
1195 4577 1536 4648 significant:
1584 4594 1687 4632 nec
1733 4577 1884 4631 enim
1930 4593 2102 4632 uuum
2148 4578 2234 4631 est
2279 4592 2315 4631 a.
2359 4576 2583 4632 theatro
2628 4576 2818 4631 venire
2855 4578 2915 4632 et
2948 4593 3016 4631 ex

409 4658 633 4713 theatro
669 4656 957 4711 Diomedes
1120 4662 1184 4712 17
1221 4674 1383 4728 pares
1429 4658 1560 4713 sunt
1603 4657 1886 4713 conta-aria
1926 4657 2210 4728 potestate
2259 4660 2390 4712 sunt
2423 4657 2630 4713 codices
2663 4656 2876 4723 Reduc,
2919 4656 3015 4712 ubi

410 4753 575 4808 pares
613 4736 712 4792 sed
748 4735 1029 4791 contraria
1063 4738 1239 4793 edidi.-
1284 4753 1449 4808 pares
1493 4753 1593 4792 om.
1631 4736 1921 4794 Diomedes
2061 4743 2131 4792 20
2167 4737 2414 4809 praeses]
2461 4741 2686 4807 praetor
2729 4737 3018 4792 Diomedes

411 4824 462 4873 et
495 4819 655 4875 Beda
796 4823 863 4872 21
903 4816 1000 4871 ΒΕ
1039 4816 1612 4888 CONIUNCTIONE]
1661 4818 1876 4875 Charis.
1905 4836 1966 4888 p.
2005 4823 2221 4885 224,24
2256 4818 2441 4874 Diem.
2472 4836 2535 4888 p.
2573 4823 2771 4884 415,13
2808 4819 3013 4874 Donat.

405 4915 464 4968 p.
505 4904 718 4964 388,.28
860 4902 930 4952 25
965 4898 1239 4968 praeponi
1277 4900 1335 4953 et
1371 4897 1636 4969 subiungi
1671 4899 1737 4954 ut
1771 4899 1944 4955 etiam
1983 4900 2274 4956 chaussiue
