3613 5528
1263 425 1402 481 ΔΒΕ
1440 426 1537 483 DE
1575 425 2150 483 ORTHOGRAPHJA
2879 426 3002 495 121

400 542 443 580 p.
470 529 588 569 mi.
617 529 668 569 τε
694 528 744 568 r.
1490 534 1495 539 ·

401 621 462 674 et
519 612 875 694 despicabile
936 612 1156 694 aliquid
1216 620 1278 674 et
1335 610 1771 674 admirandum:
1832 612 2111 693 Virgilius
2171 608 2453 675 ‘oculos
2513 613 2874 676 horrenda
2935 616 3005 676 in

402 722 679 801 virgine
725 715 968 783 fixos'.

574 829 908 890 Advocatur
953 827 1201 890 daturus
1246 830 1659 910 patrocinium,
1703 830 2012 890 invocatur
2056 837 2467 909 praestaturus
2513 828 2823 912 auxilium,
2871 849 3002 890 evo·

401 943 568 996 catur
612 934 994 1015 praebiturus
1040 934 1409 1017 obsequium.
2256 937 2270 955 '

323 1070 349 1110 5
574 1043 831 1105 Inluvies
878 1043 1145 1105 sordium
1191 1052 1313 1126 est,
1358 1044 1648 1124 ingluvies
1692 1046 1934 1106 ventriS.
2019 1044 2163 1106 illud
2211 1062 2242 1104 a
2290 1062 2410 1106 non
2455 1043 2728 1128 lavando,
2773 1045 2887 1107 hoc
2934 1045 3007 1106 ab

403 1149 765 1231 inglutiendo
811 1150 1056 1212 dictum.

571 1258 780 1318 Torris
823 1257 1049 1337 lignum
1093 1267 1469 1341 praeustam,
1514 1267 1751 1320 torrens
1798 1277 1985 1340 aquae
2030 1278 2142 1339 per
2186 1267 2508 1340 praerupta
2553 1259 2862 1322 decursus,

574 1364 1031 1426 Commonemus
1075 1368 1422 1450 praeterita,
1468 1384 1875 1429 ammonemus
1917 1370 2281 1450 praesentia,
2328 1385 2638 1429 monemus
2687 1367 2902 1428 sutura.

574 1471 660 1534 Ne
717 1471 932 1533 multas
981 1471 1161 1533 habet
1206 1474 1690 1552 significationes:
1745 1492 1821 1535 ne
1867 1473 2041 1554 longa
2094 1473 2438 1535 adverbium
2490 1472 2874 1556 prohibendi,
2937 1484 3004 1536 ut

320 1604 371 1643 ιο
398 1587 491 1641 est
545 1575 663 1640 ‘ne
718 1596 983 1658 quaere
1039 1575 1345 1641 doceri':
1412 1598 1486 1642 ne
1542 1579 1739 1641 brevis
1783 1584 2126 1643 coniunctio
2173 1581 2544 1663 disiunctiva,
2591 1590 2660 1643 ut
2706 1589 2796 1642 est
2843 1576 3004 1640 ‘ho-

398 1672 725 1747 minesne‘
755 1681 1106 1748 feraene':
1159 1688 1306 1748 item
1341 1705 1417 1748 ne
1454 1687 1626 1768 longa
1665 1689 2006 1750 coniunctio
2045 1687 2312 1771 causalis,
2350 1696 2416 1749 ut
2453 1696 2546 1750 est
2582 1683 2702 1748 ‘ne
2740 1694 3007 1748 tenues

396 1788 710 1875 pluviae’
758 1801 820 1854 et
865 1788 984 1853 ‘ne
1033 1792 1339 1855 subeant
1382 1790 1705 1856 herbae'.

576 1900 906 1961 Temeritas
952 1902 1081 1961 sine
1128 1901 1376 1962 consilio
1424 1900 1670 1984 dicitur,
1716 1901 1957 1963 audacia
2002 1910 2139 1982 post
2183 1901 2516 1963 consilium.

578 2006 866 2068 Velocitas
911 2007 1132 2087 pedum
1179 2017 1240 2069 et
1285 2026 1631 2090 corporum,
1677 2009 1952 2070 celeritas
1999 2011 2328 2071 animorum
2375 2016 2553 2088 atque
2600 2009 2909 2070 factorum.

324 2095 376 2183 1‘5
584 2114 873 2177 Gaudium
928 2116 1141 2197 animi,
1205 2114 1424 2176 laetitia
1488 2121 1549 2175 et
1613 2115 1896 2176 exultatio
1962 2118 2140 2176 etiam
2205 2114 2521 2177 verborum
2586 2122 2764 2195 atque
2823 2130 3006 2174 mem-

401 2222 665 2285 brorum.

580 2328 757 2390 Vlcus
803 2336 896 2390 est
942 2327 1103 2407 quod
1149 2330 1446 2410 nascitur,
1492 2327 1705 2389 vulnus
1754 2327 1913 2408 quod
1959 2346 2069 2407 per
2116 2327 2295 2390 alium
2342 2329 2423 2390 fit.

581 2437 786 2499 Vivum
834 2435 909 2497 de
957 2437 1187 2497 victuro
1236 2436 1517 2517 dicimus,
1560 2437 1855 2497 viventem
1902 2434 1975 2496 de
2023 2437 2330 2497 morituro.

579 2543 857 2606 Nascitur
903 2543 1060 2623 quod
1110 2541 1181 2604 de
1230 2552 1402 2605 utero
1449 2543 1686 2625 decidit,
1733 2545 2036 2605 enascitur
2082 2542 2241 2622 quod
2287 2542 2361 2604 de
2409 2551 2571 2605 terra
2608 2552 2710 2606 aut
2747 2544 2818 2605 de
2858 2564 3008 2625 aqua

317 2679 373 2718 so
401 2653 685 2732 exsurgit.
2901 2648 2908 2653 ’

581 2756 911 2821 Adducitur
957 2760 1092 2839 quis
1135 2757 1209 2820 ad
1256 2777 1384 2821 rem
1430 2758 1833 2842 inhonestam,
1877 2757 2227 2839 perducitur
2284 2758 2356 2821 ad
2415 2758 2636 2838 studia,
2697 2760 3012 2823 deducitur

404 2866 479 2927 ad
524 2866 827 2927 honorem.

581 2973 779 3035 Eluxit
823 2977 934 3050 qm·
974 2974 1202 3035 luctum
1247 2974 1548 3056 deposuit3
1593 2973 1833 3055 inluxit,
1880 2992 2017 3035 cum
2063 2973 2262 3036 lumen
2308 2977 2597 3055 apparuit.

582 3069 909 3142 Nuntiatur
967 3081 1039 3142 de
1105 3082 1457 3164 longinquo,
1520 3081 1907 3143 denuntiatur
1969 3085 2030 3143 in
2095 3085 2423 3163 praesenti,
2488 3081 2870 3144 adnuntiatur
2938 3082 3011 3143 de

315 3215 370 3254 25
403 3191 625 3271 futuro,
662 3190 1039 3250 renuntiatur
1075 3188 1148 3249 de
1187 3188 1523 3250 excusando
1563 3188 1683 3267 [vel
1721 3188 2161 3268 respondendo]
2200 3188 2293 3250 vel
2321 3187 2716 3269 repudiando:
2754 3189 2966 3250 Cicero
3000 3183 3008 3274 Ι

401 3291 862 3357 ‘renuntiata
910 3306 1020 3358 est
1066 3305 1214 3358 tota
1262 3293 1645 3358 condicio'.

582 3403 907 3484 Deportare
946 3404 1264 3486 deponere,
1301 3403 1614 3484 adportare
1653 3412 1746 3465 est
1782 3403 2000 3484 aliquid
2038 3403 2291 3487 adferre,
2338 3411 2691 3485 conportare
2728 3405 2789 3464 in
2830 3421 3013 3464 unum

400 3511 602 3572 locum
648 3509 950 3591 conferre,
996 3519 1309 3590 exportare
1355 3510 1582 3573 tollere.

399 3688 631 3697 ———.-...—-—
650 3687 825 3693 ——.-—.—

550 3797 576 3844 1
609 3786 937 3858 dispicabile
955 3786 1003 3841 Ο
1016 3787 1366 3859 displicabile
1387 3789 1442 3843 Β
1532 3788 1749 3858 aliquid
1777 3788 2186 3846 ammirandum
2204 3790 2254 3845 Ο
2336 3790 2552 3863 oculos]
2580 3790 2735 3862 Vei-9.
2752 3791 2891 3846 Aen.
2914 3791 3019 3843 XI

400 3877 515 3929 507
602 3878 635 3926 2
666 3871 800 3924 fixas
829 3883 968 3923 corr.
997 3885 1084 3922 -os
1115 3870 1172 3923 Ο·
1242 3875 1273 3924 5
1304 3868 1564 3940 inluvies]
1595 3868 1836 3939 inlugies
1865 3870 1920 3923 Β
2005 3887 2040 3923 a
2066 3887 2180 3926 non
2208 3871 2450 3927 lauando
2480 3888 2510 3927 c
2537 3888 2611 3926 an
2629 3887 2742 3926 non
2768 3870 3014 3926 lauando

403 3953 483 4008 M
511 3969 549 4007 a
582 3969 694 4007 non
730 3947 1011 4005 laudando
1049 3949 1164 4004 ΒΟ
1269 3956 1299 4004 7
1338 3951 1516 4004 torres
1553 3947 1769 4018 lignum
1795 3952 2086 4019 perustum
2114 3951 2171 4006 Β
2277 3970 2378 4022 per
2403 3954 2732 4025 praerupta]
2772 3952 2831 4006 in
2857 3967 3015 4022 prae-

400 4034 575 4103 rupta
623 4033 700 4086 M
876 4034 1140 4089 decursus
1180 4030 1252 4083 Μ
1262 4029 1377 4083 ΒΟ
1409 4028 1704 4084 decurrens
1739 4046 1768 4085 c
1948 4037 1982 4086 8
2018 4031 2332 4101 monemus]
2372 4047 2800 4100 praemonemus
2828 4048 2874 4101 p

400 4119 436 4168 9
478 4111 916 4182 significationes
953 4111 1129 4167 habet
1155 4109 1271 4164 ΒΟ
1375 4115 1442 4164 10
1468 4127 1539 4164 ne
1569 4125 1809 4178 quaeras
1846 4108 1985 4163 BG.-
2024 4109 2177 4181 Very.
2207 4111 2346 4165 Aen.
2388 4111 2481 4165 VI
2515 4116 2623 4166 614
2731 4128 2800 4165 ne
2828 4111 3016 4166 breuis

400 4191 725 4248 coniunctio
764 4191 1004 4249 causalis
1041 4191 1199 4259 (corr.
1227 4190 1567 4245 disiunctiua
1602 4192 1651 4258 c)
1688 4192 1755 4244 nt
1789 4190 1880 4244 est
1914 4206 1986 4245 ne
2022 4190 2219 4245 tenues
2259 4189 2308 4244 Ο
2467 4190 2815 4262 hominesne]
2859 4190 3016 4260 Very.

399 4273 548 4327 Aen.
577 4272 621 4324 I
644 4277 756 4328 308
867 4280 930 4329 11
960 4290 1032 4328 ne
1068 4271 1287 4342 tenues]
1330 4270 1484 4340 Ver-9.
1516 4286 1693 4341 qeorq.
1715 4271 1759 4324 I
1782 4275 1862 4325 92
1973 4275 2039 4324 12
2068 4287 2137 4326 ne
2165 4271 2424 4342 subeant]
2459 4271 2614 4341 Ver-9.
2641 4288 2817 4341 yeory.
2841 4272 2883 4324 Ι
2906 4278 3018 4328 180

514 4357 583 4405 14
622 4353 934 4424 corporum]
973 4355 1292 4422 temporum
1329 4350 1445 4405 ΒΟ
1621 4355 1685 4404 15
1732 4350 2033 4404 uerborum
2070 4352 2240 4419 atque
2278 4351 2679 4422 membrorum]
2719 4349 3017 4405 uerborum

398 4436 576 4502 atque
612 4433 911 4488 uerborum
945 4431 1003 4485 Β
1038 4430 1411 4486 membrorum
1449 4432 1607 4501 (corr.
1635 4431 1955 4498 uerborum)
1993 4431 2167 4499 atque
2193 4431 2569 4486 membrorum
2607 4430 2652 4485 Ο
2760 4436 2824 4484 17
2865 4431 3016 4498 quod

390 4518 525 4584 post
562 4513 761 4568 vulnus
799 4529 903 4566 om.
929 4513 984 4566 Β
1093 4517 1161 4566 18
1201 4510 1437 4566 dicimus
1473 4511 1528 4564 Β
1564 4510 1772 4566 dicitur
1810 4511 1886 4565 Μ
1895 4507 1942 4564 Ο
2043 4518 2114 4567 20
2152 4511 2373 4581 exurgit
2407 4511 2499 4567 uel
2537 4512 2608 4566 ad
2637 4510 2934 4566 abducitur
2961 4511 3015 4564 Β

511 4600 581 4648 23
619 4593 815 4648 Eiuxit
851 4591 1063 4646 luctum
1101 4590 1362 4661 deposuit
1401 4592 1473 4645 Μ
1481 4592 1598 4647 ΒΟ
1628 4591 1824 4647 Eluxit
1857 4591 1956 4661 qui
1990 4591 2202 4646 luctum
2240 4592 2474 4660 deponit
2510 4606 2544 4649 ς
2669 4596 2740 4644 24
2771 4589 2830 4643 in
2857 4606 3016 4659 prae-

397 4673 549 4730 senti
588 4674 661 4728 Μ
663 4673 784 4729 ΒΟ
817 4673 889 4727 de
926 4674 1207 4745 praesenti
1243 4690 1273 4729 c
1450 4679 1518 4727 25
1568 4673 1639 4728 de
1687 4672 2001 4728 excusando
2048 4673 2108 4726 et
2151 4668 2497 4739 repudiando
2534 4668 2651 4723 ΒΟ
2823 4667 3017 4725 Cicero

399 4784 469 4796 —-
510 4752 765 4809 condicio
815 4769 916 4808 om.
956 4755 1053 4821 M,
1099 4755 1230 4809 add.
1268 4753 1452 4811 ΒΟςε
1500 4752 1610 4810 Cic.
1648 4754 1715 4807 in
1762 4753 1912 4808 Verr.
1953 4759 2058 4809 act.
2096 4769 2189 4821 pr.
2230 4756 2283 4818 6,
2320 4755 2394 4805 16
2573 4755 2642 4803 26
2689 4749 2936 4804 conditio
2983 4764 3017 4808 ς

397 4833 698 4891 conductio
738 4833 859 4889 ΒΟ
1012 4839 1080 4889 27
1120 4833 1419 4903 deportare
1454 4832 1729 4903 deponere
1768 4836 1855 4889 est
1892 4833 2192 4904 apportare
2228 4826 2442 4898 aliquid
2481 4827 2700 4882 adferre
2740 4828 2788 4883 Ο
2819 4827 3015 4900 depor-

396 4916 525 4970 tare
563 4914 623 4970 et
656 4914 935 4986 deponere
972 4917 1033 4971 et
1068 4915 1369 4986 adportare
1406 4914 1493 4969 est
1528 4912 1744 4982 aliquid
1778 4913 1996 4969 adferre
2034 4912 2091 4967 Β
