3613 5528
620 436 708 500 90
1560 435 1773 490 ΟΑΡΒΙ
1813 436 1905 489 ΕΤ
1943 434 2289 489 AGROECII

620 624 974 683 testimoniis
1030 624 1081 681 ei
1139 620 1486 682 tribuuntur
1544 622 1714 703 11300,
1770 623 1841 683 (10
1899 641 1949 682 v.
2001 641 2195 699 penus
2250 641 2304 700 p.
2354 616 2464 699 74,
2521 618 2604 681 28
2663 620 2790 681 coll.
2839 621 3025 681 Prisc.
3073 619 3106 679 l.
3155 619 3227 679 Vl

617 749 671 809 p.
723 726 870 809 260,
923 726 1018 803 17,
1067 729 1140 789 de
1188 748 1236 788 v.
1280 728 1486 804 femur
1532 748 1587 807 p.
1637 726 1740 810 87,
1788 726 1830 789 2
1877 728 2005 789 coll.
2048 728 2209 789 Serv.
2249 730 2311 788 in
2349 725 2517 805 Verg.
2559 727 2699 788 Aen.
2740 726 2773 787 1.
2815 746 2882 808 0.,
2927 728 3003 788 (10
3041 746 3090 787 v.
3130 732 3229 787 lac

616 856 670 915 p.
724 833 867 916 102,
913 833 957 896 4
1003 834 1132 896 0011.
1182 836 1366 895 Prisc.
1416 835 1450 896 l.
1500 834 1575 895 Vl
1622 856 1676 916 p.
1725 834 1875 917 212,
1924 831 1981 897 5.
2057 835 2269 896 deinde
2317 836 2377 894 in
2427 836 2851 895 commentario
2907 835 2979 895 de
3029 833 3226 894 dubiis

616 942 955 1003 nominibus
1001 961 1242 1022 gramm.
1288 942 1385 1003 lat.
1422 963 1483 1003 ·v.
1532 942 1578 1000 V
1626 963 1679 1022 p.
1729 940 1855 1004 571
1892 962 2016 1022 sqq.
2092 943 2362 1022 plurima,
2409 959 2558 1020 quae
2608 942 2848 1021 quidem
2895 945 2954 1003 in
3004 940 3102 1000 illo
3154 960 3225 1001 ex

617 1051 952 1128 antiquiore
1009 1048 1279 1110 doctrina
1336 1052 1517 1128 petita
1576 1057 1740 1132 sunt,
1797 1050 1935 1110 huic
1993 1052 2365 1130 potissimum
2423 1053 2803 1128 grammatico
2853 1048 3059 1110 deberi
3105 1046 3224 1108 dixi

619 1155 700 1216 ib.
746 1175 800 1235 p.
842 1153 987 1217 570.
1063 1154 1319 1236 denique
1367 1157 1519 1236 apud
1568 1156 1824 1217 Nonium
1873 1157 2053 1218 multa
2102 1176 2252 1236 quae
2301 1176 2331 1216 a
2381 1156 2570 1236 Capro
2618 1163 2867 1216 tractata
2915 1174 3046 1216 esse
3086 1173 3223 1214 con-

615 1271 731 1323 stat
775 1265 1186 1344 inveniuntur,
1242 1282 1391 1343 quae
1438 1283 1507 1322 ex
1557 1262 1714 1324 illius
1761 1263 1927 1324 libris
1991 1263 2060 1323 ad
2110 1263 2365 1324 Nonium
2412 1266 2755 1342 pervenisse
2803 1262 2956 1323 haud
3005 1265 3223 1341 impro-

614 1369 808 1430 babile
856 1378 960 1430 est.
1037 1372 1267 1431 etiamsi
1313 1374 1473 1431 enim
1520 1371 1778 1432 dubitari
1827 1390 2001 1450 saepe
2047 1378 2273 1451 potest,
2322 1379 2525 1431 utrum
2573 1369 2645 1430 ab
2693 1370 2805 1429 hoc
2851 1371 2982 1448 ipso
3029 1387 3103 1430 an
3151 1367 3223 1429 ab

615 1475 1051 1554 antiquioribus
1099 1477 1442 1537 auctoribus
1491 1496 1641 1557 quos
1688 1477 1783 1537 ille
1824 1477 2172 1538 adhibuerat
2211 1496 2275 1537 ea
2314 1479 2498 1556 petita
2538 1478 2675 1557 sint,
2722 1495 2834 1555 qua
2874 1476 2946 1536 de
2986 1493 3051 1535 re
3089 1482 3226 1555 post

618 1582 924 1643 Hertzium
982 1584 1170 1643 annal.
1217 1582 1416 1662 philol.
1466 1602 1592 1643 nov.
1645 1603 1696 1643 a.
1751 1582 1922 1645 1862
1968 1605 2022 1664 p.
2076 1582 2200 1645 786
2247 1583 2467 1645 Paulus
2515 1583 2878 1644 Schmidtius
2925 1584 2997 1644 de
3047 1582 3222 1642 Nonii

614 1699 768 1750 auct.
807 1708 1048 1768 gramm.
1087 1709 1141 1768 p.
1188 1686 1310 1751 148
1342 1708 1468 1769 sqq.
1515 1690 1678 1771 dixit,
1726 1698 1924 1751 tamen
1974 1691 2062 1756 vel
2109 1699 2355 1770 propter
2403 1691 2780 1768 frequentem
2825 1689 2998 1769 Capri
3044 1707 3222 1749 usum

613 1797 684 1857 ad
733 1796 891 1857 hunc
937 1799 1137 1876 potius
1184 1816 1359 1875 quam
1405 1796 1475 1857 ad
1524 1799 1890 1876 antiquiores
1937 1799 2350 1877 grammaticos
2398 1815 2464 1858 ea
2511 1796 2839 1857 revocanda
2887 1805 3043 1857 51101.

792 1902 875 1964 De
933 1911 1122 1964 aetate
1180 1912 1377 1964 autem
1439 1906 1802 1982 grammatici
1862 1904 1974 1965 1100
2029 1911 2285 1984 constat,
2340 1911 2476 1983 post
2519 1902 2810 1985 Probum,
2872 1922 3046 1981 quem
3095 1906 3222 1983 ipse

623 2009 951 2091 appellavit,
998 2019 1058 2071 et
1102 2019 1236 2090 post
1284 2010 1538 2071 Plinium
1588 2005 1751 2089 (nam
1799 2010 1911 2071 hoc
1959 2029 2197 2089 quoque
2248 2029 2392 2070 usus
2440 2005 2558 2091 est)
2607 2029 2742 2070 eum
2791 2012 3025 2091 vixisse,
3075 2011 3221 2071 lulio

615 2118 878 2178 Romano
926 2127 1150 2199 autem,
1197 2120 1299 2197 qui
1346 2120 1474 2178 0105
1521 2119 1709 2198 0011115
1757 2136 1903 2179 usus
1950 2127 2068 2199 est,
2116 2119 2509 2195 antiquiorem
2559 2117 2758 2178 101550.
2833 2124 2895 2177 01
2941 2119 3221 2196 quoniam

575 2224 868 2299 ‚similem
916 2226 1040 2286 1010
1082 2227 1368 2286 1311000111
1410 2234 1585 2304 atque
1624 2227 1750 2304 ipse
1791 2212 2091 2284 Romanus
2131 2231 2372 2284 secutus
2411 2240 2542 2285 esse
2582 2225 2812 2285 videtur
2854 2225 3223 2303 maximeque

616 2332 690 2392 de
719 2334 1269 2411 antiquissimorum
1300 2334 1661 2411 scriptorum
1692 2350 1965 2393 sermone
1997 2334 2383 2412 quaesiverat,
2412 2350 2530 2392 non
2558 2334 2639 2392 ita
2671 2331 2857 2392 multo
2878 2338 3012 2391 ante
3045 2331 3225 2412 110110,

616 2438 730 2498 1100
777 2448 869 2499 051
916 2438 1027 2499 suh
1076 2441 1251 2499 {inem
1300 2440 1426 2499 fere
1483 2439 1729 2500 secundi
1788 2439 2033 2522 saeculi,
2094 2459 2232 2499 eum
2282 2441 2494 2499 vixisse
2541 2437 2899 2518 putabimus,
2975 2440 3221 2498 incertis

618 2547 773 2605 enim
832 2545 1158 2605 rationibus
1206 2564 1350 2605 usus
1398 2545 1673 2606 Osannus
1729 2555 1979 2607 aetatem
2037 2548 2165 2606 eius
2213 2545 2654 2624 angustioribus
2700 2544 2917 2606 'tinibus
2964 2526 3219 2605 circum-

619 2651 883 2712 scribere
931 2652 1183 2732 studuit,
1243 2669 1378 2712 cum
1437 2652 1505 2711 ad
1555 2652 2361 2732 Flaviorumimperatorum
2408 2660 2675 2732 tempora
2724 2671 2849 2713 eam
2899 2660 3226 2714 revocaret.

796 2758 882 2819 Ex
944 2758 1035 2819 his
1097 2778 1247 2837 (11130
1309 2758 1430 2820 dixi
1495 2763 1608 2820 iam
1669 2758 1742 2820 de
1803 2759 2037 2822 dnobus
2099 2759 2309 2822 libellis
2376 2762 2478 2841 qui
2533 2780 2692 2821 nunc
2751 2760 2924 2841 Capri
2984 2761 3222 2820 nomine

623 2869 894 2946 inscripti
953 2867 1228 2926 1010111111
1283 2874 1445 2926 10010
1492 2868 1739 2928 iudicari
1786 2887 1962 2948 posse
2008 2878 2170 2948 puto.
2260 2871 2525 2947 quamvis
2582 2869 2740 2928 enim
2788 2867 2860 2928 ab
2910 2866 3227 2927 uberrimis

619 2976 805 3054 copiis
852 2976 1069 3035 veteris
1106 2976 1470 3052 grammatici
1509 2983 1568 3034 et
1606 2977 1817 3035 eximia
1857 2974 2194 3036 eruditione
2233 2994 2382 3054 quae
2431 2977 2490 3035 in
2540 2976 2887 3054 fragmentis
2933 2972 3224 3034 librorum

619 3083 748 3142 eius
786 3081 941 3161 apud
979 3084 1345 3160 posteriores
1383 3083 1796 3161 grammaticos
1835 3090 2078 3162 apparet
2113 3082 2175 3143 hi
2213 3081 2348 3143 libri
2386 3082 2555 3161 plane
2595 3083 2813 3143 diversi
2856 3084 2990 3162 sint,
3030 3089 3226 3141 tamen

616 3192 678 3248 in
725 3187 817 3249 his
865 3207 1100 3268 quoque
1149 3207 1265 3248 non
1315 3187 1504 3248 solum
1545 3188 1828 3268 reliquiae
1867 3191 2232 3268 antiquitatis
2271 3199 2331 3250 et
2369 3190 2613 3267 vestigia
2650 3189 2955 3249 doctrinae
2993 3206 3026 3247 a
3065 3187 3221 3246 bono

620 3303 862 3356 auctore
911 3297 1127 3373 petitae
1175 3297 1577 3375 inveniuntur,
1626 3313 1830 3354 verum
1879 3298 2057 3355 etiam
2102 3297 2217 3374 ipsi
2265 3295 2453 3374 Capro
2502 3296 2788 3374 quaedam
2836 3314 2908 3354 ex
2955 3297 3027 3355 iis
3076 3313 3226 3373 quae

620 3401 716 3461 hic
777 3402 1027 3482 legimus
1084 3400 1154 3461 ab
1211 3402 1337 3461 aliis
1394 3401 1757 3462 tribuuntur.
1843 3402 2094 3481 plurima
2151 3420 2290 3462 vero
2345 3404 2420 3462 iis
2468 3401 2796 3463 rationibus
2844 3420 2991 3481 quas
3040 3419 3220 3481 supra

620 3508 743 3568 dixi
787 3509 980 3569 eidem
1028 3510 1254 3569 auctori
1313 3507 1595 3567 vindicari
1649 3517 1950 3588 poterunt.
2047 3527 2182 3569 nam
2229 3527 2436 3588 magna
2491 3528 2628 3589 pars
2675 3529 2883 3572 eorum
2933 3527 3081 3588 quae
3131 3507 3226 3567 hic

621 3614 881 3676 breviter
928 3623 1177 3675 tractata
1223 3614 1315 3675 vel
1360 3634 1480 3676 0110
1529 3614 1707 3675 verbo
1755 3616 2009 3677 indicata
2057 3624 2199 3676 sunt
2246 3615 2489 3676 uberius
2542 3620 2807 3696 exposita
2846 3624 2906 3677 et
2942 3615 3228 3694 exemplis

622 3724 982 3803 scriptorum
1040 3723 1383 3782 confirmata
1437 3725 1737 3784 invenitur
1793 3723 1949 3802 apud
2006 3742 2110 3783 eos
2167 3726 2580 3802 grammaticos
2640 3741 2789 3801 quos
2838 3722 3011 3802 Capri
3058 3720 3226 3781 libris

622 3848 764 3890 usos
810 3848 941 3890 esse
990 3831 1237 3908 scimuS,
1285 3829 1644 3911 Charisium,
1690 3830 2089 3911 Priscianum,
2135 3830 2391 3891 Nonium
2450 3837 2510 3890 et
2567 3848 2702 3890 eum
2752 3832 2854 3908 qui
2901 3829 2973 3889 de
3031 3826 3228 3888 dubiis

623 3937 959 3996 nominibus
1007 3939 1261 4016 scripsit.
1336 3936 1478 3997 illud
1527 3956 1764 4016 quoque
1814 3957 1845 3997 a
1892 3938 2221 3999 rationibus
2267 3938 2446 3999 huius
2493 3939 2858 4017 grammatici
2897 3934 3052 3996 haud
3090 3933 3229 3994 alie-

626 4061 768 4102 num
807 4050 914 4124 est,
952 4043 1109 4122 quod
1149 4043 1221 4104 de
1262 4061 1379 4103 non
1418 4044 1597 4104 nullis
1634 4044 1936 4105 vocabulis
1975 4064 2042 4104 ex
2083 4048 2266 4105 certis
2295 4044 2531 4124 Vergilii
2565 4044 2834 4104 versibus
2862 4042 3229 4122 depromptis

623 4150 1030 4210 adnotationes
1061 4153 1314 4229 scriptae
1345 4159 1499 4211 sunt.
1567 4154 1766 4229 itaque
1806 4170 1941 4212 cum
1980 4153 2221 4211 minime
2260 4150 2645 4230 improbabile
2686 4154 2763 4211 sit
2800 4158 2866 4211 ut
2904 4170 2974 4210 ex
3011 4150 3232 4209 veteris

623 4260 989 4338 grammatici
1034 4257 1200 4318 libris
1247 4258 1356 4317 hos
1404 4261 1506 4337 qui
1553 4276 1712 4318 nunc
1760 4261 1890 4318 0105
1938 4277 2152 4318 nomen
2199 4276 2341 4336 prae
2389 4277 2451 4319 se
2501 4259 2702 4319 1010111
2746 4263 3078 4336 excerptos,
3125 4253 3230 4313 sed

625 4365 838 4427 studiis
898 4368 1301 4427 recentiorum
1374 4367 1894 4443 grammaticorum
1964 4364 2127 4425 valde
2198 4364 2583 4425 obtruncatos
2645 4370 2705 4423 et
2768 4369 3026 4423 mutatos
3096 4378 3229 4420 esse

623 4473 954 4554 credamuS,
997 4475 1114 4553 ipsi
1152 4473 1308 4533 tituli
1345 4472 1634 4532 librorum
1673 4473 1776 4550 qui
1816 4489 1990 4531 manu
2031 4474 2269 4551 scriptis
2309 4470 2614 4532 codicibus
2654 4470 2972 4529 memoriae
3010 4466 3232 4547 proditi

623 4586 764 4640 sunt
820 4580 988 4640 facile
1042 4581 1103 4640 in
1160 4579 1311 4639 hanc
1366 4586 1596 4657 partem
1655 4577 1811 4637 trahi
1859 4587 2134 4659 possunt,
2190 4586 2257 4639 ut
2313 4581 2498 4638 maior
2544 4576 2695 4636 liber
2742 4577 2845 4654 qui
2890 4574 3110 4634 dicitur
3156 4572 3231 4632 de

624 4686 1039 4767 orthographia
1080 4685 1151 4746 ad
1199 4685 1383 4746 libros
1430 4684 1501 4745 de
1549 4684 1854 4765 latinitate,
1902 4683 2049 4745 alter
2087 4688 2187 4763 qui
2226 4693 2316 4744 est
2355 4684 2425 4744 de
2466 4682 2661 4744 dubiis
2699 4681 2897 4742 verbis
2935 4680 3006 4741 ad
3046 4678 3232 4740 libros

625 4792 699 4852 de
737 4792 932 4854 dubiis
961 4791 1280 4872 generibus
1311 4793 1622 4865 1010131111,
1663 4789 1820 4869 quod
1852 4790 2145 4851 Christius
2174 4788 2378 4849 ΡΙ11101.
2410 4809 2460 4849 v.
2490 4786 2674 4847 xvm
2703 4807 2756 4866 p.
2794 4783 2917 4848 168
2947 4785 3230 4846 defendit.

624 4915 831 4960 verum
891 4897 1036 4958 haec
1093 4916 1250 4958 nunc
1314 4916 1433 4958 non
1489 4915 1830 4975 persequar.
1917 4914 2048 4956 nam
2114 4894 2282 4974 longa
2339 4895 2736 4974 disputatione
2803 4911 2953 4972 opus
3013 4900 3106 4952 est
3164 4901 3234 4953 ut
