3613 5528
620 414 749 479 388
1744 413 2090 470 DOSITHEI

621 531 664 567 p.
696 517 760 555 ιε.
790 518 839 557 ιο
866 516 925 558 11.

623 600 725 661 sed
772 601 1063 680 positione
1110 599 1308 680 longa,
1356 608 1422 660 ut
1467 618 1646 679 supra
1692 600 2032 684 retulimus,
2096 596 2261 662 ‘hoc
2307 608 2462 661 erat
2507 599 2680 661 alma
2725 593 3048 680 parens;'
3104 617 3214 660 nec

621 708 671 767 si
717 705 1081 768 semivocalis
1127 707 1189 767 in
1236 707 1522 767 unitatem
1569 724 1703 767 cum
1753 679 1973 786 isquida
2010 708 2240 788 veniat,
2287 716 2353 768 ut
2389 725 2535 768 sorS.
2630 706 2814 768 altero
2854 704 3025 767 modo
3064 706 3216 767 flunt

620 831 992 896 commune3‚
1065 833 1199 875 cum
1265 812 1481 875 vocalis
1554 814 1842 895 producta
1915 816 2206 895 excipitur
2272 832 2303 873 a
2367 814 2585 877 vocali:
2657 813 2852 875 brevis
2926 814 3039 896 sic,
3113 809 3214 874 ‘te

620 920 930 983 Coridon
978 941 1013 982 o
1059 917 1320 1004 Alexi'3
1369 921 1540 1003 longa
1586 941 1727 984 vero
1775 924 1889 1004 sic,
1946 917 2144 982 ‘Inoo
2191 915 2647 984 Helicen-tae?
2738 930 2948 982 natura
2994 922 3151 981 enim
3202 913 3212 1003 Ι

617 1029 788 1108 longa
844 1037 938 1090 est
991 1049 1026 1089 o
1083 1029 1309 1110 littera,
1372 1047 1523 1109 quae
1579 1047 1758 1110 supra
1814 1047 1923 1110 pro
1978 1028 2142 1090 brevi
2199 1029 2503 1108 recipitur.
2605 1031 2781 1091 tertio
2845 1028 3049 1110 modo,
3110 1026 3213 1089 ubi
3269 1050 3296 1091 5

618 1135 816 1196 brevis
862 1135 1079 1217 syllaba
1125 1136 1338 1198 finiens
1382 1144 1613 1216 partem
1658 1139 1944 1198 orationis
1990 1155 2023 1197 a
2066 1135 2251 1198 vocali
2297 1140 2634 1215 excipitur:
2690 1145 2781 1198 est
2827 1137 2986 1197 enim
3030 1140 3214 1212 lonqa

618 1246 682 1304 in
726 1246 859 1324 hoc,

1025 1351 1167 1432 hic,
1213 1351 1338 1433 ait,
1385 1360 1454 1412 et
1499 1351 1774 1412 nostris
1821 1350 2183 1413 inluserat
2227 1351 2492 1413 advena
2535 1356 2805 1435 regnis;

620 1455 815 1517 brevis
862 1459 923 1518 in
972 1457 1110 1539 hoc,

969 1566 1118 1626 itur
1165 1568 1232 1626 in
1282 1567 1649 1645 antiquam
1697 1563 1973 1645 silvam,
2020 1564 2300 1627 stabula
2347 1565 2486 1628 alta
2533 1567 2864 1629 ferarum.
3242 1589 3294 1628 10

616 1679 825 1752 quarto
874 1672 1073 1752 modo,
1129 1675 1178 1733 si
1235 1671 1463 1734 desinat
1520 1675 1580 1734 in
1638 1680 2063 1733 consonantem
2121 1682 2182 1734 et
2239 1673 2563 1753 excipiatur
2619 1692 2651 1733 a
2697 1672 2891 1734 littera
2938 1673 2975 1733 h
3027 1672 3213 1751 [aut]:

616 1788 707 1840 est
753 1782 910 1840 enim
957 1778 1154 1841 brevis
1200 1782 1316 1862 sic,

879 1886 993 1947 hic
1040 1890 1175 1970 vir,
1219 1887 1334 1949 hic
1381 1895 1516 1968 est,
1562 1886 1696 1949 tibi
1743 1904 1947 1967 quem
1992 1887 2325 1966 promitti
2372 1888 2658 1967 saepius
2705 1887 2943 1968 audis3

615 1994 784 2074 longa
830 2013 970 2070 vero
1008 1997 1123 2078 sic,

1042 2110 1244 2182 terga
1290 2103 1670 2182 fatigamus
1715 2100 1946 2182 hasta,
1993 2119 2123 2162 nec
2170 2101 2372 2162 tarda
2419 2109 2773 2163 senectus,
3243 2126 3294 2167 15

1619 2257 1738 2324 DE
1802 2255 2220 2324 DICTIONE

793 2387 983 2449 Dictio
1030 2397 1122 2450 est
1168 2408 1238 2450 ex
1295 2387 1530 2470 syllabis
1586 2389 1751 2449 finita
1805 2405 1941 2448 cum
1999 2388 2423 2468 significatione
2478 2395 2640 2449 certa
2694 2387 2944 2472 locutio,
3000 2399 3066 2452 ut
3123 2401 3216 2453 est

795 2559 976 2616 Codex
1012 2560 1404 2631 Sanyallemis.
1498 2569 1524 2616 1
1566 2560 1791 2633 parens]
1830 2576 1992 2630 pares
2144 2566 2178 2615 4
2213 2561 2348 2616 Inoo
2384 2559 2732 2632 Melicertae]
2770 2559 3104 2618 Omelicerte

615 2646 646 2694 6
685 2639 959 2711 excipitur
994 2646 1045 2697 et
1079 2641 1251 2710 longa
1285 2641 1345 2695 in
1382 2641 1490 2697 hoc
1525 2657 1625 2696 om.
1774 2647 1841 2696 10
1877 2640 2020 2713 itur]
2058 2640 2192 2695 item
2342 2646 2407 2695 15
2445 2642 2675 2696 senecta

799 2808 826 2857 1
865 2803 997 2876 hoc]
1066 2803 1220 2872 Very.
1259 2802 1394 2860 Aen.
1438 2804 1522 2857 II
1555 2808 1665 2858 664
1827 2809 1859 2857 3
1896 2805 1981 2874 te]
2048 2801 2202 2872 Ver-9.
2242 2803 2411 2858 bucol.
2449 2807 2586 2871 2,65
2743 2809 2778 2857 4
2824 2803 2985 2874 Inoo]
3053 2802 3212 2875 Ver-9.

615 2899 792 2953 yeory.
833 2883 875 2936 Ι
907 2888 1016 2939 437
1159 2888 1191 2937 8
1229 2883 1322 2937 hic
1358 2883 1463 2955 ait]
1505 2883 1659 2952 Very.
1689 2884 1828 2938 Aen.
1859 2883 2028 2937 IIII
2053 2888 2157 2939 591
2307 2888 2373 2936 10
2409 2880 2546 2952 itur]
2599 2880 2752 2952 Very.
2785 2882 2924 2937 Aen.
2973 2881 3067 2937 VI
3098 2888 3209 2939 179

721 2969 786 3017 13
822 2962 917 3018 hic
953 2963 1058 3035 vir]
1112 2962 1266 3033 Very.
1305 2962 1442 3019 Aen.
1485 2963 1577 3017 VI
1603 2968 1714 3020 792
1864 2968 1930 3017 15
1956 2964 2143 3035 berga]
2183 2962 2336 3034 Very.
2367 2965 2505 3018 Aen.
2547 2961 2766 3017 VIIII
2790 2968 2914 3019 610.
2953 2966 3209 3034 quintum

612 3043 829 3097 modum
867 3043 1164 3098 eommunis
1197 3044 1440 3114 syllabae
1476 3043 1695 3098 addidit
1732 3043 2022 3098 Charisius
2049 3060 2110 3112 p.
2138 3047 2280 3111 14‚7,
2319 3043 2530 3113 quinto,
2568 3060 2680 3113 quo
2717 3047 2973 3114 correpta
3002 3046 3211 3101 vocalis

612 3124 821 3180 desinit
864 3125 922 3179 in
971 3125 1365 3179 consonantem
1414 3125 1473 3179 et
1516 3122 1790 3193 excipitur
1835 3120 2134 3192 principali
2177 3121 2369 3177 littera
2405 3141 2458 3179 u.
2496 3124 2642 3178 hunc
2676 3124 2857 3178 omisit
2892 3124 3206 3182 Dositheus.

611 3222 732 3260 cum
768 3210 963 3274 quarto
998 3207 1155 3260 modo
1190 3207 1441 3279 quintum
1476 3205 1544 3259 ab
1583 3220 1642 3258 eo
1679 3203 2027 3258 coniunctum
2063 3218 2171 3257 esse
2196 3203 2325 3257 olim
2352 3204 2580 3270 conieci,
2618 3202 2928 3274 excipiatur
2956 3221 2992 3260 a
3018 3204 3213 3262 littera.

610 3285 649 3339 h
678 3287 777 3339 aut,
802 3303 839 3339 u
868 3284 993 3339 loco
1013 3284 1366 3340 consonantis
1383 3282 1570 3354 posita
1670 3289 1735 3337 16
1757 3282 1851 3337 DE
1882 3282 2250 3356 DICTIONE]
2281 3284 2761 3354 Charis.p.16,28
2779 3283 3209 3355 Dimn.p.436,9

612 3476 946 3565 συλλαβάς
991 3484 1119 3548 εἰσι
1167 3482 1566 3570 διῃρημένα,
1623 3479 1705 3549 οὐ
1762 3486 2014 3569 γίνεται
2069 3480 2284 3568 κοινή,
2339 3477 2507 3548 ἀλλὰ
2561 3483 2752 3550 θέσει
2806 3480 3053 3569 μακρά,
3120 3480 3211 3564 ὥς

610 3588 684 3655 έν
728 3590 819 3679 τῷ
868 3584 1177 3675 ἀνωτέρω
1223 3585 1684 3676 ἀνηνέγκαμεν
1761 3590 2157 3673 [τουτέστιν]
2296 3639 2314 3673 ,
2353 3585 2493 3656 οὔτ’
2547 3585 2663 3656 ἐὰν
2711 3583 3066 3675 ἡμίφωνον
3113 3594 3210 3671 είς

608 3690 682 3761 τὸ
739 3688 901 3762 αὐτὸ
958 3691 1120 3780 μετὰ
1170 3697 1293 3762 τοῦ
1349 3692 1767 3781 ἆμεταβόλου
1832 3696 2130 3784 συνέλθῃ
2293 3748 2307 3762 .
2354 3696 2552 3785 ἑτέρῳ
2616 3693 2838 3785 τρόπῳ
2902 3700 3210 3781 γίνονται

608 3804 863 3885 κοιναί,
928 3797 1090 3868 ὅταν
1146 3799 1482 3886 φωνήεντι
1548 3801 1948 3891 ἐκτεταμένῳ
2007 3801 2395 3889 ἐπιφέρηται
2449 3805 2747 3889 φωνῆεν·
2800 3805 3077 3889 βραχεῖα
3132 3805 3207 3872 έν

607 3904 821 3997 τούτῳ
958 3957 976 3991 ,
1005 3905 1222 3994 μακρὰ
1261 3907 1336 3975 δὲ
1364 3904 1576 4000 οὕτως
1710 3962 1724 3975 .
1752 3904 1955 3994 φύσει
1990 3905 2117 3995 γὰρ
2156 3904 2414 3996 μακρόν
2452 3909 2633 3976 ἐστιν
2668 3906 2743 3977 τὸ
2784 3933 2819 3974 o
2858 3922 3208 3997 στοιχεῖον,
3262 3931 3290 3972 5

590 4012 772 4099 ὅπερ
839 4016 912 4082 έν
973 4027 1115 4094 τοῖς
1176 4011 1488 4100 ἀνωτέρω
1544 4010 1694 4082 ἀντὶ
1758 4019 2068 4102 βραχείας
2133 4020 2142 4097 Ι
2209 4020 2646 4101 παρείληπται
2692 4069 2705 4083 .
2758 4019 2988 4106 τρίτῳ,
3044 4013 3208 4085 ὅταν

607 4126 883 4211 βραχείᾳ
937 4124 1235 4211 συλλαβῇ
1291 4126 1384 4202 είς
1438 4121 1637 4208 μέρος
1692 4119 1902 4206 λόγου
1953 4124 2401 4209 περαιουμένη
2467 4123 2853 4208 ἐπιφέρηται
2909 4127 3206 4223 φωνῆεν·
3259 4114 3264 4115 7

610 4234 789 4298 ἔστιν
836 4227 963 4315 γάρ
1108 4281 1127 4315 ,
1174 4235 1448 4318 βραχεῖα
1504 4230 1578 4296 έν
1632 4227 1847 4319 τούτῳ
1993 4283 2008 4298 .
2052 4227 2338 4320 τετάρτῳ
2405 4227 2662 4319 τρόπῳ,
2717 4225 2836 4296 ἐὰν
2891 4227 3058 4318 λήγῃ
3115 4235 3208 4310 εἰς

608 4334 978 4423 σύμφωνον
1050 4337 1161 4404 καὶ
1235 4337 1622 4424 ἐπιφέρηται
1697 4331 1796 4422 [ἢ]
1867 4334 1943 4404 τὸ
2016 4342 2052 4403 h
2127 4350 2456 4424 στοιχεῖον
2504 4388 2519 4403 .
2565 4341 2745 4405 ἔστιν
2803 4333 2877 4404 δὲ
2930 4342 3205 4426 βραχεῖα

609 4439 819 4523 οὕτως
952 4493 971 4529 ,
1018 4441 1234 4530 μακρὰ
1282 4442 1358 4511 δὲ
1404 4440 1632 4523 οὕτως.
3233 4466 3291 4506 10

1561 4609 1789 4672 ΠΕΡΙ
1844 4606 2254 4680 ΛΕΞΕΩΣ

788 4730 981 4810 Λέξις
1007 4729 1186 4797 ἐστὶν
1218 4730 1289 4796 ἐκ
1317 4732 1671 4815 συλλαβῶν
1710 4726 2045 4816 ὡρισμένη
2092 4727 2252 4817 μετὰ
2297 4734 2626 4817 σημασίας
2651 4733 2924 4816 βεβαίας
2952 4730 3141 4816 ῥῆσις
3185 4780 3200 4797 .

786 4912 818 4961 6
855 4910 1222 4978 παρελειπται
1257 4927 1407 4977 τριτο
1551 4912 1582 4962 7
1620 4925 1965 4978 περεουμενο
2114 4913 2178 4961 12
2217 4909 2419 4981 βεβαια
