3613 5528
628 416 757 482 146
1705 417 2164 475 CASSIODORII

621 529 666 569 p.
694 518 908 560 sava—so
933 518 984 559 P.
1224 536 1237 551 .

619 604 921 683 positurae
981 601 1052 663 ad
1109 601 1284 662 finem
1342 601 1590 663 tendere
1637 602 2118 683 comprobantur.
2195 603 2466 682 sequitur
2522 601 2966 684 subdistinctio,
3020 602 3234 663 deinde

618 707 837 790 media,
883 725 1033 788 quae
1079 707 1285 788 plenas
1332 725 1568 788 semper
1613 707 1983 788 praecedunt
2027 710 2229 788 potius
2275 726 2452 788 quam
2482 689 2849 789 sequuntur.
2925 708 3030 770 sed
3077 710 3235 770 sicut

618 816 811 876 visum
849 823 1083 877 constat
1120 834 1252 877 esse
1291 814 1681 897 doctissimis,
1725 815 1888 877 hunc
1926 813 2213 876 debemus
2252 814 2522 876 ordinem
2559 815 2889 909 custodire,
2936 823 3005 876 ut
3039 818 3235 896 primo

619 921 692 983 de
748 920 1244 984 subdistinctione
1301 920 1594 1004 dicamus,
1650 940 1801 1002 quae
1856 920 1939 983 ibi
1996 939 2234 1002 semper
2278 924 2628 1004 apponitur,
2683 922 2787 983 ubi
2832 923 2895 983 in
2942 931 3234 984 commate

618 1045 815 1088 sermo
855 1047 1183 1110 suspensus
1218 1028 1411 1091 adhuc
1450 1028 1789 1090 reddendus
1827 1047 1959 1118 esse
2001 1031 2400 1112 cognoscitur,
2438 1038 2505 1091 ut
2545 1030 2555 1104 Ι
2596 1024 2819 1091 ‘arma
2857 1031 3233 1111 virumque
3290 1054 3318 1095 5

619 1130 847 1217 cano',
883 1134 987 1197 ubi
1024 1138 1210 1198 totius
1246 1138 1446 1216 operis
1484 1153 1712 1197 summa
1752 1136 2032 1198 conclusa
2071 1144 2178 1199 est.
2244 1155 2408 1198 arma
2447 1138 2605 1197 enim
2647 1135 2912 1215 [ancilia]
2945 1135 3237 1216 Vergilius

619 1245 931 1324 virumque
978 1244 1249 1306 dicturus
1296 1250 1402 1305 est.
1478 1242 1583 1303 sed
1631 1245 1912 1323 quoniam
1958 1238 2153 1304 ‘cano'
2201 1244 2448 1324 respicit
2492 1243 2563 1304 ad
2611 1251 2961 1325 utrumque,
3007 1243 3130 1325 hic,
3176 1244 3238 1305 id

620 1359 714 1411 est
741 1352 802 1410 in
833 1344 1060 1431 ‘arma',
1087 1350 1504 1412 subdistinctio
1534 1358 1698 1412 recte
1727 1351 2001 1431 ponenda
2030 1359 2137 1412 est.
2169 1351 2421 1413 mediam
2451 1369 2592 1411 vero
2621 1351 2984 1431 adfigendam
3005 1360 3240 1413 constat

619 1459 682 1517 in
729 1465 1049 1539 commate,
1095 1476 1232 1519 cum
1271 1457 1469 1519 nullus
1512 1475 1708 1519 sermo
1755 1458 1952 1540 deest,
2010 1458 2113 1520 sed
2175 1457 2462 1537 gradatim
2509 1457 2700 1518 tendit
2746 1458 2817 1519 ad
2863 1457 3124 1540 plenam,
3171 1466 3240 1519 ut

940 1564 1324 1626 dividimus
1370 1562 1640 1647 muros,
1687 1573 1756 1626 et
1802 1567 2082 1627 moenia
2129 1565 2507 1646 pandimus
2554 1563 2774 1626 urbis.
3269 1590 3322 1629 ιο

622 1670 797 1752 plena
842 1679 937 1733 est
982 1680 1206 1754 autem,
1252 1671 1355 1733 ubi
1404 1672 1607 1734 finitur
1652 1673 1917 1753 perfecta
1965 1674 2284 1753 sententia,
2330 1679 2398 1733 ut
2443 1679 2536 1732 est
2581 1671 2754 1753 illud,

938 1787 1187 1841 tantae
1233 1779 1440 1841 molis
1487 1788 1642 1842 erat
1687 1780 2062 1841 Romanam
2108 1779 2417 1841 condere
2464 1789 2767 1858 gentem.

623 1885 1186 1947 subdistinctionem
1223 1905 1363 1948 vero
1401 1887 1493 1948 vel
1531 1887 1784 1949 mediam
1824 1907 1940 1950 non
1981 1866 2188 1950 credas
2225 1890 2421 1968 ipsum
2461 1886 2729 1948 ordinem
2760 1905 2995 1967 semper
3033 1896 3237 1949 tenere
3283 1902 3302 1913 ·

622 2012 800 2074 quem
847 1995 1133 2076 diximus,
1188 2001 1256 2055 ut
1301 1992 1718 2056 subdistinctio
1775 1995 2093 2075 praecedat
2137 2002 2200 2056 et
2245 1995 2437 2056 media
2483 2002 2912 2076 consequatur3
2968 1993 3070 2054 sed
3128 2011 3238 2073 pro

622 2104 852 2163 ratione
902 2108 1083 2182 supra
1129 2101 1284 2162 dicta
1329 2101 1477 2162 locis
1522 2103 1804 2181 congruis
1852 2109 2259 2183 apponuntur,
2305 2110 2372 2162 ut
2417 2102 2831 2163 distinctiones
2889 2103 3036 2161 istae
3082 2099 3236 2161 bene
3268 2124 3319 2164 ιε

622 2210 849 2288 positae
888 2227 1129 2270 sensum
1168 2207 1339 2270 nobis
1384 2208 1658 2270 lectionis
1697 2209 2003 2270 evidenter
2044 2210 2328 2290 aperiant.
2403 2227 2538 2270 nam
2585 2209 2635 2269 si
2683 2198 2853 2270 aliter
2890 2207 3238 2288 distinguas,

623 2316 752 2376 sine
794 2315 1180 2377 dubitatione
1236 2323 1450 2377 cuncta
1506 2314 1841 2377 confundis,
1933 2315 2038 2376 has
2092 2334 2233 2377 vero
2291 2315 2703 2377 distinctiones
2768 2333 2875 2377 seu
2939 2317 3239 2396 posituras

627 2419 855 2484 Donato
915 2431 1171 2484 testante
1232 2422 1440 2484 Graeci
1500 2423 1687 2485 thesis
1746 2431 1974 2485 vocant.
2075 2423 2359 2505 periodus
2419 2431 2512 2484 est
2570 2432 2767 2484 autem
2829 2441 2937 2503 per
2995 2421 3238 2502 longum

626 2527 838 2607 plenae
887 2531 1215 2590 sententiae
1263 2529 1439 2591 ducta
1472 2533 1778 2614 pausatio,
1825 2533 1999 2592 cuius
2044 2538 2246 2610 partes
2292 2539 2433 2592 sunt
2479 2529 2605 2591 cola
2651 2538 2712 2592 et
2758 2537 3062 2591 commata.

802 2634 919 2695 Sed
976 2644 1291 2716 antequam
1351 2655 1502 2717 opus
1558 2637 2011 2717 orthographiae
2077 2637 2358 2698 inchoare
2415 2637 2746 2717 videamur,
2809 2622 3233 2717 praelationem
3265 2660 3319 2699 20

625 2741 855 2804 Phocae
903 2743 1224 2825 artigraphi
1271 2743 1523 2825 exempli
1571 2762 1747 2806 causa
1792 2744 2180 2807 iudicavimus
2223 2743 2656 2825 apponendam,
2703 2745 2980 2824 quoniam
3019 2750 3237 2804 cuncto

623 2854 793 2932 operi
821 2859 1060 2940 nostro,
1089 2854 1257 2932 quasi
1284 2871 1316 2913 a
1345 2849 1518 2913 nobis
1546 2851 1771 2932 prolata
1800 2853 1904 2933 sit,
1942 2853 2024 2913 ita
2058 2851 2334 2913 omnibus
2362 2852 2553 2913 modis
2580 2851 2816 2913 videtur
2843 2850 3238 2913 accommoda.

943 2960 1055 3020 Ars
1102 2977 1232 3020 mea
1280 2959 1600 3022 multorum
1648 2978 1740 3042 eS,
1788 2977 1939 3040 quos
1985 2959 2218 3020 saecula
2263 2961 2460 3039 prisca
2505 2957 2797 3041 tulerunt3

1048 3066 1152 3128 sed
1200 3086 1349 3128 nova
1394 3076 1454 3129 te
1499 3066 1758 3128 brevitas
1803 3069 2017 3128 asserit
2063 3084 2196 3129 esse
2246 3084 2452 3128 meam.

941 3176 1137 3234 omnia
1183 3193 1320 3236 cum
1365 3184 1633 3237 veterum
1683 3176 1802 3235 sint
1849 3173 2152 3254 explorata
2199 3173 2445 3257 libellis,
3265 3196 3316 3235 25

1050 3281 1235 3365 multa
1279 3281 1443 3362 loqui
1491 3282 1752 3343 breviter
1798 3283 1878 3341 sit
1921 3282 2197 3342 novitatis
2243 3299 2411 3361 opus,

944 3395 1005 3447 te
1052 3388 1277 3470 relegat
1322 3390 1578 3468 iuvenis,
1625 3406 1802 3468 quem
1850 3386 2086 3467 garrula
2132 3390 2341 3468 pagina
2388 3395 2605 3470 terret,

1052 3501 1155 3555 aut
1199 3497 1431 3574 siquem
1476 3497 1682 3575 paucis
1727 3497 1883 3557 seria
1929 3513 2105 3557 nosse
2152 3497 2340 3576 iuvat3

946 3609 1004 3662 te
1052 3600 1370 3682 longinqua
1416 3612 1627 3683 petens
1675 3604 1950 3664 comitem
1987 3601 2113 3663 sibi
2160 3603 2318 3663 serre
2365 3605 2553 3664 viator

1051 3727 1125 3769 ne
1170 3708 1429 3792 dubitet,
1473 3728 1653 3791 parvo
1698 3710 1961 3790 pondere
2009 3709 2190 3771 multa
2239 3710 2489 3793 vehens;
3256 3732 3309 3769 aa

945 3823 1004 3876 te
1052 3818 1241 3896 siquis
1287 3819 1599 3899 scripsisse
1647 3816 1830 3900 volet,
1877 3836 1997 3878 non
2035 3816 2150 3878 ulla
2198 3825 2488 3897 queretur

1051 3922 1260 3985 damna
1308 3943 1418 3986 nec
1464 3925 1681 4003 ingrati
1727 3925 1900 3984 triste
1947 3923 2166 3984 laboris
2212 3942 2382 3984 onus,

944 4038 1038 4092 est
1087 4031 1243 4110 quod
1293 4034 1545 4113 quisque
1592 4039 1785 4111 petat:
1832 4049 2156 4108 numquam
2204 4049 2457 4093 censura
2503 4032 2712 4093 diserti

1053 4138 1168 4198 hoc
1214 4146 1557 4200 contemnet
1601 4157 1752 4219 opus
1766 4186 1784 4220 ,
1832 4139 1879 4198 si
1928 4138 2103 4199 modo
2150 4138 2298 4200 livor
2343 4138 2529 4202 abest.

803 4288 835 4337 2
873 4283 1045 4352 plena
1081 4299 1299 4353 semper
1332 4283 1389 4337 B
1401 4299 1434 4341 ς
1578 4300 1749 4353 quam
1786 4285 2092 4352 sequantur
2125 4284 2226 4341 Βς
2369 4289 2402 4338 ὅ
2440 4283 2621 4354 arma]
2672 4283 2828 4354 Verq.
2867 4286 3003 4340 Aen.
3044 4287 3090 4340 I
3120 4292 3152 4339 1

625 4374 658 4422 6
696 4366 904 4422 ancilia
938 4382 1038 4420 om.
1077 4364 1160 4418 A:
1202 4364 1438 4419 ‘Aeneia
1486 4366 1712 4434 quidam
1746 4368 1899 4417 vetus
1934 4364 2122 4418 codex'
2166 4365 2362 4421 Carrio
2542 4369 2574 4418 8
2623 4364 3017 4421 subdistinctio
3062 4366 3237 4436 recte]

623 4445 811 4500 media
836 4442 1226 4500 subdistinctio
1254 4445 1411 4498 recta
1439 4445 1493 4498 A
1602 4443 1941 4513 affigendam
1970 4460 2092 4499 esse
2115 4448 2342 4500 constat
2371 4446 2419 4500 0
2521 4452 2553 4499 9
2582 4444 2814 4513 plenum
2840 4445 2896 4499 A
3000 4452 3065 4500 10
3094 4445 3238 4500 divi-

623 4525 828 4595 dimus]
864 4524 1019 4594 Very.
1050 4525 1188 4578 Aen.
1219 4522 1306 4574 II
1328 4526 1441 4577 234
1538 4530 1600 4577 12
1629 4521 1847 4592 tantae]
1881 4521 2037 4591 Verq.
2064 4524 2203 4577 Aen.
2234 4524 2277 4576 I
2301 4529 2373 4578 33
2463 4533 2527 4580 21
2562 4525 2732 4594 phoci
2760 4523 2877 4578 AC'
2962 4525 3236 4580 cunctaB

710 4610 780 4659 23
819 4603 901 4673 es]
941 4607 1030 4658 est
1066 4604 1114 4659 G
1252 4610 1322 4659 28
1359 4604 1500 4659 serie
1537 4604 1591 4657 A
1737 4606 1805 4655 29
1844 4604 2043 4671 patens
2082 4602 2131 4657 G
2266 4609 2335 4658 30
2374 4607 2581 4661 uehens
2617 4605 2673 4659 A
2710 4610 2762 4659 et
2796 4606 2970 4660 deleta
2995 4611 3060 4660 ut
3093 4606 3237 4660 vide·

624 4687 717 4737 tur
753 4702 789 4737 n
825 4683 880 4736 B
917 4682 1076 4739 uehis
1116 4683 1163 4738 G
1231 4706 1244 4738 ε
1284 4690 1350 4737 31
1389 4701 1500 4739 non
1538 4682 1696 4737 nulla
1730 4681 1846 4736 AG
1967 4687 2036 4736 32
2073 4682 2255 4737 labori
2282 4685 2336 4738 A
2462 4693 2530 4742 33
2570 4684 2680 4756 est]
2712 4685 2770 4739 et
2800 4684 2851 4739 0
2968 4693 3039 4740 34
3077 4686 3238 4741 abest

625 4770 1058 4856 CASSIQ-DORI
1097 4771 1501 4827 SENATORIS
1538 4770 1879 4854 EXPLICIT
1918 4758 2014 4825 ssp·
2045 4772 2099 4825 A
2152 4771 2313 4827 abest
2363 4772 2792 4830 CASSIODORI
2830 4772 3238 4829 SENATORIS

625 4857 887 4914 EXPLIC
916 4860 1119 4929 (ITEM
1147 4862 1276 4916 add.
1306 4862 1370 4916 in
1398 4862 1592 4931 mary.)
1620 4860 1886 4914 PFATIO
1914 4861 1986 4916 B.
2024 4862 2351 4931 subscriptio
2374 4863 2747 4934 praefationis
2773 4863 2973 4919 omissa
2999 4868 3076 4919 est
3101 4864 3164 4918 in
3196 4862 3244 4917 0
