3613 5528
1355 452 1453 505 DE
1493 449 2075 528 ORTHoeRAPmA
2931 453 3014 516 81

410 562 452 598 p.
481 551 585 591 2288
612 551 659 591 P.

413 634 908 717 subducebantur,
954 637 1005 695 si
1043 635 1102 695 id
1142 644 1244 696 aut
1280 636 1463 697 decor
1509 638 1954 716 compositionis
1992 646 2093 697 aut
2131 639 2305 698 metri
2353 640 2677 698 necessitas
2728 637 3017 718 exigebat,

410 750 478 802 ut
523 737 727 802 ‘adeo
774 744 844 803 in
891 744 1169 803 teneris
1207 761 1700 803 consuescere
1748 743 2046 804 multum
2095 739 2253 804 est’.

585 846 665 907 De
723 847 1149 930 adspiratione,
1212 851 1324 910 nisi
1380 849 1573 928 fallor,
1632 849 1852 929 aliquid
1902 852 2016 910 iam
2070 849 2255 910 locuti
2310 868 2534 911 sumus.
2627 851 3016 930 repetendum

412 962 606 1015 tamen
645 957 973 1016 existimavi
1011 973 1346 1017 sermonem
1382 964 1632 1035 propter
1668 974 1772 1017 eos
1802 957 1904 1035 qui
1932 954 2284 1035 Hymnidem
2323 955 2791 1034 hyacinthum-et
2820 956 3015 1036 hyme-

361 1077 387 1117 5
412 1077 621 1121 naeum
676 1063 836 1122 varie
893 1064 1283 1142 scripserunt.
1375 1062 1473 1122 alii
1520 1065 1678 1124 enim
1734 1062 2212 1143 praeponendam
2269 1061 2726 1143 adspirationem
2778 1070 3015 1144 putave-

410 1176 566 1243 runt,
595 1167 693 1229 alii
730 1176 1030 1247 tamquam
1066 1186 1187 1228 non
1226 1169 1622 1229 necessariam
1658 1170 2009 1248 omiserunt,
2038 1168 2315 1246 quoniam
2355 1167 2582 1229 scilicet
2618 1171 2679 1229 in
2718 1172 3018 1230 communi

409 1272 604 1353 lingua
643 1273 1006 1335 Graecorum
1053 1291 1376 1352 numquam
1424 1292 1543 1334 non
1591 1273 2049 1353 adspirationem
2095 1277 2157 1334 in
2197 1293 2260 1334 se
2310 1273 2485 1335 habet
2532 1294 2566 1355 y
2612 1274 2825 1357 littera,
2871 1295 3015 1355 quo-

408 1381 562 1440 tiens
616 1380 856 1441 inchoat
913 1399 1105 1442 voces.
1186 1399 1321 1441 nam
1369 1379 1527 1460 quod
1580 1380 1650 1441 ad
1696 1380 1874 1441 latina
1919 1382 2207 1461 pertinet,
2263 1382 2325 1440 in
2372 1380 2589 1460 quibus
2635 1381 2751 1443 late
2799 1382 3015 1462 aliquid

410 1485 752 1567 ambigitur,
776 1472 787 1479 ’
809 1489 1189 1567 antiquorum
1236 1487 1606 1549 consuetudo
1653 1486 2025 1566 respicienda
2071 1494 2192 1568 est,
2248 1487 2466 1566 quibus
2523 1490 2703 1548 moris
2749 1490 2863 1551 fuit
2907 1507 3018 1569 pro

329 1610 381 1649 ιο
405 1591 968 1673 hac-adspiratione
1023 1593 1282 1655 litteram
1337 1592 1537 1653 dicere
1584 1594 1624 1654 f.
1716 1596 1915 1673 itaque
1970 1594 2252 1655 harenam
2311 1596 2527 1655 iustius
2593 1595 2727 1673 quis
2783 1594 3019 1677 dixerit,

410 1702 687 1778 quoniam
734 1699 889 1780 apud
936 1702 1213 1780 antiquos
1260 1700 1460 1760 [asena
1507 1708 1660 1780 erat,
1717 1710 1777 1762 et
1824 1699 2141 1780 hordeum,
2192 1702 2329 1780 quia
2376 1700 2676 1781 fordeum,
2721 1708 2807 1782 et,
2864 1704 3019 1762 sicut

412 1824 591 1887 supra
638 1805 914 1888 diximus,
960 1807 1178 1888 hircoS,
1225 1809 1504 1886 quoniam
1550 1807 1679 1867 firci
1727 1816 1916 1888 erant,
1961 1815 2023 1867 et
2066 1806 2305 1888 haedoS,
2351 1808 2629 1886 quoniam
2676 1806 2846 1868 faedi.

410 1929 741 1937 -—-—--...-.--—
756 1932 829 1937 ‘—

586 1976 767 2032 Godm:
806 1978 1107 2034 Parrhasii
1215 1985 1241 2031 1
1292 1975 1483 2047 exigat
1659 1984 1691 2032 6
1735 1979 2009 2050 tanquam
2053 1977 2424 2033 necessa-riam
2473 1976 2521 2032 0
2564 1993 2704 2033 corr.
2750 1979 3022 2047 tanquam

1269 2069 1296 2097 0

408 2125 522 2163 non
555 2110 924 2166 necessariam
960 2128 991 2166 c
1159 2114 1191 2164 8
1234 2110 1415 2180 vices:
1463 2110 1648 2164 littera
1683 2127 1716 2165 ο
1743 2113 1935 2181 prima
1969 2130 2141 2167 manu
2175 2112 2548 2181 merempta
2717 2116 2750 2164 9
2788 2111 3021 2180 antiqua

408 2188 809 2245 consuetudine
844 2189 1196 2260 respicienda
1340 2195 1401 2242 11
1442 2188 1721 2261 fordeum]
1758 2191 2010 2247 fordeum
2157 2198 2222 2246 12
2274 2190 2486 2246 haedos
2523 2190 2788 2258 quoniam
2823 2190 3016 2262 foedi}

407 2266 536 2322 Veli
570 2268 754 2339 Longi
791 2269 859 2324 de
897 2267 1301 2339 orthographia
1330 2269 1340 2338 Ι
1370 2268 1540 2324 Liber
1574 2270 1720 2341 Ei‘pl.
1758 2271 2035 2327 foeliciter

591 2435 617 2481 1
668 2429 859 2499 exigat
892 2430 950 2483 R
1130 2434 1162 2483 2
1208 2428 1331 2482 ade'
1368 2427 1428 2481 in
1471 2428 1677 2485 teneris
1715 2447 2030 2487 assuescere
2076 2430 2390 2486 multum'st
2429 2429 2814 2485 Commelinus:
2863 2429 3019 2499 Very.

406 2525 587 2579 yeorq.
622 2511 708 2563 II
741 2515 860 2566 272
969 2516 1001 2565 3
1040 2507 1218 2565 locuti
1254 2509 1467 2579 sumus]
1498 2525 1560 2578 p.
1591 2515 1684 2577 68,
1713 2515 1783 2564 14
1914 2516 1943 2564 7
1983 2528 2021 2564 u
2058 2509 2251 2564 littera
2285 2508 2341 2563 R
2451 2514 2484 2562 9
2521 2508 2757 2577 antiqua
2792 2525 3020 2564 consue-

408 2589 548 2643 tudo
584 2588 641 2644 R
677 2595 728 2645 et
763 2591 929 2646 codex
976 2589 1168 2645 Vrsini
1314 2595 1378 2643 12
1418 2591 1476 2643 et
1512 2588 1703 2659 hoedi,
1742 2589 2007 2659 quoniam
2043 2587 2220 2643 Foedi
2255 2587 2312 2643 R

517 5011 839 5045 tanatum-nor
869 5010 1039 5044 nunu
1077 5011 1164 5044 vn.
2567 4999 2598 5047 6
