3613 5528
1373 427 1470 482 DE
1511 425 2091 483 ORTHOGRAPHIA
2909 428 3034 494 157

426 546 468 583 p.
497 531 600 573 2289
626 530 674 570 P.

426 613 647 676 bamus.
718 614 865 675 haec
921 614 983 673 in
1038 612 1255 673 ceteris
1302 610 1539 673 casibus
1585 620 1686 675 aut
1740 615 1800 674 in
1866 610 1958 673 bis
2005 618 2226 674 exeunt
2271 618 2372 673 aut
2416 615 2476 673 in
2523 613 2642 693 piS,
2688 622 2756 674 ut
2802 612 3035 694 caeleps

425 719 688 802 caelibiS,
735 738 956 801 auceps
1002 719 1276 799 aucupis,
1323 717 1541 798 Cinyps
1589 718 1847 800 CinypiS.
1921 718 2269 779 divisionem
2327 727 2634 799 praeterea
2682 718 3036 799 syllabarum

423 827 491 887 ad
530 826 598 888 bs
637 836 696 889 et
730 846 801 908 ps
840 828 1240 908 pertinentem
1278 824 1418 885 hinc
1455 823 1827 907 observabiS,
1865 825 2051 907 quod,
2100 825 2457 906 ubicumque
2495 846 2567 907 ps
2604 833 2810 909 erunt,
2856 827 3034 888 dividi

422 952 537 994 non
584 942 869 1015 possunt,
926 933 1029 994 sed
1079 931 1148 992 ad
1202 940 1550 1011 sequentem
1598 940 1699 993 aut
1746 932 2195 994 antecedentem
2240 933 2518 1013 syllabam
2564 932 3034 1015 applicabuntur,

232 1080 281 1091 -
345 1061 371 1101 ⁵
426 1047 720 1119 tamquam
761 1042 941 1102 unius
986 1038 1219 1101 litterae
1265 1044 1618 1118 potestatem
1667 1037 1948 1122 habeant,
1994 1045 2062 1100 ut
2105 1041 2391 1122 apstinui,
2437 1058 2541 1121 aps
2580 1048 2641 1100 et
2686 1042 2855 1121 tinui,
2903 1058 3033 1120 aps-

424 1149 604 1228 cessi,
651 1165 757 1228 aps
803 1155 864 1208 et
910 1148 1091 1227 cessi,
1136 1144 1465 1226 apscondo,
1511 1153 1716 1226 aps·et
1750 1145 1960 1206 condo.
2033 1154 2095 1207 at
2139 1145 2241 1207 ubi
2287 1145 2358 1207 bs
2403 1147 2652 1228 fuerint,
2699 1147 3035 1208 dividantur

424 1272 668 1316 necesse
708 1263 826 1337 est,
863 1262 932 1316 ut
968 1252 1229 1334 obstipui
1276 1251 1565 1333 obstupeo
1613 1252 1827 1314 obsum
1872 1251 2171 1334 obstrepo.
2243 1262 2549 1334 praeterea
2598 1253 2669 1315 bs
2715 1273 3035 1334 numquam

421 1363 771 1423 coniunctas
818 1362 1110 1422 invenies:
1157 1377 1276 1421 non
1317 1362 1475 1421 enim
1523 1369 1776 1441 possunt
1815 1362 2009 1422 facere
2049 1359 2346 1440 syllabam.
2421 1369 2482 1422 et
2527 1363 2578 1422 si
2616 1362 2866 1441 primam
2905 1364 3032 1440 qui-

421 1466 552 1528 dem
599 1468 861 1529 vocalem
907 1466 1186 1548 habeant,
1242 1465 1454 1528 fallunt
1514 1469 1685 1547 quasi
1740 1469 1906 1548 ipsae
1953 1475 2311 1548 consonent,
2357 1474 2425 1529 ut
2470 1467 2662 1549 trabS,
2707 1470 2844 1548 quia
2891 1469 3033 1530 dici·

344 1594 394 1633 10
421 1592 551 1636 mus
599 1574 854 1656 trabem3
904 1582 1171 1637 ceterum
1221 1574 1271 1635 si
1309 1581 1445 1635 ante
1483 1573 1741 1636 vocalem
1779 1582 2106 1656 ponantur,
2151 1573 2314 1635 nullo
2352 1574 2528 1645 modo
2568 1577 3032 1637 enuntiationem

421 1682 677 1761 capiunt.
735 1691 943 1745 contra
987 1701 1058 1764 ps
1098 1683 1273 1743 etiam
1312 1684 1683 1763 praepositae
1724 1684 1811 1744 sic
1850 1691 2089 1764 sonant,
2138 1690 2205 1743 ut
2250 1681 2405 1762 apud
2454 1682 2710 1745 Graecos
2757 1690 2823 1759 ψ.
2899 1702 3034 1744 ean-

421 1787 553 1849 dem
601 1793 889 1852 rationem
936 1798 1083 1871 puto
1130 1787 1557 1851 observandam
1604 1799 1666 1852 et
1709 1792 1771 1850 in
1820 1789 2044 1871 verbiS,
2092 1808 2240 1868 quae
2288 1791 2609 1869 praeterito
2658 1798 2924 1872 tempore
2974 1799 3032 1851 et

421 1896 621 1958 futuro
668 1899 964 1959 incertum
1010 1907 1103 1959 est
1149 1916 1186 1976 p
1232 1913 1307 1956 an
1353 1896 1391 1957 b
1437 1896 1657 1959 habere
1718 1894 1987 1956 debeant.
2075 1913 2208 1955 nam
2257 1898 2410 1957 sicut
2455 1898 2517 1957 in
2564 1896 2800 1958 casibus
2849 1901 3033 1958 nomi-

422 2020 563 2064 num
609 2023 646 2083 p
694 2003 890 2065 littera
934 2006 996 2065 in
1044 2003 1082 2064 b
1130 2012 1548 2086 commutatur,
1595 2013 1663 2066 ut
1709 2012 1803 2065 est
1848 2001 2082 2082 caeleps
2129 2001 2386 2083 caelibis,
2433 2005 2514 2065 ita
2550 2005 2611 2065 in
2660 2003 3065 2084 temporibus

348 2126 658 2189 15quoque
720 2110 1037 2173 verborum
1098 2130 1130 2171 e
1192 2113 1491 2172 contrario
1553 2110 1590 2171 b
1649 2113 1711 2171 in
1771 2130 1810 2191 p
1872 2116 2298 2170 commutatum
2357 2109 2650 2187 videmus,
2708 2118 2776 2173 ut
2836 2109 3033 2172 scribo

423 2217 632 2296 scripsi
679 2219 1041 2299 scripturuS,
1087 2217 1253 2279 labor
1298 2217 1500 2300 lapsus
1545 2218 1823 2299 lapsurus
1833 2266 1852 2300 ,
1911 2215 2070 2277 nubo
2117 2218 2295 2296 nupsi
2350 2223 2625 2298 nuptura.
2700 2237 2729 2278 z
2774 2219 2836 2278 in
2884 2220 3030 2280 anti·

423 2324 556 2401 quis
612 2322 782 2386 libris
826 2323 1172 2387 Latinorum
1230 2327 1521 2405 scriptum
1575 2342 1694 2385 non
1752 2331 1871 2407 est,
1928 2322 2032 2385 sed
2089 2342 2198 2403 pro
2244 2322 2344 2384 illo
2391 2323 2508 2385 duo
2557 2341 2586 2383 s
2640 2322 3032 2406 ponebantur,

422 2429 761 2491 crotalizare
800 2431 1190 2493 crotalissare.
1256 2429 1360 2492 sed
1397 2430 1655 2492 viderint
1689 2429 1773 2490 illi
1814 2431 1946 2510 qui,
1982 2448 2119 2491 cum
2156 2429 2354 2491 verbis
2393 2429 2744 2510 quibusdam
2781 2432 3033 2511 integris

423 2534 781 2598 Graecorum
818 2541 908 2600 uti
952 2541 1013 2599 iu
1053 2538 1231 2600 latina
1277 2537 1477 2618 lingua
1526 2556 1646 2599 non
1684 2535 2083 2617 erubuerunt,
2130 2536 2603 2599 erubescendum
2651 2537 3035 2599 crediderunt

348 2640 646 2704 solitteras
692 2662 933 2723 graecas
979 2646 1407 2707 intermiscere.
1482 2664 1615 2706 nam
1656 2647 1843 2706 satius
1881 2650 1974 2705 est
2018 2642 2225 2705 alienis
2272 2643 2423 2705 bene
2472 2645 2561 2706 uti
2607 2663 2783 2724 quam
2830 2652 3032 2706 nostra

424 2748 786 2831 ineleganter
831 2771 1148 2834 apponere.
1750 2736 1774 2761 ⁶

599 2857 844 2921 Praesto
906 2879 1016 2921 nos
1074 2878 1184 2941 per
1243 2877 1278 2919 o
1340 2856 1687 2939 scribimus,
1747 2865 1982 2919 veteres
2040 2876 2149 2938 per
2211 2877 2250 2919 u
2311 2860 2701 2938 scripserunt.
2788 2858 2891 2919 sed
2944 2860 3030 2920 sic

423 2973 656 3042 praesto
703 2964 1019 3029 dicendum
1067 2976 1185 3050 est,
1230 2974 1298 3028 ut
1342 2965 1548 3028 sedulo
1597 2973 1658 3026 et
1704 2972 1904 3045 optato
1952 2973 2012 3027 et
2059 2967 2286 3026 sortito.
2362 2964 2498 3025 inde
2546 2971 2607 3025 et
2662 2964 3032 3048 praestolari,

599 3143 666 3192 16
704 3157 733 3191 z
770 3139 831 3194 in
868 3137 1115 3209 antiquis
1150 3138 1309 3194 libris
1348 3137 1574 3194 Cornuti.
1612 3141 1738 3205 154,
1775 3142 1813 3192 7

602 3306 627 3352 1
667 3298 806 3354 haec
832 3298 893 3353 in
922 3296 1207 3355 ceteris'A
1242 3299 1297 3356 h.
1328 3297 1389 3353 in
1417 3297 1616 3353 ceteris
1646 3297 1696 3353 0
1724 3298 1784 3353 in
1813 3297 2014 3353 ceteris
2041 3301 2162 3368 (om.
2191 3298 2354 3367 haec)
2390 3297 2446 3350 Β
2556 3299 2760 3353 exeunt
2786 3313 2885 3353 om.
2919 3295 2967 3350 0

422 3381 455 3430 2
492 3392 728 3447 aucceps
768 3378 982 3448 aucipis
1018 3378 1075 3432 Β
1218 3396 1429 3449 cynyps
1467 3375 1687 3448 cynipis
1715 3378 1769 3431 A
1809 3396 2021 3448 cynyps
2062 3378 2363 3448 cynycypis
2391 3377 2447 3430 Β
2485 3376 2661 3447 cinips
2690 3375 2888 3431 cinibis
2919 3375 2968 3431 0

422 3462 454 3510 3
489 3456 621 3510 hinc
658 3457 983 3512 observabis
1020 3458 1170 3528 quod
1205 3458 1261 3511 B
1298 3458 1447 3513 hanc
1483 3457 1905 3512 obseruabimus
1942 3456 2077 3527 quia
2111 3457 2228 3511 AG
2330 3464 2366 3512 4
2401 3459 2632 3528 possent
2668 3457 2716 3512 G
2817 3462 2850 3510 5
2887 3459 3033 3512 tam·

422 3538 612 3609 quam]
646 3541 820 3607 tamq.
852 3538 906 3592 A
1012 3542 1077 3594 ut
1104 3556 1205 3594 om.
1234 3537 1418 3593 ABG
1520 3538 1766 3607 apstinui
1794 3555 1898 3609 aps
1928 3541 1985 3594 et
2013 3538 2154 3592 tinui
2182 3540 2341 3607 (corr.
2370 3538 2549 3608 tenui)
2575 3536 2819 3607 apscessi
2847 3552 2947 3606 aps
2976 3538 3035 3591 et

422 3616 564 3672 cessi
589 3617 874 3674 abscondo
902 3635 1003 3689 aps
1031 3621 1089 3674 et
1114 3618 1293 3674 condo
1330 3618 1387 3671 Β
1423 3617 1671 3672 abstinui
1698 3617 1800 3672 abs
1831 3619 1889 3672 et
1913 3618 2070 3673 tenui
2097 3618 2341 3674 abscessi
2369 3619 2470 3673 abs
2496 3620 2556 3672 et
2582 3617 2722 3672 cessi
2749 3618 3031 3674 abscondo

421 3696 522 3751 abs
560 3699 619 3752 et
654 3698 834 3753 condo
872 3699 927 3752 A
964 3697 1212 3753 abstinui
1248 3698 1347 3753 abs
1387 3700 1446 3753 et
1479 3695 1623 3750 tinui
1655 3696 1916 3753 similiter
1943 3697 2044 3752 abs
2081 3701 2140 3752 et
2176 3698 2314 3752 cessi
2352 3698 2410 3750 et
2444 3696 2545 3751 abs
2583 3700 2643 3752 et
2677 3697 2855 3753 condo
2895 3697 2943 3753 0

424 3782 456 3830 6
490 3776 717 3832 fuerunt
757 3776 805 3831 0
976 3777 1305 3832 diuiduntur
1341 3793 1561 3833 necesse
1599 3794 1719 3833 esse
1755 3780 1822 3833 ut
1858 3778 2106 3847 obstipui
2143 3779 2198 3832 A
2236 3777 2564 3832 diuiduntur
2598 3778 2943 3838 (diuiduntur
2978 3779 3032 3839 ς)

421 3872 643 3911 necesse
689 3858 775 3911 est
819 3860 885 3911 ut
930 3856 1197 3926 obstupui
1242 3856 1344 3915 Βς
1391 3856 1653 3912 diuidunt
1692 3874 1920 3913 necesse
1966 3860 2054 3913 est
2101 3857 2345 3927 obstipui
2383 3856 2431 3911 G
2572 3863 2602 3911 7
2652 3859 2943 3927 praeterea
2977 3857 3032 3910 Β

420 3939 717 4005 propterea
752 3938 867 3992 AG'
1004 3942 1038 3991 8
1087 3937 1194 3992 etsi
1231 3935 1279 3991 si
1314 3935 1553 4006 primam
1591 3936 1953 3993 Schneider-us
1986 3954 2214 4008 qramm.
2253 3938 2346 3992 lat.
2388 3937 2432 3990 I
2455 3953 2518 4006 p.
2558 3942 2682 3992 222
2829 3944 2860 3992 9
2901 3937 3033 4007 quia

422 4015 657 4071 dicimus
693 4017 748 4071 A
794 4035 963 4086 quam
1001 4015 1239 4073 dicimus
1275 4015 1332 4069 Β
1379 4032 1529 4086 quae
1571 4015 1806 4072 dicimus
1846 4016 1894 4071 0
2036 4024 2100 4072 10
2138 4018 2379 4087 ponatur
2418 4015 2465 4069 G
2605 4022 2668 4070 11
2710 4019 2905 4072 contra
2941 4018 3029 4088 ps]

421 4111 548 4149 cum
573 4099 729 4168 traps
758 4098 807 4153 0
928 4099 1076 4170 apud
1106 4113 1299 4170 grecos
1329 4097 1388 4151 .1.
1418 4095 1644 4150 tandem
1672 4099 1951 4153 rationem
1980 4099 2125 4153 hanc
2150 4098 2290 4168 puto
2316 4097 2373 4150 Β
2494 4102 2562 4151 14
2589 4100 2898 4153 commutat
2923 4099 3039 4154 AG

500 4178 567 4231 ut
591 4177 698 4247 est]
728 4177 787 4232 id
815 4181 900 4235 est
928 4180 977 4235 0
1097 4179 1282 4235 celebs
1312 4174 1506 4231 celibis
1536 4177 1655 4231 AB
1784 4184 1851 4232 16
1888 4178 2047 4233 labor
2083 4178 2273 4248 lapsus
2311 4178 2568 4248 lapsurus
2606 4192 2639 4234 ς
2676 4177 2806 4233 labo
2843 4178 3032 4248 lapsus

420 4255 673 4326 lapsurus
709 4259 762 4312 A
777 4258 826 4313 0
865 4259 998 4315 labo
1044 4259 1233 4314 labsus
1269 4254 1526 4310 labsurus
1561 4255 1620 4310 Β
1763 4257 2031 4329 nuptura]
2069 4274 2318 4328 nupsura
2353 4257 2407 4310 A
2421 4256 2469 4311 0
2609 4262 2672 4310 17
2711 4256 2870 4311 libris
2907 4255 3032 4312 lati-

422 4354 618 4392 norum
646 4339 851 4394 librum
879 4340 1153 4409 scriptum
1182 4338 1236 4391 A
1276 4335 1487 4404 scripta
1512 4351 1622 4390 non
1650 4338 1736 4390 est
1763 4336 1862 4392 sed
1887 4353 1991 4407 pro
2018 4337 2123 4391 illa
2152 4335 2200 4390 0
2332 4342 2398 4392 18
2435 4336 2809 4407 crotalissare]
2852 4339 3029 4391 crota·

419 4416 553 4471 lisse
588 4417 644 4470 Β
751 4419 1017 4490 uiderint]
1050 4419 1209 4473 uidet·
1239 4418 1355 4472 AG
1386 4414 1694 4471 diuiderint
1717 4417 1773 4470 Β
1885 4423 1949 4472 19
1979 4418 2282 4472 emberunt
2307 4418 2361 4470 A
2468 4432 2572 4471 nec
2598 4415 3032 4470 erubescendum

420 4496 758 4553 crediderint
795 4499 843 4554 0
886 4515 958 4553 an
1006 4497 1440 4553 erubescendum
1488 4496 1827 4552 crediderint
1865 4496 2061 4552 Carrio
2204 4503 2273 4551 20
2320 4496 2480 4551 nobis
2516 4494 2690 4549 satius
2728 4498 2814 4549 est
2848 4495 3033 4551 alieno

420 4576 563 4632 bene
608 4579 695 4634 uti
741 4597 911 4649 quam
956 4580 1173 4634 nostro.
1198 4578 1547 4649 ineleganter
1592 4582 1846 4646 excerpta
1885 4576 2119 4631 Cornuti
2261 4578 2450 4631 nostra
2485 4574 2821 4643 ineliganter
2861 4593 3033 4646 appo·

421 4673 552 4711 nere
591 4656 639 4710 Ο
678 4662 839 4712 ω’·ἶιιιι
889 4657 1166 4728 eliganter
1212 4672 1494 4726 apponere
1531 4657 1584 4710 A
1628 4661 1789 4712 nfam
1826 4655 2167 4724 ineliganter
2204 4655 2362 4722 (corr.
2401 4653 2625 4724 ineleg.)
2661 4671 2941 4724 apponere
2977 4656 3033 4709 Β

528 4744 596 4792 22
633 4738 943 4807 praestolor
982 4737 1038 4790 A
1182 4736 1422 4807 veteres]
1458 4737 1680 4807 antiqui
1713 4736 1762 4791 0
1900 4736 1997 4790 sed
2040 4733 2120 4789 sic
2160 4736 2347 4804 presto
2387 4734 2442 4788 A
2490 4733 2589 4789 sed
2630 4733 2679 4788 si
2722 4737 2946 4804 praesto
2987 4735 3035 4789 0

423 4817 523 4873 sed
556 4819 781 4888 praesto
807 4817 864 4871 Β
971 4823 1040 4871 23
1070 4818 1135 4871 ut
1159 4817 1351 4872 sedulo
1380 4819 1437 4872 et
1466 4818 1663 4887 optato
1702 4817 1761 4870 et
1796 4815 1997 4871 sortito
2036 4830 2070 4873 ς
2105 4816 2170 4868 ut
2205 4814 2401 4870 sedulo
2429 4816 2488 4870 et
2524 4814 2718 4869 obtato
2755 4816 2953 4875 sortito
2979 4814 3036 4868 Β

424 4901 490 4952 ut
533 4898 728 4954 sedulo
773 4901 832 4954 et
875 4900 1069 4969 optato
1114 4896 1384 4968 scriptato
1421 4899 1475 4952 A
1523 4899 1582 4952 et
1619 4894 1814 4951 sedulo
1851 4898 1912 4951 et
1945 4894 2141 4951 abtato
2179 4895 2338 4964 (corr.
2376 4895 2573 4964 optato
2609 4895 2658 4965 e)
2694 4893 2949 4965 scriptito
2989 4894 3036 4948 0
