3613 5528
572 391 611 442 ⁸
1534 448 1922 504 EXCERPTA
2883 446 3010 512 357

409 548 714 601 pamm

408 635 757 713 pronomine
815 635 957 694 satis
1004 634 1388 694 tractavimus
1435 680 1449 693 .
1496 651 1591 714 va,
1645 636 1697 694 si
1750 652 1887 695 oum
1945 633 2124 694 animi
2179 630 2412 693 adfectu
2473 631 2839 714 proferatur,
2899 630 3013 691 hoc

411 748 502 801 est
546 759 655 820 per
700 742 1186 823 suspirationem,
1233 741 1348 800 erit
1391 741 1756 821 interiectio,
1806 749 1874 802 ut
1917 748 2057 820 puta

684 866 763 907 va
810 864 1325 927 quemquamne
1372 846 1727 908 hominem
1772 849 1843 908 in
1889 849 2120 908 animo
2166 847 2565 907 instituere
2614 853 2735 907 aut

681 972 941 1034 parare
988 962 1069 1016 ut
1113 956 1208 1015 sit
1252 954 1500 1014 carius
1547 951 1750 1033 quam
1795 957 1951 1034 ipse
2000 964 2108 1014 est
2154 953 2294 1015 sibi
2344 1000 2357 1014 .

330 1074 359 1114 5
412 1063 461 1121 si
508 1079 648 1123 vero
695 1079 762 1122 va
809 1080 918 1142 pro
965 1064 1270 1131 vocatione
1317 1059 1509 1140 aliqua
1564 1061 1929 1144 proferatur,
1985 1064 2100 1123 erit
2154 1060 2499 1122 adverbium
2554 1062 2892 1142 irascentis,
2947 1068 3015 1122 ut

411 1163 502 1229 ‘va
557 1168 861 1231 hominum
917 1161 1300 1249 nequisslme’
1358 1214 1372 1227 .
1429 1170 1515 1228 sic
1580 1175 1642 1229 et
1704 1169 1849 1229 aliae
1912 1169 2362 1230 interiectiones
2424 1166 2497 1228 ab
2552 1167 2681 1228 aliis
2743 1166 3012 1247 partibus

373 1278 695 1348 ,orationis
750 1275 1198 1357 discernuntur,
1262 1275 1377 1335 hoo
1434 1283 1526 1337 est
1580 1282 1673 1356 ut,
1738 1277 2014 1354 quotiens
2070 1276 2331 1336 animum
2394 1292 2504 1354 per
2558 1276 3013 1355 suspirationem

412 1402 648 1444 movere
696 1386 1107 1464 inveniuntur,
1154 1393 1280 1445 tum
1328 1400 1469 1444 suae
1516 1384 1827 1462 potestatis
1874 1400 2007 1443 esse
2053 1381 2472 1462 intellegantur
2510 1431 2523 1444 .
2567 1384 2661 1443 sin
2705 1400 2846 1442 vero
2892 1401 3012 1443 non

408 1509 517 1571 per
564 1492 1022 1571 suspirationem
1077 1491 1282 1571 animi,
1347 1487 1451 1550 sed
1508 1488 1678 1549 aliter
1733 1489 2150 1570 proferuntur,
2214 1488 2275 1550 id
2341 1488 2499 1568 quod
2554 1489 3014 1568 significaverint

334 1611 385 1649 ιο
409 1600 887 1677 pronuntiantur.

584 1703 702 1765 Vae
750 1706 1084 1765 interiectio
1133 1722 1409 1784 pressum
1454 1712 1766 1766 accentum
1813 1703 2032 1765 habere
2081 1706 2396 1785 reperitur.

585 1811 668 1873 De
716 1812 1131 1873 interiectione
1179 1819 1466 1891 quantum
1512 1813 1663 1873 ratio
1708 1810 1994 1892 poscebat
2037 1810 2472 1891 respondimus,
2514 1810 2525 1888 Ι

964 2001 1670 2070 RECAPITVLATIO
1726 2003 1847 2069 DE
1903 2001 2454 2070 AOOENTIBVS

585 2152 881 2213 Accentus
937 2150 1078 2232 quid
1136 2147 1270 2213 est?
1354 2151 1526 2213 Certa
1582 2151 1673 2212 lex
1732 2160 1794 2212 et
1848 2149 2050 2230 regula
2106 2150 2178 2211 ad
2232 2149 2535 2212 levandam
2590 2149 2867 2232 syllabam
2924 2150 3015 2212 vel

328 2271 383 2312 ¹5
409 2258 805 2339 premendam.
890 2260 1186 2320 Accentus
1242 2258 1398 2319 unde
1455 2258 1649 2319 dictus
1705 2262 1833 2319 est?
1907 2257 2077 2328 Quod
2131 2260 2296 2319 iuxta
2351 2266 2589 2320 cantum
2637 2260 2741 2334 sit,
2795 2268 2862 2319 ut
2916 2258 3012 2319 ad-

409 2365 706 2448 verbium,
752 2367 909 2446 quod
956 2369 1120 2428 iuxta
1167 2365 1413 2426 verbum
1450 2368 1543 2425 sit.
1618 2365 1781 2426 Inter
1818 2373 2130 2426 accentum
2167 2373 2227 2427 et
2263 2374 2502 2428 cantum
2540 2365 2681 2445 quid
2719 2362 3014 2428 interest?

411 2473 581 2545 Quod
645 2485 856 2536 cantus
919 2476 980 2535 in
1045 2475 1297 2554 musica,
1371 2481 1653 2535 accentus
1716 2475 1780 2534 in
1843 2475 2109 2535 oratione
2173 2481 2281 2540 est.
2374 2472 2697 2555 Acoentus,
2770 2475 2873 2554 qui
2941 2472 3012 2533 ad

411 2580 704 2642 acuendas
750 2580 997 2662 syllabas
1042 2581 1484 2661 gravandasque
1521 2583 1853 2663 pertinent,
1899 2591 2044 2661 quot
2081 2578 2263 2643 sunt?
2334 2580 2512 2662 Tres,
2557 2582 2618 2643 id
2656 2591 2749 2643 est
2786 2591 3015 2664 acutuS,

408 2690 629 2770 gravis»,
676 2687 1094 2749 circumflexus
1142 2736 1155 2749 .
1203 2689 1388 2750 ceteri
1435 2705 1553 2748 non
1602 2689 1786 2768 magis
1834 2695 2115 2749 accentus
2164 2705 2338 2768 quam
2385 2696 2558 2750 notae
2606 2688 2873 2751 brevium
2923 2687 3013 2749 vel

329 2810 384 2850 20
411 2795 717 2876 longarum
764 2795 1147 2878 syllabarum,
1193 2796 1624 2875 adspiratarum
1660 2793 1753 2855 vel
1790 2794 2028 2856 exilium
2068 2793 2435 2879 iudicantur,
2482 2815 2736 2877 quorum
2776 2799 3011 2857 nomina

408 2913 550 2964 sunt
594 2901 820 2984 breviS,
865 2902 1102 2984 longuS,
1148 2902 1496 2984 adspiratio,
1542 2901 1770 2963 exilitas
1818 2950 1832 2962 .
1880 2902 1983 2963 sed
2031 2902 2209 2985 haec,
2250 2913 2318 2964 ut
2354 2903 2501 2985 dixi,
2547 2903 2833 2984 simplicia
2872 2913 3014 2964 sunt

409 3011 601 3089 signa,
659 3028 809 3089 quae
866 3028 986 3070 non
1041 3017 1218 3089 egent
1271 3008 1668 3088 disputatione
1726 3056 1740 3068 .
1788 3008 1872 3070 illi
1926 3028 2068 3070 vero
2124 3017 2404 3071 accentus
2460 3011 2565 3088 qui
2618 3008 3013 3070 humilitatem

408 3116 500 3177 vel
546 3115 919 3178 altitudinem
965 3115 1319 3196 syllabarum
1358 3114 1709 3197 ostendunt,
1762 3116 1823 3177 id
1871 3124 1961 3177 est
2008 3123 2246 3198 acutus,
2302 3118 2494 3196 gravis
2504 3164 2523 3198 ,
2578 3116 3012 3197 circumflexuS,

407 3223 580 3304 plena
627 3225 857 3284 ratione
906 3223 1194 3286 tractandi
1241 3233 1396 3285 sunt.
1488 3225 1714 3285 Acutus
1761 3243 1871 3285 eur
1917 3219 2181 3285 dicitur?
2266 3223 2436 3294 Quod
2494 3231 2664 3284 acuat
2719 3230 2779 3283 et
2826 3224 3013 3302 erigat

329 3344 381 3386 25
410 3328 703 3409 syllabam.
780 3329 1001 3409 Gravis·
1031 3327 1260 3411 quare?
1344 3331 1517 3403 Quod
1564 3331 1857 3411 deprimat
1909 3339 1969 3393 et
2023 3330 2306 3412 deponat:
2362 3332 2474 3390 iste
2531 3330 2865 3391 contrarius
2920 3337 3016 3391 est

410 3444 601 3498 acuto.
677 3437 831 3508 Quid
879 3435 1342 3500 circumflexus?
1414 3437 1641 3519 Duplex
1686 3446 1803 3499 est:
1865 3457 1999 3499 nam
2056 3457 2128 3500 ex
2184 3446 2358 3499 acuto
2406 3447 2466 3499 et
2510 3441 2674 3518 gravi
2719 3445 2953 3500 constat
2998 3486 3012 3499 .

590 3653 616 3698 1
656 3644 739 3718 in]
784 3646 931 3701 inter
980 3647 1055 3701 Μ
1212 3645 1349 3701 satis
1394 3644 1762 3700 tractauimus
1802 3644 1880 3698 M
1921 3643 2057 3700 satis
2092 3648 2468 3702 transmutaui
2503 3646 2560 3700 B
2723 3654 2756 3702 3
2792 3664 2866 3702 ua.
2904 3663 3012 3717 que

409 3741 651 3794 quamne
698 3726 775 3780 M
779 3746 798 3779 .·
848 3727 1057 3783 Terent.
1107 3726 1338 3795 Adelph.
1378 3725 1421 3779 I
1453 3730 1579 3793 1,13
1739 3727 1840 3780 aut
1892 3725 2115 3797 parare]
2171 3744 2245 3782 an
2298 3743 2494 3796 parere
2543 3726 2688 3780 ΒΜ
2847 3734 2876 3781 ’1
2914 3743 3014 3796 per

409 3805 837 3876 suspirationem
873 3809 1087 3865 moveri
1121 3809 1369 3865 indicare
1404 3805 1764 3863 inveniuntur
1799 3808 2028 3861 coniecit
2068 3806 2281 3862 Thurot
2314 3823 2474 3862 revue
2510 3809 2739 3877 critique
2774 3826 2826 3863 a.
2863 3812 3014 3865 1877

399 3907 461 3959 p.
500 3893 613 3945 308
778 3904 880 3959 per
926 3888 1356 3960 suspirationem
1394 3891 1585 3960 priore
1631 3888 1745 3943 loeo
1790 3903 1894 3943 om.
1935 3887 2034 3954 Μ,
2070 3887 2198 3942 add.
2235 3887 2292 3941 B
2453 3892 2486 3941 8
2523 3889 2645 3942 tum
2683 3889 2840 3959 suae]
2879 3886 3012 3941 dum

409 3982 541 4021 suae
577 3967 633 4021 Β
668 3969 859 4023 tamen
895 3985 993 4024 seu
1032 3969 1107 4023 Μ
1244 3969 1332 4024 sin
1374 3985 1506 4025 vero
1551 3984 1664 4023 non
1708 3984 1811 4037 per
1852 3966 2282 4037 suspirationem
2333 3984 2459 4022 cum
2503 3966 2710 4023 affectu
2756 3968 2928 4023 animi
2962 3973 3015 4023 et

408 4046 605 4102 deinde
639 4049 1005 4116 pronuntiant
1034 4066 1139 4119 pro
1174 4048 1606 4119 pronuntiantur
1641 4052 1873 4105 coniecit
1913 4049 2125 4103 Thurot
2162 4090 2176 4104 .
2212 4050 2417 4103 rectius
2453 4054 2572 4103 erat
2608 4048 2696 4103 sin
2731 4065 2865 4104 vero
2900 4064 3013 4103 non

408 4144 508 4198 per
543 4126 999 4198 suspirationem,
1054 4129 1162 4185 hoe
1199 4131 1287 4185 est
1322 4146 1447 4183 cum
1495 4129 1867 4186 commotione
1916 4129 2116 4197 animi,
2172 4130 2271 4185 sed
2307 4130 2472 4184 aliter
2518 4129 2869 4199 proferuntur
2886 4171 2901 4197 ,
2954 4128 3013 4182 id

409 4208 557 4278 quod
586 4208 1024 4278 significaverint
1049 4225 1170 4264 esse
1197 4208 1646 4279 pronuntiantur.
1790 4208 1876 4264 sin
1902 4226 2036 4265 uero
2064 4209 2119 4262 Β
2148 4208 2197 4262 si
2225 4225 2359 4264 uero
2382 4209 2458 4263 M
2597 4215 2629 4264 9
2657 4209 3013 4279 proferuntur

408 4285 468 4339 in
504 4302 615 4356 quo
651 4287 1053 4359 signifieauerit
1086 4288 1142 4342 B
1188 4287 1508 4358 proferatur
1553 4289 1611 4344 in
1658 4291 1808 4359 quod
1846 4288 2245 4360 significauerit
2282 4289 2358 4343 M
2501 4296 2561 4343 11
2603 4288 2687 4344 Ve
2725 4289 2780 4342 Β
2801 4289 2876 4343 Μ

414 4374 478 4422 13
517 4367 599 4422 In
632 4370 1086 4438 recapitulatione
1132 4369 1197 4423 de
1242 4369 1553 4423 accentibus
1590 4375 1812 4439 praeter
1858 4371 2107 4424 lectiones
2152 4369 2397 4424 codicum
2432 4369 2573 4424 ΒΜ
2608 4369 2891 4438 adscripta
2937 4374 3013 4423 est

410 4450 783 4519 discrepantia
827 4450 1030 4504 codicis
1067 4448 1422 4504 Monacensis
1458 4454 1624 4516 6399,
1668 4450 1798 4504 olim
1845 4448 2223 4518 Frieinyensis
2267 4454 2375 4504 199
2411 4446 2569 4516 (F).
2606 4450 2734 4503 item
2769 4465 2797 4503 e
2832 4449 3014 4503 codice

411 4529 697 4595 Leidensi,
743 4545 850 4598 quo
893 4544 1027 4583 usus
1069 4534 1147 4584 est
1191 4529 1480 4585 Lucienus
1528 4528 1834 4584 Muellerus
1877 4545 2009 4583 mus.
2049 4528 2222 4583 Rhen.
2260 4546 2310 4585 v.
2354 4530 2602 4583 XVIII
2632 4531 2709 4594 (a.
2747 4533 2922 4597 1863)
2953 4546 3010 4598 p.

410 4615 521 4665 169
556 4624 664 4677 sqq.
716 4624 907 4676 pauca
960 4608 1241 4677 adscripta
1294 4614 1478 4663 sunt.-
1515 4610 1582 4677 cf.
1629 4626 1805 4678 supra
1834 4627 1898 4679 p.
1934 4613 2143 4673 329,12
2288 4608 2875 4665 RECAPITVLATIO
2913 4608 3010 4663 DE

411 4686 865 4745 ACCENTIBVS
910 4703 1010 4742 om.
1046 4687 1129 4753 Β,
1174 4688 1303 4743 add.
1344 4688 1491 4743 ΜΓ
1632 4695 1697 4744 15
1735 4691 1824 4745 est
1867 4705 1967 4744 om.
2014 4687 2231 4742 ΒΜΓ
2366 4694 2432 4745 ut
2465 4706 2565 4745 om.
2617 4689 2694 4743 M
2835 4695 2901 4744 16
2938 4688 3014 4743 sit

410 4784 510 4823 om.
545 4768 690 4822 ΒΜ
698 4767 760 4820 F
897 4768 956 4822 et
1000 4770 1225 4822 cantum
1268 4784 1370 4822 om.
1410 4768 1486 4822 Μ
1627 4775 1691 4822 17
1731 4769 1819 4824 est
1863 4785 1963 4825 om.
2004 4769 2066 4822 F
2203 4770 2337 4839 quid
2383 4770 2692 4825 accuendas
2741 4769 2799 4824 Β
2941 4776 3008 4826 21

411 4848 682 4919 adspirati
722 4849 795 4903 Μ
804 4848 866 4901 F
1039 4856 1107 4904 24
1145 4867 1242 4905 cur
1276 4851 1471 4905 acutus
1508 4850 1712 4904 dieitur
1750 4846 1813 4902 F
1986 4856 2054 4904 25
2092 4851 2281 4920 grauis
2320 4868 2489 4920 quare
2526 4849 2731 4905 dicitur
2768 4848 2830 4904 F

413 4936 480 4987 26
516 4930 653 5001 quid
690 4929 1069 4985 circumflexus
1104 4930 1309 4986 dicitur
1345 4930 1406 4983 F
