3613 5528
1278 312 1624 368 EXEMPLA
1661 311 2190 369 ELOCVTIONVM
2904 315 3031 378 447

438 499 712 579 repetivi,
780 499 894 559 nisi
958 497 1114 577 quod
1176 500 1234 559 in
1294 501 1527 560 nomine
1576 499 1846 581 Vergilii,
1908 502 1969 560 in
2026 518 2143 579 quo
2201 502 2425 561 varium
2474 519 2613 580 ¹esse
2669 501 2803 563 libri
2861 520 3032 563 manu

438 606 648 684 scripti
693 623 868 666 usum
915 623 1095 684 supra
1143 605 1288 687 dixi,
1335 615 1676 668 constanter
1729 608 1903 684 Vero.
1951 609 2180 687 scripsi.
2270 609 2333 668 in
2382 607 2791 670 emendatione
2838 617 3033 670 autem

439 713 679 772 vitiosae
736 713 1065 792 scripturae
1132 712 1341 774 modus
1406 713 1773 776 adhibendus
1839 716 1978 795 fuit,
2041 721 2355 794 propterea
2413 715 2568 793 quod
2636 717 2695 776 in
2753 716 3034 796 exemplis

438 821 794 899 scriptorum
860 817 1044 879 multa
1106 818 1262 880 haud
1329 818 1505 881 dubie
1565 820 1933 900 neglegentia
1997 823 2364 900 grammatici
2420 821 2509 882 vel
2565 824 2704 883 vitio
2762 823 3033 885 codicum

436 925 654 1005 quibus
701 944 847 987 usus
895 935 1021 987 erat
1067 934 1346 1007 corrupta
1386 937 1551 1010 sunt,
1599 946 1748 1008 quae
1787 946 1962 1006 saepe
2000 926 2073 987 ab
2111 927 2418 990 erroribus
2455 928 2830 991 librariorum
2871 939 3033 991 certo

435 1033 653 1094 iudicio
689 1033 971 1113 distingui
1010 1051 1125 1094 non
1164 1042 1439 1114 poterant
1476 1084 1488 1097 .
1527 1038 1884 1116 scripturam
1921 1034 2141 1097 codicis
2180 1053 2211 1095 a
2249 1045 2488 1116 recepta
2526 1036 2778 1098 lectione
2816 1037 3034 1098 discre-

435 1149 673 1220 pantem
734 1142 797 1202 in
862 1139 1237 1202 adnotatione
1303 1144 1619 1222 separatim
1683 1144 1856 1223 posui
1913 1191 1927 1204 .
1991 1145 2051 1203 in
2120 1141 2348 1226 reliqua
2410 1141 2803 1203 adnotationis
2866 1152 3032 1223 parte

436 1249 692 1328 primum
761 1265 831 1310 ex
890 1247 1044 1309 Maii‘
1090 1255 1150 1309 et
1213 1246 1600 1310 Lindemanni
1663 1247 2024 1310 editionibus
2088 1267 2155 1309 ea
2222 1268 2372 1328 quae
2438 1248 2837 1311 memorabilia
2902 1269 3033 1311 esse

436 1353 784 1417 videbantur
829 1355 1107 1436 indicavi3
1163 1373 1350 1435 pauca
1397 1357 1571 1416 etiam
1620 1375 1691 1416 ex
1737 1355 2124 1416 Perizoniano
2182 1356 2413 1438 codice,
2469 1374 2648 1436 quem
2704 1358 2840 1418 olim
2898 1377 3032 1419 cum

434 1461 819 1525 Lindemanni
893 1462 1149 1524 editione
1225 1447 1617 1543 contuleram,
1690 1461 1885 1524 addidi
1949 1509 1962 1523 .
2030 1480 2164 1522 nam
2236 1464 2522 1542 quaedam
2597 1466 2656 1524 in
2731 1465 2804 1524 iis
2870 1474 3033 1526 recte

434 1568 740 1630 emendata
798 1577 993 1650 erant,
1057 1569 1164 1631 alia
1229 1579 1571 1650 propterea,
1635 1568 1790 1649 quod
1856 1571 1919 1629 in
1975 1568 2264 1630 editiones
2322 1572 2680 1650 scriptorum
2745 1570 2817 1631 ad
2883 1590 3032 1650 quos

433 1679 735 1757 pertinent
780 1686 1020 1758 recepta
1066 1685 1127 1739 et
1164 1697 1276 1740 usu
1315 1677 1528 1739 tradita
1567 1687 1761 1760 erant,
1809 1679 1936 1737 sine
1985 1676 2357 1738 incommodo
2402 1676 2723 1756 legentium
2770 1687 3029 1758 praeter·

434 1786 585 1845 mitti
642 1803 760 1846 non
813 1793 1090 1866 poteraut
1146 1833 1158 1846 .
1208 1804 1274 1848 ea
1340 1803 1491 1865 quae
1550 1803 1621 1845 ex
1681 1784 1947 1846 Gudiano
2004 1783 2205 1845 codice
2265 1783 2731 1846 Lindemannum
2789 1797 3032 1847 secutus
3117 1822 3124 1828 ·

434 1891 719 1972 adscripsi
773 1900 980 1973 postea
1047 1911 1182 1954 cum
1246 1894 1371 1973 ipsa
1437 1891 1659 1953 codicis
1725 1893 2022 1972 scriptura
2086 1891 2309 1953 contuli
2375 1901 2460 1974 et,
2524 1890 2626 1953 ubi
2682 1910 2831 1971 opus
2887 1902 3031 1970 erat,

435 2001 665 2059 correxi
732 2047 743 2059 .
809 1998 1047 2080 deinde,
1121 2000 1314 2080 siquid
1379 2001 1440 2060 in
1507 1998 1790 2077 exemplis
1856 2000 2213 2078 scriptorum
2280 2001 2339 2059 in
2405 2000 2608 2061 codice
2683 2008 3029 2080 corruptum

433 2116 586 2187 erat,
651 2105 911 2169 breviter
976 2107 1115 2186 quid
1172 2109 1233 2167 in
1282 2106 1585 2168 codicibus
1641 2125 1848 2167 eorum
1907 2109 2261 2185 scriptorum
2320 2108 2423 2184 qui
2487 2124 2644 2167 nunc
2709 2118 3032 2187 supersunt

434 2214 721 2292 scriptum
805 2221 963 2276 esset
1044 2214 1330 2294 indicavi,
1421 2232 1536 2294 quo
1628 2213 1857 2275 facilius
1940 2214 2011 2274 de
2094 2214 2366 2274 Arusiani
2448 2211 2701 2274 lectione
2783 2212 3030 2275 iudicari

433 2319 524 2381 vel
573 2321 727 2382 unde
776 2321 1106 2384 emendatio
1153 2324 1335 2402 petita
1383 2329 1543 2382 esset
1598 2319 1860 2401 intellegi
1912 2329 2117 2400 posset
2163 2368 2176 2382 .
2223 2320 2479 2399 denique
2536 2322 2596 2380 in
2652 2317 2855 2400 paucis
2912 2321 3036 2381 elo-‘

435 2427 771 2490 cutionibus
817 2429 978 2490 locos
1025 2429 1271 2490 aliorum
1330 2431 1875 2510 grammaticorum,
1931 2431 2032 2508 qui
2088 2428 2294 2489 eadem
2347 2436 2614 2488 veterum
2669 2429 3028 2508 scriptorum

433 2535 697 2616 exempla
746 2535 834 2597 vel
881 2554 953 2597 ex
999 2538 1128 2613 ipso
1174 2537 1450 2598 Arusiani
1496 2535 1648 2597 libro
1696 2536 1784 2597 vel
1834 2554 1906 2596 ex
1953 2537 2252 2596 communi
2299 2536 2460 2597 fonte
2507 2536 2691 2615 petita
2729 2534 3028 2617 exhibent,

432 2642 750 2724 adscripsi,
814 2661 1167 2722 quamquam
1223 2652 1590 2705 constantem
1657 2644 1947 2704 rationem
2012 2645 2072 2703 in
2139 2661 2207 2702 ea
2271 2660 2336 2703 re
2404 2660 2640 2703 servare
2697 2661 2807 2703 nec
2863 2644 3029 2722 potui

433 2768 542 2811 nec
587 2749 760 2812 volui.

610 2857 737 2928 Qua
812 2866 1001 2920 aetate
1063 2859 1399 2941 ‘Arusianus
1482 2861 1717 2939 vixerit,
1800 2859 2137 2920 testimonio
2213 2866 2445 2919 constat
2517 2860 2735 2919 veteris
2808 2859 3075 2920 codicis¹

433 2964 831 3026 Beroliuensis
897 2964 1038 3026 olim
1079 2965 1445 3042 ,Santeniani
1509 2964 1593 3029 66
1652 3014 1665 3027 .
1723 2969 1781 3027 ἰι]
1849 2985 1921 3026 eo
1986 2966 2187 3027 codice
2256 2967 2413 3027 enim
2476 2986 2534 3046 p.
2588 2963 2716 3027 218
2783 2975 2844 3026 et
2898 2962 3026 3026 219

433 3072 711 3151 leguntur
759 3071 915 3133 tituli
959 3071 1247 3134 librorum
1295 3094 1412 3135 non
1453 3074 1749 3135 nullorum
1795 3092 1953 3134 nono
1992 3072 2226 3134 saeculo
2266 3074 2501 3154 scripti,
2548 3091 2697 3152 quos
2736 3071 3026 3153 Hauptius

434 3198 633 3259 opusc.
681 3198 731 3239 v.
779 3177 858 3237 ΙΙΙ
905 3198 961 3259 p.
1006 3175 1138 3241 425
1184 3181 1393 3265 edidit,
1447 3183 1604 3242 inter
1652 3199 1800 3260 quos
1857 3182 1916 3240 in
1965 3182 2078 3240 [ine
2136 3181 2348 3242 indicis
2393 3182 2667 3240 Arusiani
2723 3179 2872 3240 liber
2927 3179 3025 3239 de-

433 3287 692 3364 scriptus
730 3295 823 3346 est
856 3287 964 3368 ita,
1011 3290 1224 3365 incipit
1263 3290 1451 3350 Messi
1484 3291 1748 3349 oratoris
1787 3291 1864 3348 de
1900 3290 2335 3349 elocutionibus
2381 3288 2627 3364 Olybrio
2666 3294 2723 3347 et
2761 3288 3027 3348 Probe’uo

437 3393 692 3454 Messius
738 3439 751 3452 .
801 3390 1108 3472 Olybrium
1155 3403 1350 3456 autem
1399 3404 1459 3457 et
1503 3394 1856 3476 Probinum,
1913 3394 1981 3455 ad
2041 3413 2190 3474 quos
2245 3393 2459 3455 librum
2508 3395 2796 3473 scriptum
2842 3394 3025 3453 fuisse

435 3498 546 3560 hoc
593 3502 930 3560 testimonio
978 3504 1376 3582 comperimus
1424 3493 1587 3585 (nam
1625 3503 1686 3561 in
1726 3500 2000 3561 Bobiensi
2041 3500 2243 3562 codice
2290 3501 2575 3580 praefatio
2612 3502 2830 3560 omissa
2868 3494 3025 3584 erat)

435 3606 708 3667 consules
755 3606 936 3667 fuisse
984 3625 1136 3667 anno
1185 3627 1237 3688 p.
1286 3608 1421 3669 Chr.
1461 3627 1516 3669 n.
1555 3604 1686 3669 395
1731 3616 1965 3670 constat
2011 3656 2024 3669 .
2072 3607 2227 3669 unde
2275 3610 2545 3687 sequitur
2592 3616 2693 3668 aut
2738 3606 2850 3667 hoc
2897 3609 3024 3687 ipso

434 3732 613 3794 anno,
678 3723 802 3773 tum
868 3733 1004 3775 eum
1066 3713 1151 3775 illi
1216 3714 1470 3794 collegae
1537 3724 1732 3796 erant,
1804 3724 1908 3775 aut
1969 3717 2125 3776 circa
2189 3715 2301 3776 hoc
2366 3724 2600 3795 tempus
2664 3713 2733 3774 ad
2799 3713 2927 3774 illos
2993 3733 3026 3775 a

434 3822 811 3900 grammatico
858 3819 1076 3882 librum
1123 3824 1367 3883 missum
1414 3841 1545 3883 esse
1592 3872 1605 3885 .
1654 3840 1787 3882 nam
1846 3825 2119 3901 quoniam
2167 3823 2382 3884 fratres
2429 3831 2598 3882 erant
2643 3820 2919 3900 Olybrius
2967 3830 3027 3883 et

434 3926 729 3988 Probinus
742 3976 761 4009 ,
796 3937 1122 4008 potuerunt
1159 3946 1365 3989 eorum
1403 3930 1665 4011 nomina,
1704 3930 1860 3988 sicut
1896 3927 2192 3989 adnotavit
2219 3928 2536 4009 Hauptius,
2575 3931 2749 3988 etiam
2789 3938 3026 4008 praeter

435 4032 775 4095 consulatus
841 4036 1210 4095 occasionem
1277 4037 1380 4095 uni
1445 4034 1639 4095 libello
1704 4033 1951 4095 inscribi
2016 4082 2030 4095 .
2095 4035 2164 4094 ad
2230 4035 2387 4095 idem
2453 4041 2687 4114 tempus
2752 4037 3026 4115 pertinet,

437 4139 590 4218 quod
641 4140 965 4202 Arusianus
1028 4143 1185 4202 inter
1249 4140 1513 4222 exempla
1579 4151 1860 4221 quattuor
1923 4149 2191 4202 veterum
2250 4143 2607 4220 scriptorum
2663 4139 2780 4200 duo
2827 4144 3027 4220 posuit

438 4247 795 4330 Symmachi,
849 4248 1110 4328 aequalis
1165 4250 1283 4331 sui,
1339 4248 1601 4329 exempla
1656 4269 1710 4329 p.
1767 4246 1895 4310 217
1946 4257 2004 4309 et
2058 4267 2112 4328 p.
2160 4245 2290 4308 244
2338 4295 2351 4308 .
2398 4265 2591 4326 neque
2647 4249 2804 4307 enim
2860 4245 3027 4308 dubi-

438 4352 675 4415 tandum
732 4364 824 4415 est
877 4358 1018 4435 quin
1075 4355 1220 4417 haec
1276 4355 1348 4416 ab
1407 4359 1533 4436 ipso
1590 4357 1971 4435 grammatico
2020 4357 2266 4435 scripta,
2323 4373 2440 4414 non
2486 4362 2692 4433 postea
2741 4354 3024 4435 exemplis

435 4459 507 4521 ab
582 4461 677 4522 illo
754 4461 1016 4524 collectis
1089 4461 1284 4524 addita
1357 4465 1475 4524 sint
1539 4511 1552 4523 .
1617 4464 1868 4524 oratoris
1941 4461 2175 4523 titulum
2250 4461 2401 4522 haud
2477 4464 2777 4523 insuetum
2849 4464 3025 4522 etiam

436 4570 830 4646 grammaticis
878 4569 1033 4631 illius
1080 4573 1287 4631 aetatis
1335 4571 1517 4631 fuisse
1564 4570 1861 4631 adnotavit
1898 4569 2286 4631 Ruhnkenius
2333 4570 2514 4649 praef.
2563 4571 2621 4628 in
2664 4567 2839 4629 Rutil.
2877 4566 3023 4648 Lup.

436 4693 490 4754 p.
554 4675 735 4735 xxvi
792 4724 802 4736 .
864 4684 1172 4756 praeterea
1228 4679 1288 4737 in
1344 4679 1729 4757 inscriptione
1784 4677 1920 4738 libri
1993 4677 2211 4737 dicitur
2266 4678 2353 4736 vir
2408 4674 2770 4736 clarissimus
2825 4694 3025 4737 comes

435 4784 612 4862 primi
657 4783 880 4844 ordinis
919 4831 932 4844 .
972 4783 1313 4863 dignitatem
1361 4794 1558 4846 autem
1606 4786 1890 4846 comitum
1933 4786 2109 4866 primi
2155 4784 2401 4845 secundi
2451 4785 2610 4844 tertii
2655 4783 2905 4865 ordinis,
2951 4783 3023 4847 de
