3613 5528
1390 441 1488 502 DE
1542 441 2050 503 DIFFERENTHS
2899 442 3029 512 519

421 651 539 712 per
583 633 969 712 alphabetum
1016 681 1029 694 .
1079 634 1251 695 Inter
1297 636 1718 696 absconditum
1771 643 1834 696 et
1886 638 2244 696 absconsum
2290 667 2374 676 —
2428 635 2597 695 Inter
2652 636 3030 695 vulneratum

429 750 488 803 et
519 745 863 803 sauciatum
911 789 924 802 .
971 744 1323 804 vulneratus
1360 750 1449 804 est
1492 746 1601 818 qui
1645 746 1708 804 in
1754 747 1943 804 altum
1991 745 2308 803 demissam
2353 743 2559 816 habet,
2605 744 2919 802 sauciatus
2965 745 3028 802 in

430 853 492 910 in
536 866 826 910 summam
863 856 1107 925 partem
1154 852 1434 927 corporis
1478 852 1663 912 habet
1706 853 1899 911 iectus
1947 852 2137 927 playa
2194 851 2258 922 (l.
2307 852 2464 910 ictus
2503 851 2780 927 plaqam)
2828 895 2842 909 .
2889 866 3030 908 nam

428 964 487 1017 et
525 955 827 1032 satiamus
864 963 1064 1033 potest
1117 958 1247 1018 dici
1297 961 1563 1018 saucius,
1616 960 1759 1031 finit
1814 974 2006 1018 amen.
2097 975 2169 1017 ex
2224 955 2337 1016 hoc
2392 958 2575 1033 igitur
2627 974 2697 1015 ea
2753 973 2902 1033 quae
2958 973 3027 1015 ex

428 1063 745 1124 Frontonis
810 1065 911 1142 qui
974 1062 1114 1124 olim
1169 1062 1478 1124 dicebatur
1533 1062 1683 1124 libro
1749 1073 1990 1143 recepta
2054 1072 2114 1123 et
2177 1064 2402 1123 rectius
2466 1064 2527 1122 in
2593 1079 2663 1122 eo
2729 1080 2904 1140 quam
2969 1063 3029 1122 in

429 1169 706 1231 Bobiensi
754 1169 957 1230 codice
1006 1173 1227 1251 scripta
1276 1181 1417 1232 sunt
1465 1173 1753 1251 exscripsi
1802 1219 1815 1230 .
1861 1179 2096 1250 praeter
2144 1169 2289 1231 haec
2335 1178 2529 1230 autem
2586 1187 2771 1248 pauca
2820 1169 3028 1230 iisdem

428 1277 626 1338 verbis
672 1279 734 1338 in
779 1276 1295 1356 Montepessulano
1342 1277 1545 1338 codice
1592 1280 1846 1358 repetita
1891 1286 2049 1338 sunt.
2140 1296 2275 1338 nam
2330 1276 2580 1357 plurima
2637 1295 2787 1355 quae
2840 1278 2902 1337 in
2958 1295 3028 1336 eo

429 1384 502 1445 de
551 1384 759 1445 iisdem
807 1383 1159 1446 differentiis
1205 1387 1425 1466 scripta
1472 1384 1754 1464 leguntur
1799 1403 1872 1445 ex
1919 1384 2048 1445 aliis
2096 1384 2359 1445 fontibus
2404 1385 2588 1463 petita
2634 1392 2789 1445 sunt.

1493 1742 1636 1749 -—---
1653 1742 1967 1748 wm--.‚

428 2205 472 2241 ..
632 2190 684 2229 Ρ,
1134 2072 1301 2184 DE
1394 2013 2319 2184 DIFFERENTI'IS

605 2274 766 2337 Inter
814 2276 1099 2337 ultionem
1155 2286 1215 2338 et
1274 2277 1604 2338 vindictam.
1697 2277 1846 2338 ultio
1883 2276 2140 2336 vindicat
2179 2275 2427 2358 sactum,
2476 2275 2788 2338 vindicatio
2827 2277 3024 2337 futura

431 2382 722 2464 prohibet.
815 2383 947 2444 ideo
993 2383 1149 2445 Mars
1195 2384 1380 2465 ultor,
1428 2402 1545 2444 non
1597 2382 1806 2444 vindex
1855 2383 2090 2444 dicitur.

604 2489 890 2552 Praedam
928 2499 987 2553 et
1026 2493 1304 2572 rapinam.
1372 2490 1586 2570 praeda
1619 2492 1803 2550 victos
1842 2490 2081 2571 spoliat,
2118 2492 2321 2570 rapina
2360 2489 2558 2552 subito
2590 2493 2764 2553 venit.
2831 2494 3028 2570 itaque

346 2610 374 2648 ὁ
428 2596 523 2658 illa
574 2600 812 2659 victoria
860 2599 1102 2679 gaudet,
1146 2597 1292 2658 haec
1338 2597 1676 2678 petulantia.

606 2704 726 2767 Cur
772 2714 832 2767 et
878 2724 1076 2787 quare.
1169 2723 1279 2767 cur
1326 2705 1673 2786 simpliciter
1717 2712 2131 2788 percontatur,
2188 2723 2372 2785 quare
2429 2723 2664 2767 causam
2713 2705 3026 2787 rationem-

428 2830 544 2891 que
592 2812 905 2874 desiderat.

595 2918 899 2981 Delictum
938 2928 999 2981 et
1034 2928 1358 3000 peccatum.
1425 2920 1527 2998 qui
1574 2918 1848 2998 deliquit,
1878 2937 2014 2980 ·non
2054 2920 2194 2981 fecit
2231 2918 2385 2999 quod
2427 2919 2619 2980 facere
2658 2918 2889 3001 debuit3
2928 2922 3029 2999 qui

426 3028 716 3109 peccavit,
761 3026 875 3088 hoc
921 3028 1088 3109 fecit,
1134 3026 1236 3087 sed
1284 3044 1493 3106 parum
1539 3036 1719 3088 recte.

353 3146 405 3186 ιο
605 3133 954 3196 Remedium
1020 3142 1079 3194 et
1143 3132 1657 3194 medicamentum.
1759 3131 2116 3215 remedium,
2191 3151 2262 3193 ne
2328 3131 2760 3214 periclitemur,
2826 3133 3029 3215 datur3

427 3239 920 3300 medicamentum
966 3240 1036 3301 ad
1087 3237 1280 3300 subita
1335 3238 1599 3319 pericula
1644 3247 1906 3320 aptatur3
1963 3248 2140 3318 atque
2197 3241 2277 3300 ita
2331 3240 2661 3301 remedium
2718 3239 3029 3301 submovet

428 3346 822 3427 imminentia,
867 3347 1361 3407 medicamentum
1410 3353 1577 3405 sanat
1621 3344 1816 3405 inlata.

603 3452 852 3513 Flumen
899 3459 960 3513 et
1004 3451 1264 3514 fluvium.
1357 3451 1577 3513 flumen
1627 3451 1784 3511 idem
1832 3450 1962 3512 fluit
2009 3459 2070 3513 et
2116 3465 2340 3528 manet,
2398 3453 2613 3515 fluvius
2661 3452 3030 3534 temporibus

427 3562 700 3621 siccatur.
2035 3624 2048 3638 ‚

345 3684 397 3722 ιι»
604 3665 975 3727 Corinthium
1022 3674 1083 3726 et
1128 3664 1585 3727 Corinthiacum.
1679 3664 2051 3727 Corinthium
2107 3669 2295 3727 civem
2349 3667 2642 3741 dicemu8‚
2697 3665 3026 3727 Corinthia-

426 3791 563 3834 cum
609 3792 725 3834 vae.

603 3879 862 3942 Roseum
911 3889 969 3942 et
1016 3900 1340 3942 rosaceum.
1434 3901 1671 3943 roseum
1717 3900 1827 3963 per
1873 3900 1967 3962 se,
2014 3899 2325 3942 rosaceum
2373 3884 2637 3944 mixtum.

601 3988 860 4050 Fuscum
909 3995 969 4048 et
1013 3989 1267 4067 nigrum.
1359 3990 1526 4049 fusco
1573 3988 1770 4050 album
1818 3990 2162 4071 opponitur,
2209 3991 2379 4069 nigro
2426 3990 2757 4052 candidum.

601 4095 874 4175 Pugnare
904 4102 963 4155 et
998 4112 1339 4174 oppugnare
1370 4103 1430 4156 et
1457 4098 1802 4176 inpugnare.
1869 4097 1972 4175 qui
1999 4104 2250 4177 pugnat,
2287 4098 2539 4178 resistit3
2579 4099 2681 4176 qui
2709 4106 3028 4179 oppugnat,

424 4346 584 4401 Beda
607 4272 673 4320 10
708 4265 1037 4400 Rgmedium
1083 4265 1242 4321 Beda
1284 4272 1455 4335 288,1
1633 4273 1697 4322 15
1746 4266 2094 4322 Corinthium
2141 4268 2298 4323 Beda
2334 4274 2506 4336 267,9
2682 4276 2745 4324 17
2783 4270 3023 4326 Roseum

617 4352 755 4413 288,

602 4525 668 4579 N
699 4526 865 4581 codex
900 4525 1191 4581 Bobiemic
1224 4542 1375 4580 nunc
1412 4525 1814 4595 Neapolitanus
1852 4528 1893 4580 I
1904 4527 1953 4580 V
1986 4529 2041 4582 A
2078 4535 2116 4583 8

600 4619 636 4663 ς
672 4606 837 4660 editio
863 4608 1126 4676 princeps
1163 4607 1305 4661 Iani
1341 4606 1635 4661 Parrhasii
1683 4607 1921 4662 Vicetiae
1956 4626 2006 4662 α.
2046 4613 2192 4663 1509

605 4694 631 4741 1
672 4685 1014 4742 CORNELII
1050 4685 1466 4741 FRONTONIS
1511 4686 1609 4740 DE
1647 4685 1998 4741 NOMINVM
2036 4686 2592 4754 VERBORVMQVE
2631 4688 3025 4744 DIFFEREN·

422 4766 563 4821 TIIS
601 4782 664 4837 ς,
698 4768 817 4822 cine
851 4768 1211 4836 inscriptione
1248 4766 1316 4821 N
1450 4772 1484 4820 4
1521 4768 1794 4823 Praedam
1833 4771 1891 4823 et
1926 4767 2181 4837 rapinam
2220 4784 2254 4827 ς
2290 4768 2559 4823 Praedam
2594 4770 2847 4839 rapinam
2885 4770 2953 4823 N

425 4854 492 4902 12
530 4848 694 4901 sanat
730 4847 910 4902 inlata.
944 4847 1129 4911 Beda,
1168 4847 1332 4901 sanat
1365 4845 1562 4900 insana.
1599 4847 1665 4901 N
1694 4850 1858 4903 sanat
1892 4865 2003 4902 non
2043 4864 2177 4904 sana
2218 4848 2519 4905 Fabricius
2680 4855 2745 4904 15
2786 4849 3024 4905 dicimus

421 4928 585 4982 Beda
732 4934 796 4981 19
834 4929 895 4982 et
921 4927 1111 4996 priore
1146 4927 1259 4982 loco
1296 4944 1396 4983 om.
1435 4928 1502 4982 N
1514 4943 1547 4984 ς
