3613 5528
536 326 663 391 198
1616 321 2079 380 CASSIODORII

536 439 578 475 p.
608 428 714 468 2310
740 428 791 468 P.

536 511 784 573 eandem
835 520 1037 572 tenere
1086 510 1373 590 litteram,
1430 518 1498 569 ut
1543 512 1671 569 vivo
1719 509 1863 582 vixi,
1924 507 2233 569 sciendum
2282 507 2438 588 quod
2486 511 2665 570 etiam
2712 508 2868 569 illam
2919 526 2952 566 v
3000 507 3151 569 litte-

538 636 665 680 ram
722 617 979 679 vocalem
1038 636 1145 697 pro
1202 623 1566 678 consonante
1629 614 1883 677 habeant
1937 618 1999 676 in
2054 617 2368 695 scriptura.
2459 618 2511 676 si
2564 633 2703 676 vero
2763 616 3155 696 praeteritum

540 743 720 805 supra
766 724 989 785 dictum
1046 726 1106 784 in
1168 723 1271 788 bui
1330 732 1431 785 aut
1478 725 1537 784 in
1578 708 1640 784 'si
1683 732 1785 784 aut
1830 724 1892 784 in
1939 724 2032 802 psi
2078 720 2329 802 syllabas
2377 723 2633 804 desinat,
2692 740 2799 803 per
2844 721 2883 782 b
2930 727 3154 783 mutam

542 832 670 891 sine
709 829 888 891 dubio
928 829 1287 913 scribentur,
1317 839 1386 892 ut
1421 829 1677 911 praebeo
1718 830 1984 912 praebui,
2012 829 2188 892 iubeo
2224 832 2391 909 iussi,
2420 830 2616 891 scribo
2647 824 2859 910 scripsi
2895 848 2965 890 ac
3002 828 3154 891 talia.

717 936 908 999 Credo
965 939 1143 1028 etiam
1201 937 1274 999 de
1322 936 1519 998 verbis
1576 938 1726 998 hanc
1773 937 2041 1017 regulam
2086 955 2196 997 nos
2243 935 2477 997 dedisse
2533 936 2963 1017 plenissimam,
3019 952 3155 996 cum
3184 955 3211 997 5

540 1046 827 1124 temporis
874 1045 1067 1104 omnis
1115 1046 1422 1124 praeteriti
1469 1045 1805 1123 imperfecti
1852 1043 2119 1105 ultimam
2166 1042 2471 1124 syllabam,
2532 1042 2688 1104 modi
2736 1041 2962 1104 scilicet
3006 1040 3155 1103 indi·

543 1152 744 1230 cativi,
798 1169 908 1230 per
953 1150 992 1211 b
1041 1160 1296 1232 mutam,
1352 1159 1419 1212 ut
1464 1150 1728 1212 amabam
1776 1149 2107 1226 volvebam,
2153 1159 2215 1211 et
2259 1151 2566 1231 praeteriti
2612 1151 2863 1229 perfecti
2910 1148 3157 1210 eandem

544 1256 808 1318 ultimam
839 1265 900 1318 et
935 1257 1504 1338 plusquamperfecti
1539 1257 1961 1338 paenultimam
1997 1276 2106 1337 per
2136 1276 2169 1316 v
2202 1256 2463 1319 vocalem
2500 1257 2628 1318 loco
2670 1259 2918 1337 positam
2948 1274 3155 1318 conso-

546 1365 768 1444 nantiS,
826 1372 891 1424 ut
936 1366 1120 1424 amavi
1168 1383 1525 1441 amaveram,
1579 1364 1731 1426 volvi
1779 1363 2072 1425 volveram
2131 1357 2349 1447 (futuri
2398 1382 2635 1444 quoque
2683 1364 2949 1426 eiusdem
2995 1366 3163 1425 modi

545 1473 866 1551 terminuS,
923 1453 1252 1550 si⁸primae
1300 1480 1361 1533 et
1407 1471 1702 1533 secundae
1751 1474 2081 1551 tertiaeque
2127 1472 2451 1552 productae
2500 1473 2931 1551 coniugationis
2978 1472 3156 1536 verba
3188 1492 3239 1531 ιο

548 1578 795 1658 fuerint,
832 1596 938 1656 per
975 1577 1014 1637 b
1053 1587 1276 1640 mutam
1312 1577 1639 1660 scribetur,
1675 1590 1744 1640 ut
1781 1596 1912 1638 amo
1951 1578 2185 1659 amabo,
2222 1597 2366 1639 voco
2407 1578 2653 1660 vocabo,
2690 1577 2875 1641 doceo
2914 1578 3160 1660 docebo,

549 1702 761 1745 moneo
818 1684 1098 1766 monebo,
1153 1688 1355 1747 nutrio
1416 1685 1682 1760 nutribo,
1748 1686 1923 1747 audio
1979 1679 2256 1768 audibo),
2322 1695 2384 1747 et
2438 1679 2812 1748 subiunctivi‘
2856 1705 2962 1747 seu
3020 1704 3159 1747 con-

547 1792 797 1852 iunctivi
842 1789 1081 1853 ultimas
1117 1810 1227 1872 per
1265 1812 1297 1852 v
1337 1793 1595 1853 vocalem
1634 1811 1741 1872 pro
1781 1801 2144 1854 consonante
2183 1792 2364 1853 scribi
2401 1792 2621 1854 debere
2660 1791 3159 1872 antiquostradi-

549 1896 708 1960 disse
747 1900 1187 1981 cognoscimuS,
1233 1907 1300 1961 ut
1346 1901 1570 1962 volvam
1608 1898 1904 1960 volverem
1944 1897 2227 1960 volverim
2265 1898 2575 1962 volvissem
2616 1898 2850 1959 volvero
2894 1917 2962 1960 ac
3007 1898 3162 1979 talia,

553 2022 760 2065 eorum
809 2004 1038 2066 scilicet
1091 2004 1437 2087 verborum,
1491 2025 1747 2086 quorum
1802 2007 1991 2087 prima
2048 2022 2299 2086 persona
2347 2013 2448 2066 aut
2493 2026 2526 2065 v
2574 2005 2833 2066 vocalem
2889 2004 3247 2066 habueritis

552 2129 662 2190 pro
711 2120 1074 2173 consonante
1121 2115 1180 2174 in
1231 2114 1431 2175 ultima
1476 2112 1720 2195 syllaba,
1767 2123 1833 2174 ut
1877 2113 2006 2173 levo
2044 2114 2240 2194 privo,
2287 2121 2389 2173 aut
2435 2115 2673 2193 penitus
2711 2111 2915 2173 eadem
2962 2112 3161 2174 littera

515 2205 670 2279 'non
719 2228 1067 2301 apparente,
1121 2219 1330 2282 eodem
1386 2221 1515 2281 loco
1564 2219 1790 2280 scilicet
1850 2219 2173 2299 eademque
2220 2238 2502 2301 persona,
2557 2228 2624 2281 ut
2668 2218 2866 2281 habito
2913 2219 3165 2280 hiberno

553 2342 683 2385 amo
731 2324 916 2385 doceo
963 2344 1052 2409 ac·
1079 2326 1229 2388 talia.
1306 2345 1440 2388 nam
1479 2344 1628 2405 quae
1676 2324 1979 2390 habebunt
2023 2324 2060 2384 b
2102 2334 2323 2388 mutam
2361 2328 2420 2388 in
2460 2328 2647 2407 prima
2696 2344 2947 2406 persona
2995 2344 3163 2405 prac-

699 2504 724 2551 1
759 2496 1158 2566 sciendumque
1188 2498 1358 2553 etiam
1386 2499 1544 2554 illam
1563 2498 1619 2551 B
1648 2497 1936 2552 sciendum
1957 2497 2106 2566 quod
2135 2497 2293 2552 illam
2313 2498 2367 2551 A
2396 2497 2793 2568 sciendumque
2823 2501 2909 2553 est
2936 2497 3092 2552 illam
3125 2496 3174 2552 0

627 2585 659 2631 2
689 2575 884 2631 haberi
909 2576 965 2629 B
1075 2583 1107 2631 6
1133 2576 1450 2647 imperfecti
1479 2609 1545 2619 —
1577 2584 1608 2633 7
1638 2576 1926 2647 praeteriti
1953 2593 2055 2632 mn.
2075 2577 2191 2633 AG
2295 2584 2325 2634 7
2354 2578 2675 2651 volvebam]
2704 2578 2965 2634 uolebam
2995 2576 3095 2636 ςΒ

559 2665 589 2711 9
629 2655 877 2710 eiusdem
911 2654 1183 2710 terminus
1221 2658 1319 2716 ςΒ
1358 2658 1605 2713 eiusdem
1642 2657 1910 2713 terminos
1949 2656 2066 2711 AO
2207 2663 2269 2710 11
2319 2675 2419 2727 per
2454 2658 2492 2712 b
2539 2659 2754 2712 mutam
2803 2655 3077 2713 scribetur
3112 2658 3169 2712 B

556 2752 655 2807 per
689 2735 727 2789 b
766 2737 981 2791 mutam
1018 2737 1328 2794 scribentur
1363 2738 1459 2797 ςΑ
1497 2754 1597 2811 per
1632 2736 1669 2792 b
1706 2739 1922 2792 mutam
1958 2736 2131 2793 uerba.
2168 2737 2481 2793 scribentur
2519 2737 2567 2793 G
2690 2743 2758 2792 14
2793 2737 3019 2795 volvam
3047 2739 3167 2794 vol-

555 2816 768 2887 verem]
808 2815 1068 2871 uolebam
1105 2818 1395 2873 nolueram
1431 2833 1465 2876 ς
1475 2814 1529 2871 Β
1566 2817 1767 2872 nolebo
1804 2818 2093 2874 nolueram
2129 2820 2247 2873 AC
2384 2816 2707 2888 volvissem]
2746 2817 2992 2872 uoluisse
3028 2818 3084 2871 B

561 2905 627 2952 16
665 2900 732 2953 ut
766 2897 896 2952 leno
922 2897 1083 2967 prino
1111 2900 1211 2953 aut
1244 2898 1467 2969 penitus
1495 2898 1692 2953 eadem
1726 2899 1923 2954 littera
1959 2898 2066 2957 513
2103 2902 2168 2955 ut
2201 2898 2361 2969 prino
2390 2915 2463 2952 an
2491 2896 2716 2967 penitus
2745 2898 2978 2952 eandem
3015 2897 3168 2953 litte-

556 2994 677 3033 ram
714 2977 770 3032 A
806 2975 983 3049 prino,
1021 2995 1070 3032 a..
1109 2978 1334 3049 penitus
1372 2979 1604 3034 eandem
1641 2978 1892 3035 litteram
1932 2978 1980 3033 Ο
2121 2985 2183 3033 17
2224 2978 2421 3035 eodem
2458 2976 2675 3033 scilicet
2709 2978 2833 3033 loco
2868 2976 2987 3033 AG

1321 3255 1378 3265 --
1462 3227 1826 3282 MARTYRH
1863 3227 1959 3281 DE
1999 3227 2043 3281 Β
2082 3227 2177 3281 ΕΤ
2216 3226 2266 3281 v
2323 3208 2328 3214 ’

740 3392 931 3454 Credo
979 3395 1157 3455 etiam
1203 3394 1276 3454 de
1324 3394 1519 3455 verbis
1565 3394 1716 3456 hanc
1762 3394 2030 3476 regulam
2077 3394 2311 3456 dedisse
2357 3396 2788 3476 plenissimam,
2839 3413 2975 3456 cum
3025 3403 3170 3456 tem-

560 3502 724 3582 poris
770 3502 964 3561 omnis
1009 3502 1314 3579 praeteriti
1362 3503 1696 3582 imperfecti
1756 3503 2020 3572 ultimam
2069 3502 2348 3583 syllabam
2393 3503 2555 3564 modi
2600 3502 2827 3563 scilicet
2872 3502 3169 3563 indicativi

561 3624 670 3687 per
718 3606 754 3666 b
800 3616 1024 3668 mutam
1075 3606 1339 3687 [scribi],
1387 3615 1454 3667 ut
1500 3608 1763 3670 amabam
1803 3608 2131 3691 volvebam,
2178 3616 2239 3669 et
2282 3611 2588 3689 praeteriti
2635 3610 2883 3688 perfecti
2924 3610 3170 3670 eandem

564 3713 827 3775 ultimam
859 3722 919 3774 et
954 3712 1520 3794 plusquamperfecti
1557 3715 1979 3795 paenultimam
2015 3735 2125 3796 per
2154 3735 2187 3775 v
2216 3716 2476 3777 vocalem
2513 3717 2643 3777 loco
2682 3719 2933 3797 positam
2963 3735 3171 3781 conso-

563 3822 786 3900 nantiS,
842 3829 908 3883 ut
953 3823 1136 3881 amavi
1184 3839 1540 3903 amaveram,
1595 3821 1744 3883 volvi
1792 3821 2113 3903 volveram,
2169 3822 2352 3882 futuri
2417 3841 2655 3903 quoque
2703 3822 2967 3885 eiusdem
3014 3823 3173 3884 modi
3201 3838 3228 3878 a

564 3928 913 4009 terminum,
959 3929 1010 3988 si
1047 3929 1108 3988 in
1150 3927 1223 3988 bo
1263 3927 1518 4009 desinat,
1556 3947 1662 4006 per
1700 3928 1738 3988 b
1776 3936 2029 4007 mutam,
2077 3935 2143 3988 ut
2180 3927 2386 3988 amabo
2426 3928 2679 4011 docebo,
2717 3938 2778 3993 et
2814 3929 3175 3991 subiunctivi

564 4054 670 4096 seu
719 4035 1080 4096 coniunctivi
1127 4034 1365 4096 ultimas
1411 4042 1472 4095 et
1515 4033 1908 4113 paenultimas
1953 4042 2133 4114 per'v
2171 4035 2431 4095 vocalem
2476 4052 2588 4115 pro
2626 4045 2987 4098 consonante
3026 4037 3174 4096 anti·

564 4161 716 4222 quos
762 4142 944 4203 scribi
995 4141 1305 4203 tradidisse
1345 4144 1757 4221 cognoscimus
1768 4190 1785 4224 ,
1834 4149 1901 4203 ut
1947 4141 2169 4202 volvam
2209 4141 2503 4204 volverem
2542 4142 2823 4205 volverim
2862 4143 3175 4203 volvissem

565 4249 801 4310 volvero
856 4267 924 4310 ac
979 4248 1141 4330 talia,
1197 4267 1406 4310 eorum
1451 4247 1679 4309 scilicet
1734 4248 2082 4329 verborum,
2137 4266 2392 4327 quorum
2446 4251 2635 4328 prima
2694 4267 2949 4330 persona
2995 4257 3098 4310 aut
3142 4268 3176 4305 v

568 4356 828 4418 vocalem
894 4356 1168 4417 habuerit
1230 4374 1339 4436 pro
1397 4364 1759 4421 consonante
1817 4358 1877 4415 in
1935 4355 2138 4416 ultima
2195 4354 2438 4436 syllaba,
2506 4365 2571 4417 ut
2624 4355 2753 4417 levo
2816 4358 3013 4438 privo,
3076 4365 3262 4418 aut1⁰

566 4467 806 4545 penitus
863 4462 1068 4524 eadem
1126 4463 1320 4524 littera
1375 4465 1436 4524 in
1493 4463 1700 4525 eodem
1757 4463 1887 4524 loco
1944 4463 2211 4525 eiusdem
2259 4482 2377 4527 non
2435 4463 2697 4543 fulgente
2746 4481 3064 4543 personae,
3110 4471 3179 4524 ut

712 4642 744 4690 2
772 4635 1089 4706 imperfecti
1116 4651 1216 4691 om.
1239 4635 1318 4704 N,
1347 4636 1472 4691 add.
1504 4634 1561 4690 P
1660 4642 1692 4688 3
1722 4633 1889 4689 scribi
1917 4651 2017 4690 om.
2051 4635 2108 4688 P
2213 4642 2244 4689 6
2274 4634 2629 4690 terminantis
2657 4635 2716 4691 in
2745 4635 2817 4691 bo
2845 4634 3104 4691 desinant
3130 4635 3188 4690 P

642 4715 879 4787 docebo]
910 4715 1056 4770 dabo
1094 4716 1152 4770 P
1253 4722 1285 4770 9
1325 4732 1559 4786 quorum
1588 4713 1770 4784 prima
1799 4714 1855 4768 P
1883 4732 1994 4784 quo
2023 4733 2090 4770 ex
2116 4715 2301 4786 prima.
2335 4715 2403 4769 N
2501 4722 2568 4770 10
2607 4717 2707 4770 aut
2733 4715 2955 4785 penitus
2983 4714 3179 4769 eadem

571 4793 763 4850 littera
796 4794 856 4849 in
893 4794 1128 4851 eundem
1166 4796 1352 4851 locum
1391 4795 1446 4849 P
1475 4811 1549 4849 an
1584 4794 1808 4864 penitus
1846 4795 2081 4850 eandem
2116 4794 2367 4880 litteram
2404 4794 2462 4849 in
2501 4795 2738 4850 eundem
2776 4794 2963 4850 locum
2997 4792 3065 4847 N
