3613 5528
1270 435 1623 492 ADDENDA
1661 437 1754 492 ET
1794 435 2265 495 CORRIGENDA
2938 442 3068 507 669

609 614 769 698 phia,
805 613 875 669 de
912 614 1092 681 urbis,
1130 615 1233 670 etc.
1308 613 1549 685 Pisauri,
1592 621 1724 671 1611
1763 616 1825 671 in
1862 617 1947 673 4⁰.
2024 617 2276 674 Acceditz
2328 619 2497 674 Plinii
2533 619 2787 688 secundi,
2825 620 2896 677 de
2933 620 3068 677 viris

608 684 948 755 illustribus,
986 702 1114 740 cum
1150 687 1349 742 tabula
1381 704 1506 744 nov.
1544 688 1860 757 impressus.
1919 689 1973 743 S.
2010 689 2048 743 l.
2087 709 2139 744 n.
2178 690 2250 760 d.,
2286 690 2346 746 in
2373 691 2483 746 4⁰?
2540 691 2720 761 ipsam
2748 691 3069 762 editionem,

610 756 766 812 cuius
800 756 1005 813 notitia
1041 762 1189 827 tum,
1238 775 1366 813 cum
1409 775 1560 814 nova
1603 759 1775 814 editio
1821 759 1974 831 typis
2019 761 2299 831 exscripta
2344 765 2490 828 erat,
2544 764 2615 817 ad
2661 780 2751 817 me
2796 764 3068 834 pervenit,

608 845 721 884 non
759 828 892 883 vidi.
951 830 1058 883 bac
1092 830 1177 884 uti
1215 831 1438 899 poterat
1472 830 1686 885 Pierius
1724 831 2080 901 Valerianus,
2120 834 2215 904 qui
2251 834 2310 888 in
2347 832 2813 904 castigationibus
2847 835 2909 891 in
2944 834 3067 890 Vir-

608 899 809 971 gilium
847 917 897 955 a.
941 906 1072 955 1521
1113 900 1356 971 primum
1394 902 1559 956 editis
1596 918 1763 971 saepe
1801 903 2052 958 Terentii
2090 904 2286 959 Scauri
2322 904 2661 960 mentionem
2704 906 2852 961 fecit.

466 991 519 1044 p.
554 979 637 1040 16,
666 978 699 1027 3
735 972 865 1044 usu]
912 989 1020 1027 vau
1068 973 1132 1027 in
1171 973 1426 1030 Putschii
1460 974 1694 1028 editione
1729 976 2105 1045 corrigendum
2143 977 2501 1032 adnotaverat
2535 977 2889 1034 Niebuhrius.
2963 995 3070 1049 quo

607 1049 816 1114 recepto
851 1045 981 1099 haec
1006 1047 1271 1099 sententia
1300 1046 1472 1100 tribui
1498 1047 1705 1115 poterit
1729 1047 2111 1115 memmasce,
2148 1049 2294 1102 unde
2331 1050 2391 1104 et
2418 1047 2618 1104 Graeci
2653 1065 2859 1120 eoppa,
2898 1065 3066 1119 qnam

605 1133 710 1186 pro
747 1116 854 1170 hac
889 1117 1199 1186 ponebant,
1238 1116 1569 1185 omiserunt,
1614 1121 1913 1186 postquam
1958 1134 2069 1173 vau
2105 1136 2353 1190 quoque,
2400 1120 2664 1190 quoniam
2700 1120 2910 1177 auxilio
2949 1121 3068 1177 eius

611 1186 830 1243 litterae
866 1186 1182 1257 indigebat,
1220 1204 1624 1257 supervacuum
1661 1187 1839 1243 visum
1878 1191 1979 1244 est.
2227 1197 2234 1203 '

464 1278 521 1384 ξ
549 1266 637 1330 27,
651 1264 746 1384 ι16Ζ
771 1258 1097 1386 ιιῃῂιηέιιπῃιες]1
1109 1263 1425 1386 lultcumque
1462 1259 1804 1315 Niebuhrius

464 1350 482 1385 1
526 1373 539 1387 .
577 1348 648 1387 no
677 1373 688 1386 .
749 1374 761 1387 .
980 1348 1040 1385 ro

464 1422 517 1474 p.
550 1409 637 1470 28,
667 1408 699 1456 9
738 1419 908 1472 quom
936 1348 1227 1470 ¹iecissem,
1263 1402 1415 1471 quod
1448 1401 1654 1457 falsum
1692 1404 1802 1470 est,
1840 1404 2104 1474 quoniam
2142 1405 2480 1460 Niebuhrius

466 1492 520 1544 p.
551 1480 638 1541 33,
669 1479 736 1528 13
774 1491 941 1544 quam
978 1490 1079 1544 per
1116 1490 1174 1527 se
1210 1473 1421 1544 poterit
1454 1474 1796 1530 Niebuhr-ius

468 1565 519 1617 p.
550 1552 619 1601 40
657 1545 731 1600 ad
765 1546 1013 1600 veterem
1052 1545 1301 1600 codicem
1337 1545 1488 1600 Velii
1526 1546 1639 1600 Lon
1687 1546 1698 1557 '
1737 1546 2018 1616 pertinere
2057 1546 2316 1602 videntur
2351 1564 2497 1617 quae
2534 1565 2604 1604 ex
2638 1548 2904 1604 chronico
2930 1548 3068 1604 Cen·

608 1616 814 1671 tulensi
848 1617 1031 1672 relata
1066 1619 1198 1671 sunt
1232 1633 1464 1686 gramm.
1502 1617 1601 1671 lat.
1701 1635 1754 1687 p.
1796 1617 1978 1673 XXIII
2014 1622 2158 1688 not.,
2208 1618 2306 1675 ubi
2351 1619 2498 1675 inter
2533 1620 2706 1675 libros
2741 1622 3068 1691 grammati-

609 1705 800 1744 corum
838 1704 886 1742 a.
918 1693 1018 1742 831
1058 1688 1116 1743 in
1155 1688 1478 1744 Centulensi
1513 1691 1854 1744 monasterio
1889 1689 2147 1747 inventos
2183 1690 2544 1747 nominantur
2579 1691 2753 1747 Verus
2780 1691 3071 1766 Lonqimos

612 1760 925 1826 Taduivus,
967 1760 1022 1817 h.
1062 1776 1108 1814 e.
1161 1759 1346 1815 Velius
1381 1760 1635 1830 Lonyus,
1677 1760 1968 1816 Tatuinus.

463 1850 517 1902 p.
549 1837 670 1900 120,
703 1837 768 1887 16
805 1832 1036 1886 damnas
1073 1834 1193 1886 esto
1232 1832 1483 1903 legatum
1519 1832 1910 1888 Lachmannus
1945 1835 2009 1887 in
2044 1834 2261 1889 Lucret.
2311 1834 2405 1888 VI
2435 1840 2561 1891 815.

463 1920 517 1973 p.
553 1911 671 1972 164,
699 1910 734 1958 4
772 1902 1130 1972 sequentibus
1165 1903 1187 1957 i
1224 1905 1283 1958 et
1317 1922 1380 1973 n,
1436 1920 1562 1957 cum
1607 1919 1708 1973 pro
1766 1904 2201 1961 consonantibus
2251 1908 2407 1974 sunt,
2459 1923 2767 1977 numquam
2820 1907 3070 1964 litteram

605 1974 792 2045 perdit
827 1977 930 2030 aut
962 1977 1171 2045 mutat,
1207 1978 1272 2030 ut
1308 1974 1633 2044 providens,
1670 1976 1770 2029 aut
1804 1977 2042 2031 assumit
2068 1979 2167 2032 aut
2202 1977 2525 2047 corripitur,
2563 1981 2628 2033 ut
2662 1977 2946 2049 proiectus
2981 1980 3070 2035 de-

608 2047 786 2114 fendit
823 2046 1150 2101 Schmitzius
1182 2047 1358 2102 Beitr.
1397 2062 1442 2100 z.
1482 2047 1577 2101 lat.
1608 2045 1844 2115 Sprach·
1880 2064 1934 2102 u.
1974 2049 2464 2105 Litteraturkunde
2491 2067 2554 2120 p.
2582 2055 2691 2106 175
2710 2066 2819 2121 sqq.
2858 2052 3072 2107 collatis

607 2119 874 2187 excerptis
911 2119 1107 2172 Albini
1142 2120 1207 2173 de
1241 2119 1474 2186 orthem.
1506 2134 1567 2185 p.
1607 2122 1735 2184 307,
1761 2123 1798 2174 9
1826 2134 1934 2189 sqq.

466 2207 518 2259 p.
549 2195 672 2258 449,
703 2196 770 2245 18
808 2191 842 2245 1.
883 2188 994 2244 Cic.
1032 2188 1239 2259 Philip.
1276 2189 1324 2242 V
1369 2194 1453 2257 11,
1486 2193 1570 2244 28.

462 2278 517 2330 p.
547 2266 669 2331 462,
702 2267 767 2315 14
806 2262 839 2316 1.
877 2260 937 2316 in
974 2260 1129 2315 Verr.
1168 2261 1219 2315 11
1257 2266 1341 2330 se,
1380 2266 1463 2316 ss.

1528 2409 2005 2418 —-—-——-————

464 2588 995 2662 LECTIONES
1052 2588 1411 2663 CODICIS
1466 2589 2132 2663 NEAPOLITANI
2186 2589 2288 2663 IV
2342 2591 2409 2664 A
2455 2594 2538 2665 11
2595 2593 2705 2665 IN
2758 2592 3070 2667 LIBRIS

529 2713 839 2788 CAESII
893 2713 1160 2788 BASSI
1215 2714 1340 2787 ET
1395 2714 1696 2789 ATILII
1748 2714 2484 2790 FORTVNATIANI
2538 2717 2665 2791 ΕΤ
2719 2717 3007 2793 FRAG-

1153 2839 1517 2913 MENTIS
1571 2839 1777 2912 VOL.
1829 2840 1925 2913 VI
1972 2841 2377 2915 255—312.

605 3084 670 3138 In
707 3082 891 3167 Caesii
933 3064 1094 3139 Bassi
1139 3087 1198 3140 et
1233 3083 1393 3139 Atilii
1437 3082 1830 3140 Fortunatiani
1873 3083 2032 3139 libris
2077 3082 2260 3167 iisque
2307 3101 2450 3155 quae
2501 3103 2628 3169 curn
2673 3085 2759 3142 his
2804 3085 2866 3142 in
2910 3085 3072 3143 libris

466 3172 636 3239 manu
674 3156 897 3280 scriptis
933 3158 1230 3212 coniuncta
1266 3158 1397 3239 sunt
1434 3157 1713 3239 Gustavus
1748 3156 2012 3238 Iuergens
2058 3156 2307 3240 codlce‘m
2337 3157 2628 3239 ‘Parrhasu
2664 3175 2811 3215 nunc
2827 3242 2828 3245 Ἴ
2847 3157 3069 3242 Neapo-

461 3229 701 3282 litanum
737 3228 760 3282 1
852 3229 902 3282 A
942 3232 1005 3282 11
1048 3244 1170 3283 cum
1209 3228 1363 3283 edito
1400 3227 1707 3298 exemplari
1742 3227 1986 3283 contulit
2020 3230 2080 3282 et
2125 3227 2459 3283 lectionibus
2497 3246 2638 3299 quas
2676 3246 2744 3284 ex
2781 3230 3070 3285 Vaticanis

463 3298 750 3355 codicibus
785 3298 1190 3369 adscripseram
1228 3298 1531 3370 diligenter
1567 3316 1691 3353 cum
1729 3298 1832 3354 illo
1870 3298 2206 3368 comparatis
2233 3298 2536 3355 Vaticanos
2573 3299 2791 3356 codices
2830 3319 2895 3356 ex
2925 3300 3067 3356 Nea-
3161 3354 3176 3371 ‚-

461 3371 719 3441 politano
755 3370 1064 3441 descriptos
1100 3387 1222 3425 esse
1260 3370 1425 3425 certis
1471 3370 1817 3443 argumentis
1865 3370 2268 3439 comprobavit.
2344 3389 2515 3440 quare
2552 3388 2678 3427 cum
2717 3373 2898 3428 omnis
2936 3372 3065 3428 scri-

498 3446 660 3498 turae
706 3442 1012 3498 auctoritas
1058 3444 1123 3497 ut
1166 3441 1226 3496 in
1264 3441 1410 3497 Velii
1447 3442 1628 3512 Longi
1663 3447 1723 3497 et
1757 3440 2020 3496 Arusiani
2060 3441 2248 3497 Messii
2293 3441 2450 3497 libris
2494 3443 2579 3499 ita
2623 3442 2684 3498 in
2731 3444 2821 3499 his
2869 3461 2905 3499 a
2949 3445 3070 3500 solo

516 3514 836 3585 eapolitano
872 3513 1065 3569 codice
1101 3512 1346 3583 petenda
1381 3512 1479 3581 sit,
1529 3512 1810 3583 integram
1847 3513 2156 3583 scripturae
2202 3513 2661 3597 discrepantiam,
2710 3532 2879 3585 quam
2916 3516 3067 3570 Iuer-

461 3586 685 3655 gensius
718 3585 1030 3641 liberaliter
1065 3602 1283 3641 mecum
1320 3584 1844 3652 communicaverat,
1884 3584 1990 3639 hoc
2025 3583 2149 3640 loco
2187 3585 2428 3640 exhibui.
2494 3586 2562 3641 de
2602 3586 2880 3658 scriptura
2916 3587 3066 3642 codi-

462 3656 541 3711 cis
579 3656 717 3712 haec
753 3657 1050 3713 adnotavit
1083 3655 1460 3728 Iuergensius,
1510 3656 1662 3711 ‘inde
1701 3674 1737 3711 a
1772 3674 1826 3727 p.
1867 3661 1988 3719 275,
2020 3662 2084 3710 11
2125 3673 2217 3712 ars
2250 3658 2613 3725 mammatica
2647 3657 2850 3729 incipit
2884 3658 3067 3714 altera

464 3745 683 3797 manus,
722 3746 865 3799 quae
902 3729 1118 3784 obtinet
1143 3745 1319 3799 usque
1347 3728 1421 3783 ad
1448 3746 1502 3798 p.
1533 3733 1655 3796 283,
1674 3734 1710 3782 4
1736 3745 1876 3798 quae
1903 3745 1938 3781 α
1967 3727 2208 3783 Graecis.
2264 3728 2465 3784 deinde
2494 3727 2771 3800 excipitur
2797 3746 2833 3785 a
2858 3729 3063 3800 priore,

464 3815 607 3869 quae
659 3799 884 3869 scripsit
930 3818 1102 3871 usque
1153 3800 1226 3854 ad
1269 3819 1324 3871 p.
1364 3806 1484 3867 309,
1521 3806 1581 3855 12
1630 3800 1889 3854 turbines.
1964 3798 2182 3869 reliqua
2235 3800 2479 3855 secunda
2528 3818 2725 3856 manus
2771 3800 2845 3855 ad
2899 3800 3066 3856 finem

462 3869 738 3940 perduxit.
813 3871 1047 3940 scriptus
1102 3889 1234 3927 vero
1291 3874 1377 3926 est
1435 3871 1583 3926 liber
1636 3869 2050 3927 accuratissime
2113 3886 2296 3941 neque
2359 3875 2658 3928 occurrunt
2719 3874 3067 3929 correcturae

464 3940 710 4011 exceptis
756 3941 1108 4011 paucissimis
1151 3941 1332 4012 iisque
1378 3944 1450 3999 ab
1495 3942 1618 4013 ipso
1664 3941 1893 3997 librario
1939 3941 2118 3997 factis.
2201 3941 2263 3997 in
2307 3959 2376 3996 ea
2424 3943 2543 3997 sola
2589 3944 2748 4014 parte
2793 3960 2939 4012 quae
2984 3946 3071 4000 est

462 4030 517 4094 p.
549 4017 669 4082 283,
690 4019 936 4081 4—304,
959 4020 1020 4067 11
1062 4013 1323 4083 leguntur
1357 4013 1416 4069 in
1454 4013 1706 4084 margine
1744 4017 1802 4068 et
1838 4012 1897 4067 in
1934 4014 2197 4068 contextu
2227 4013 2438 4069 multae
2465 4018 2816 4071 correcturae
2855 4031 3068 4085 eaeque

460 4086 706 4141 insertae
743 4086 801 4139 et
836 4084 1091 4139 adiectae
1128 4102 1164 4139 a
1200 4102 1366 4140 manu
1404 4085 1624 4141 diversa
1661 4084 1749 4140 ab‘
1770 4083 1841 4139 iis
1878 4101 2023 4155 quae
2072 4084 2320 4140 codicem
2368 4089 2762 4153 exaraverunt,
2811 4087 3067 4155 quamvis

462 4173 574 4210 non
609 4155 790 4210 multo
824 4155 1100 4211 recentior
1135 4155 1391 4212 videatur
1418 4157 1577 4213 esse.’
1638 4160 1760 4213 erat
1786 4158 1977 4212 autem
2006 4155 2179 4212 codex
2218 4156 2276 4211 in
2311 4157 2420 4211 hac
2455 4159 2616 4225 parte
2654 4156 2834 4215 multo
2873 4158 3062 4230 negle-

462 4226 684 4298 gentius
728 4244 897 4297 quam
942 4227 1001 4285 in
1047 4226 1303 4297 reliquis,
1357 4230 1423 4283 ut
1466 4227 1713 4299 videtur,
1760 4226 2000 4301 scriptus
2046 4243 2282 4297 eamque
2328 4228 2741 4300 neglegentiam
2788 4233 3068 4286 corrector

460 4298 553 4353 vel
609 4316 674 4353 ex
726 4298 851 4369 ipso
906 4296 1168 4355 Bobiensi
1221 4301 1525 4371 archetypo
1577 4300 1670 4354 vel
1723 4316 1791 4355 ex
1847 4298 2075 4354 meliore
2130 4298 2457 4371 apographo
2514 4299 2767 4357 correxit.
2843 4318 2912 4356 ex
2959 4301 3068 4357 hoc

460 4368 636 4495 igigur
690 4370 906 4496 codice,
962 4374 1265 4498 antssquam
1316 4372 1706 4498 corrigxeritur,
1762 4366 2572 4497 prAincepsheditxisotiParrhasgi
2593 4372 2777 4497 dfscta
2814 4374 2944 4498 test3
2999 4389 3069 4500 οξ

461 4458 1787 4586 &05330205235213323{ammam
1813 4485 1888 4569 00’
1925 4458 2185 4596 ῗᾶροῗζ,
2216 4459 2331 4596 {93
2335 4459 2554 4597 3321.
2583 4461 2905 4587 000333'13
2927 4461 3066 4572 affe„

459 4585 754 4656 penderet,
793 4588 1050 4641 accurate
1086 4586 1354 4652 indicavi3
1394 4586 1663 4642 leviorem
1691 4588 1881 4641 tamen
1910 4584 2189 4640 scnbend1
2217 4586 2668 4655 discrepantiam,
2706 4587 2772 4640 ut
2798 4603 2825 4641 e
2851 4604 2954 4656 pro
2984 4605 3066 4655 ae,

459 4658 497 4711 h
542 4656 808 4712 omissum
853 4656 912 4713 in
956 4657 1165 4712 talibus
1210 4663 1473 4714 exameter
1509 4656 1950 4728 endecasyllabus
1998 4654 2327 4726 plerumque
2378 4656 2660 4727 praeterii.
2736 4659 3066 4715 correctoris

459 4744 688 4783 manum
725 4744 760 4783 a
792 4727 1022 4784 librario
1058 4729 1143 4784 ita
1177 4729 1430 4798 distinxi,
1478 4732 1542 4783 ut
1576 4728 1647 4783 iis
1682 4743 1826 4797 quae
1865 4725 2162 4782 correctori
2197 4727 2471 4785 debentur
2508 4727 2782 4784 minorem
2819 4728 3064 4786 litteram

460 4817 526 4867 π,
562 4799 777 4871 primae
814 4800 1122 4872 scripturae
1157 4801 1429 4857 maiorem
1465 4800 1715 4857 litteram
1751 4798 1820 4853 N
1847 4796 2236 4855 adscriberem.
