3613 5528
556 1840 624 1911 Q.
664 1840 930 1903 Terentii
970 1840 1176 1902 Scauri
1223 1840 1295 1901 de
1343 1840 1762 1921 orthographia
1811 1841 1929 1902 duo
1980 1848 2308 1921 supersunt
2351 1837 2492 1902 libri
2538 1858 2714 1901 manu
2763 1840 2989 1921 scripti,

346 1950 475 2026 'qui
527 1948 767 2027 quidem
814 1950 1008 2009 omnia
1054 1967 1204 2027 quae
1252 1948 1364 2009 hoc
1411 1951 1648 2009 nomine
1694 1951 1978 2029 inscripta
2026 1950 2303 2010 seruntur
2348 1951 2681 2027 continent,
2728 1945 2988 2006 Bernen-

370 2056 454 2115 sis
506 2050 638 2115 330
685 2062 746 2116 et
788 2055 1092 2117 Palatinus
1142 2052 1330 2116 1741.

554 2160 991 2223 Bernensem
1049 2163 1315 2225 codicem
1372 2164 1600 2225 decimo
1649 2163 1913 2243 saeculo,
1966 2171 2035 2224 ut
2079 2163 2222 2224 mihi
2269 2166 2462 2224 visum
2508 2169 2626 2244 est,
2682 2161 2990 2240 scriptum,

369 2270 475 2347 qui
525 2267 666 2329 olim
711 2268 1019 2349 Bongarsii
1066 2270 1204 2351 fuit,
1265 2278 1540 2332 accurate
1588 2271 1905 2352 descripsit
1949 2269 2253 2331 Usenerus
2299 2288 2448 2331 mus,
2495 2268 2681 2329 Rhen.
2728 2286 2781 2328 v,
2826 2264 2987 2325 xxn

369 2368 452 2456 (a.
510 2370 712 2459 1867)
769 2396 824 2457 p.
870 2373 1029 2458 416,
1090 2375 1330 2439 bre-vius
1384 2377 1664 2458 Hagenus
1721 2378 1888 2440 catal.
1937 2378 2065 2438 cod.
2112 2376 2396 2438 Beruens.
2444 2396 2499 2456 p.
2549 2370 2699 2437 330.
2757 2376 2817 2434 in
2874 2373 2988 2433 hoc

369 2481 588 2543 Scauri
634 2482 783 2544 liber
828 2483 1045 2564 legitur
1093 2485 1129 2545 Γ.
1178 2483 1528 2568 39-43*,
1577 2490 1792 2564 incipit
1851 2489 2006 2548 liber
2061 2485 2328 2547 Terentii
2372 2484 2605 2545 Scauri
2662 2483 2738 2543 de
2783 2483 2987 2542 ortho-

362 2592 642 2666 ,qrapkia
687 2592 1017 2652 Scribendi
1059 2624 1143 2635 —
1185 2596 1547 2667 percenseri
1582 2600 1843 2669 poterat.

555 2696 751 2758 Codex
806 2697 1180 2759 Palatinus
1240 2698 1588 2759 chartaceus
1651 2702 1860 2780 quinto
1921 2700 2150 2760 decimo
2212 2697 2448 2758 saeculo
2510 2698 2771 2776 scriptus
2831 2697 2990 2757 inter

368 2814 655 2885 excerpta
693 2814 961 2868 veterum
1000 2798 1359 2887 scriptorum
1400 2816 1460 2869 et
1496 2811 1688 2869 varios
1737 2811 2194 2870 commentarios
2241 2807 2470 2867 recenti
2516 2811 2706 2865 aetate
2752 2821 2988 2883 compo·

371 2916 524 2973 sitos
572 2913 730 2972 hunc
770 2913 980 2975 Scauri
1030 2913 1248 2974 librum
1294 2934 1409 2975 una
1459 2934 1595 2976 cum
1643 2915 1967 2995 appendice
2017 2915 2090 2975 de
2137 2915 2508 2975 ordinatione
2555 2913 2813 2992 partium
2860 2928 2985 2970 ora-

367 3022 556 3080 tionis
598 3023 865 3081 continet
901 3022 939 3081 s.
970 3016 1383 3103 245—249*‚
1433 3026 1648 3099 inc-ipit
1690 3025 1846 3082 liber
1892 3023 2196 3083 Ter-rentii
2230 3024 2462 3082 Scauri
2505 3023 2581 3080 de
2626 3021 2990 3093 ortoqrauia

369 3121 563 3210 (corr.
593 3123 1063 3212 orthoqraphia)
1103 3131 1433 3190 Scribendi
1471 3163 1547 3172 —
1581 3133 1934 3207 percensire·
1961 3137 2220 3206 poterat.
2253 3130 2396 3202 finit
2440 3130 2650 3200 Quinti
2690 3125 2996 3186 Terrentii

369 3236 609 3295 Scauri
643 3239 716 3296 de
753 3240 1172 3313 orthoqrauia.
1224 3237 1233 3314 Ι
1292 3237 1641 3297 Terrentius
1677 3255 1941 3297 scaurus
1981 3240 2057 3297 de
2103 3238 2491 3296 ordinatione
2527 3237 2804 3310 partium
2850 3251 2989 3292 ora-

367 3345 555 3402 tionis
603 3337 612 3424 Ι
668 3345 739 3404 In
778 3350 1064 3404 conteaetu
1111 3346 1405 3404 historiae
1455 3377 1531 3386 —
1583 3361 1785 3404 omnes
1822 3351 2038 3420 partes
2084 3346 2380 3404 orationis
2427 3333 2900 3421 examinabit.*)

553 3448 973 3530 Fragmentum
1010 3450 1146 3512 libri
1185 3458 1350 3512 sexto
1391 3450 1640 3532 decimo,
1679 3462 1745 3511 ut
1782 3450 2035 3533 videtur,
2082 3450 2317 3512 saeculo
2359 3452 2648 3529 scriptum
2688 3451 2746 3508 in
2786 3446 2989 3508 codice

370 3553 654 3616 Vaticano
703 3553 871 3618 1491
924 3556 1260 3640 chartaceo,
1309 3561 1479 3620 cuius
1526 3557 1783 3618 indicem
1831 3557 2072 3619 exhibui
2128 3575 2372 3637 gramm.
2418 3556 2515 3617 lat.
2563 3575 2614 3616 v.
2653 3555 2701 3614 V
2746 3575 2801 3636 p.
2841 3551 2990 3636 526,

370 3661 650 3723 relictum
690 3672 798 3745 est,
856 3652 921 3737 Q'.
959 3664 1226 3726 Terentii
1253 3667 1484 3726 Scauri
1526 3667 1603 3725 de
1638 3667 2084 3743 orthoqraphia
2114 3669 2200 3726 ad
2233 3665 2521 3726 Theseum
2549 3663 2880 3723 Scribendi
2909 3692 2990 3703 ——

370 3776 441 3828 ut
486 3773 705 3844 squilla
752 3791 945 3848 neque
982 3791 1142 3850 prae
1189 3765 1275 3855 (p.
1324 3765 1548 3875 2254).
1596 3771 1826 3851 reliqua
1872 3775 1934 3834 in
1981 3774 2096 3833 fine
2145 3772 2367 3834 codicis
2411 3772 2740 3852 perierunt.

553 3994 608 4062 ¹¹⁵)
662 3995 744 4050 De
789 3997 1020 4066 reliquis
1067 3996 1274 4052 codicis
1320 3997 1576 4067 partibus
1615 3996 1915 4067 'comperta
1962 3998 2137 4054 habui
2179 3997 2320 4052 haec
2370 3994 2581 4066 partim
2635 4012 2669 4051 a
2713 4013 2803 4050 me
2856 3993 2994 4049 olim

372 4075 601 4143 notata,
649 4078 856 4145 partim
907 4094 943 4132 a.
988 4077 1286 4146 Stendero,
1337 4077 1435 4145 qui
1486 4077 1738 4133 codicem
1783 4078 1846 4133 in
1890 4095 2076 4133 meum
2122 4096 2286 4133 usum
2332 4077 2671 4146 contulerat,
2727 4075 2992 4130 indicata.

372 4155 508 4207 ante
546 4154 738 4210 Scauri
775 4157 978 4212 librum
1017 4156 1226 4227 scripta
1262 4160 1395 4211 sunt
1430 4157 1595 4226 haec,
1634 4160 1852 4228 Incipit
1901 4161 2219 4228 fabulas-ius
2253 4173 2419 4226 super
2459 4156 2583 4209 XV
2626 4157 2794 4211 libros
2829 4160 2992 4210 meta·

372 4234 739 4301 morphoseon.
769 4235 1077 4304 Diofantus
1098 4237 1565 4292 Lacedaemonum
1593 4245 1787 4294 auctor
1815 4242 1982 4295 libros
2008 4241 2230 4309 scripsit
2259 4236 2994 4308 antiquitatum—quisquis

372 4329 443 4365 ex
489 4315 654 4367 exilio
696 4317 844 4385 zoyle
886 4334 1083 4372 nomen
1125 4320 1283 4373 habet
1327 4318 1419 4386 (cf.
1458 4318 1571 4372 Mai
1620 4319 1788 4376 class:
1819 4322 1962 4374 auct.
2015 4338 2066 4376 v.
2106 4321 2188 4373 III
2233 4339 2286 4391 p.
2326 4321 2504 4389 XVI),
2549 4319 2748 4374 breves
2797 4314 2994 4368 similis

374 4394 598 4462 generis
626 4399 1025 4467 commentarii,
1056 4398 1336 4455 Ciceronis
1365 4399 1643 4469 epistulae
1670 4400 1908 4469 aliquot,
1943 4400 2377 4455 commentarius
2405 4398 2722 4470 germanice
2752 4394 2991 4463 scriptus

375 4476 692 4540 reformatio
719 4478 810 4532 des
837 4479 1067 4548 heiliyen
1089 4482 1349 4550 yerichtes
1367 4482 1468 4535 wie
1484 4497 1616 4534 man
1642 4482 1775 4535 dasz
1793 4480 2164 4534 ordentlichen
2189 4481 2390 4535 halden
2407 4481 2525 4545 soll,
2545 4479 2688 4533 duae
2709 4474 2991 4545 epistulae

376 4556 533 4609 Petri
582 4558 825 4613 Antonii.
900 4559 1149 4629 sequitur
1193 4559 1337 4615 liber
1384 4558 1635 4614 Terentii
1674 4559 1894 4628 Scauri,
1940 4562 2070 4628 post
2115 4577 2283 4630 quem
2330 4560 2578 4630 quinque
2629 4558 2771 4612 folia.
2816 4574 2995 4612 vacua

372 4635 579 4690 relicta
615 4640 758 4692 sunt.
814 4639 1014 4694 deinde
1053 4643 1359 4710 sequuntur
1397 4638 1676 4693 Ciceronis
1711 4640 1891 4693 oratio
1928 4655 2029 4709 pro
2069 4640 2355 4708 Marce110,
2394 4639 2642 4694 eiusdem
2679 4639 2748 4692 de
2778 4636 2994 4708 optimo

375 4733 582 4787 genere
618 4716 839 4772 dicendi
872 4718 1015 4774 liber
1050 4738 1179 4774 cum
1215 4719 1342 4774 aliis
1381 4718 1658 4788 excerptis
1696 4716 2003 4785 Ciceronis,
2059 4718 2261 4788 quibus
2300 4718 2645 4787 subscriptus
2682 4721 2771 4773 est
2815 4734 2993 4772 annus

380 4803 520 4851 1466
568 4798 686 4868 vel,
742 4801 810 4852 ut
860 4798 1160 4854 Stenderus
1208 4797 1507 4865 indicavit,
1564 4803 1728 4866 1464,
1798 4797 2063 4852 Martiani
2119 4797 2384 4868 Capellae
2437 4800 2700 4867 excerpta
2749 4797 2820 4852 de
2869 4798 2991 4852 arte

376 4876 680 4947 rhetorica,
720 4876 876 4934 Sexti
910 4879 1035 4933 Rufi
1069 4878 1434 4947 breviarium,
1482 4877 1781 4947 registrum
1823 4896 1990 4948 super
2026 4878 2200 4933 libros
2237 4876 2531 4932 Laurentii
2568 4878 2873 4947 Vallensis,
2925 4877 2995 4931 de

380 4956 658 5013 monstris.

2496 5051 2567 5103 1*
