3613 5528
527 310 611 374 88
1470 305 1684 361 CAPRI
1721 304 1816 359 ΕΤ
1852 299 2200 359 AGROECII

530 472 670 557 olim
718 495 943 557 editum
992 502 1166 556 esset.
1251 495 1312 554 in
1368 493 1463 555 his
1510 493 1691 572 igitur
1738 490 2008 552 Putschii
2056 490 2376 553 editionem
2424 490 2620 552 littera
2657 508 2731 569 p,
2778 490 3144 570 antiquiores

529 604 723 665 littera
767 615 806 667 ς
842 602 1183 681 significavi.
2555 589 2570 603 ‘

704 709 887 771 Flavii
925 708 1099 788 Capri
1136 706 1254 768 duo
1294 708 1515 767 scimus
1554 724 1732 787 opera
1772 707 1988 783 fuisse,
2035 706 2108 767 de
2146 706 2433 767 latinitate
2471 713 2532 766 et
2568 705 2640 767 de
2680 703 2876 767 dubiis
2913 705 3144 784 generi·

529 817 642 878 bus
682 816 768 878 vel
808 815 973 881 dubii
1012 816 1323 897 sermonis,
1370 833 1441 874 ex
1480 814 1696 894 quibus
1734 817 1776 875 ii
1816 816 1918 894 qui
1955 823 2162 895 postea
2198 814 2272 875 de
2309 816 2689 894 grammatica
2725 822 2853 875 arte
2892 815 3146 893 scripse·

531 932 689 1005 runt,
726 926 785 984 in
823 925 1033 1003 primis
1062 922 1248 983 lulius
1276 921 1598 1003 RomanuS,
1634 923 1808 983 cuius
1836 931 2114 1002 excerpta
2145 921 2447 984 Charisius
2476 921 2658 1004 dedit,
2694 930 2756 984 et
2782 920 3143 1001 PriscianuS,

528 1031 782 1111 plurima
825 1035 1214 1109 receperunt.
1307 1033 1629 1108 utrumque
1687 1048 1839 1108 opus
1893 1029 2211 1109 Pompeius
2267 1029 2339 1090 de
2396 1029 2789 1090 declinatione
2849 1048 2899 1089 v.
2949 1027 3145 1104 sames

530 1138 840 1218 disputans
888 1136 1370 1198 commemoravit
1407 1153 1461 1214 p.
1504 1129 1649 1208 175,
1688 1130 1775 1196 30
1822 1138 2009 1197 habes
2054 1139 2169 1199 hoe
2217 1139 2278 1197 in
2325 1138 2524 1214 Capro
2573 1139 2648 1198 de
2684 1139 2897 1213 linqua
2933 1138 3144 1209 latina,

532 1264 651 1307 non
699 1248 776 1306 de
822 1246 1022 1305 dubiis
1064 1245 1412 1319 qeneribus.
1487 1241 1672 1303 libros
1712 1243 1783 1303 de
1822 1243 2109 1305 latinitate
2148 1243 2240 1305 bis
2278 1244 2590 1324 appellavit
2625 1244 2811 1305 Iulius
2846 1243 3145 1303 Romanus

534 1352 689 1432 apud
751 1350 1084 1412 Charisium
1140 1369 1197 1429 p.
1250 1346 1409 1430 194,
1456 1346 1536 1411 31
1599 1353 1757 1441 alias
1806 1383 1884 1394 —
1941 1353 2047 1411 ubi
2100 1353 2187 1412 Fl.
2250 1352 2450 1429 Caper
2506 1355 2581 1413 de
2636 1355 2940 1413 latinitate
2994 1345 3148 1412 ‘non

533 1463 728 1521 ausim
775 1461 1113 1532 adfirmare
1152 1474 1270 1534 pro
1317 1460 1500 1518 aliter
1547 1452 1703 1518 dici'
1751 1465 1813 1518 et
1858 1478 1914 1537 p.
1945 1454 2091 1541 207,
2121 1455 2201 1520 31
2237 1462 2553 1522 novissime
2584 1493 2658 1501 —
2694 1460 2804 1519 ubi
2827 1459 2914 1519 H.
2951 1458 3148 1535 Caper

529 1570 605 1628 de
650 1569 953 1628 latinitate
998 1557 1255 1625 ‘miror’
1305 1566 1501 1639 inquit
1547 1558 1648 1625 ‘id
1690 1567 1921 1627 dixisse
1973 1561 2318 1637 Tironem’;
2377 1565 2562 1627 libros
2609 1565 2682 1627 de
2729 1563 2926 1625 dubiis
2970 1582 3146 1643 gene-

532 1673 699 1734 ribus
746 1673 1228 1733 commemoravit
1275 1670 1616 1730 Priscianus
1663 1670 1699 1732 l.
1748 1669 1822 1731 VI
1867 1690 1923 1749 p.
1973 1668 2131 1753 212,
2183 1669 2265 1732 14
2323 1676 2715 1734 inveniuntur
2771 1679 2970 1733 tamen
3015 1674 3144 1747 qui-

530 1784 671 1842 dam
726 1787 993 1842 veterum
1053 1781 1233 1840 etiam
1288 1780 1452 1839 haee
1501 1780 1666 1839 allex
1714 1777 2010 1854 feminino
2060 1796 2291 1853 yenere
2332 1783 2688 1856 protulisse,
2735 1782 2901 1855 quod
2950 1780 3147 1855 Caper

530 1889 790 1949 ostendit
844 1888 920 1947 de
979 1888 1179 1947 dubiis
1232 1887 1565 1962 generibus
1620 1892 1681 1946 et
1738 1903 1857 1945 una
1915 1903 2051 1946 cum
2108 1882 2304 1946 Probo
2351 1884 2386 1945 1.
2434 1884 2480 1942 V
2526 1904 2581 1965 p.
2635 1883 2779 1965 171,
2831 1882 2910 1945 14
2954 1903 3146 1962 supra

533 1998 836 2056 dictorum
897 2002 1096 2055 tamen
1156 1996 1462 2055 nominum
1526 2011 1672 2055 usus
1732 2000 1792 2054 et
1851 1996 2022 2070 apud
2085 1994 2346 2070 Capram
2413 2001 2470 2054 et
2525 1996 2695 2070 apud
2749 1994 3012 2054 Probum
3072 1995 3148 2053 de

531 2103 731 2161 dubiis
772 2102 1105 2176 qeneribus
1152 2102 1400 2174 invenis,
1448 2098 1663 2161 deinde
1711 2099 1955 2161 Servius
2001 2102 2063 2160 in
2093 2098 2263 2179 Verg.
2293 2099 2435 2161 Aen.
2463 2099 2517 2160 X
2545 2096 2673 2161 377
2713 2100 2910 2177 Caper
2947 2108 3147 2160 tamen

533 2212 595 2269 in
643 2209 817 2269 libris
863 2208 1036 2267 dubii
1083 2208 1334 2281 qeneris
1379 2208 1609 2283 probat
1655 2209 1783 2268 diei
1837 2214 1894 2267 et
1939 2208 2041 2267 hic
2086 2208 2243 2268 obex
2290 2214 2348 2268 et
2393 2210 2549 2268 haee
2595 2209 2766 2269 obex.
2847 2204 2918 2266 ad
2967 2205 3149 2266 libros

540 2315 612 2376 de
659 2314 947 2374 latinitate
995 2311 1271 2373 videntur
1318 2314 1622 2391 pertinere
1666 2312 1814 2373 haec
1861 2314 2014 2394 apud
2065 2313 2336 2375 Servium
2382 2317 2444 2375 in
2493 2312 2662 2392 Verg.
2710 2313 2851 2375 Aen.
2897 2312 2971 2372 VI
3019 2308 3151 2374 545

536 2420 610 2481 de
658 2440 709 2480 v.
756 2423 1006 2497 explere
1051 2427 1185 2499 post
1233 2436 1471 2480 versum
1514 2418 1723 2500 Ennii,
1779 2437 1955 2495 quem
2009 2422 2207 2497 Caper
2264 2404 2554 2494 secutus,‘
2590 2438 2728 2481 eum
2774 2423 2849 2482 de
2885 2439 3150 2498 praepo-

532 2530 749 2589 sitione
796 2545 876 2588 ex
931 2531 1258 2601 tractaret,
1305 2527 1421 2586 hoe
1467 2530 1803 2604 exemplum
1843 2531 2067 2605 posuit,
2116 2534 2177 2588 et
2222 2529 2283 2588 in
2331 2527 2501 2608 Verg.
2548 2529 2689 2589 Aen.
2738 2527 2790 2587 X
2836 2523 2965 2588 344
3011 2531 3154 2589 licet

548 2637 748 2712 Caper
785 2636 848 2694 in
895 2633 1068 2693 libris
1113 2634 1423 2694 enucleati
1464 2636 1758 2695 sermonis
1804 2635 1975 2695 dieat
2013 2632 2242 2711 semen,
2287 2638 2400 2697 secl
2432 2653 2551 2697 non
2591 2638 2766 2712 ponit
2801 2637 3151 2711 exemplum.

538 2740 607 2804 ad
656 2739 842 2802 libros
889 2745 1087 2801 autem
1134 2737 1206 2799 de
1255 2738 1452 2801 dubiis
1498 2738 1820 2819 generibus
1867 2738 2023 2819 apud
2070 2738 2402 2803 Charisium
2450 2761 2505 2821 p.
2557 2740 2658 2823 77,
2705 2738 2793 2804 20
2840 2741 3154 2804 referenda

538 2867 669 2910 esse
727 2848 957 2907 conieci
1013 2865 1163 2925 quae
1222 2847 1295 2907 de
1342 2865 1393 2908 v.
1441 2850 1670 2924 clipeus
1727 2849 1946 2907 omisso
2004 2851 2243 2909 nomine
2290 2852 2552 2911 auctoris
2598 2849 2681 2911 ihi
2727 2852 2947 2929 scripta
2995 2859 3153 2932 suut,

542 2974 739 3033 quare
785 2956 958 3016 dubii
999 2958 1293 3016 sermonis
1342 2955 1417 3016 II
1458 2956 1806 3015 indistincto
1858 2973 2089 3030 ,qenere
2135 2958 2264 3018 diei
2307 2960 2425 3031 ait,
2471 2959 2584 3019 sed
2625 2960 2832 3019 littera
2878 2958 3154 3032 differre.

538 3083 609 3124 ex
667 3062 954 3123 alterutro
1011 3062 1193 3139 igitur
1247 3061 1463 3121 horum
1520 3059 1810 3121 librorum
1868 3061 2094 3141 reliqua
2143 3081 2294 3142 quae
2341 3082 2461 3124 non
2507 3064 2765 3125 indicato
2813 3063 2963 3124 libro
3011 3064 3150 3126 huic

539 3169 923 3250 grammatico
980 3166 1328 3229 tribuuntur
1384 3168 1567 3248 petita
1623 3174 1790 3249 sunt,
1853 3186 2003 3247 quae
2066 3168 2341 3231 Osannus
2402 3173 2464 3231 in
2526 3172 3021 3233 commentatione
3081 3169 3154 3231 de

537 3274 622 3336 Fl.
670 3273 861 3354 Capro
920 3283 982 3334 et
1037 3272 1324 3352 Agroecio
1385 3276 1783 3353 grammaticis
1832 3267 2064 3356 (Gissae
2113 3293 2160 3336 a.
2216 3272 2413 3358 1849)
2463 3278 2813 3356 composuit.
2900 3296 3035 3338 nam
3083 3296 3154 3338 ex

537 3383 631 3443 his
680 3398 918 3461 quoque
966 3397 1175 3459 magna
1222 3397 1359 3458 pars
1407 3379 1478 3440 ad
1525 3380 1857 3441 definienda
1904 3399 2122 3460 genera
2168 3388 2229 3441 et
2276 3383 2495 3443 formas
2533 3386 2840 3445 nominum
2876 3388 3156 3467 pertinet,

540 3489 650 3549 alia
696 3486 767 3548 ad
815 3485 1267 3547 declinationem
1315 3484 1632 3547 verborum
1681 3494 1741 3547 et
1786 3486 1856 3547 ad
1907 3489 2096 3547 varias
2156 3488 2376 3549 formas
2433 3493 2720 3571 temporis
2765 3492 3018 3571 perfecti
3064 3492 3156 3552 vel
3245 3479 3254 3486 ’

540 3594 612 3656 ad
660 3611 838 3655 usum
885 3600 947 3654 et
982 3591 1409 3653 derivationem
1445 3592 1859 3654 adverbiorum
1899 3602 2184 3674 spectant.
2258 3596 2331 3657 de
2382 3597 2599 3676 quibus
2636 3600 2718 3660 ita
2756 3598 3157 3678 disputaverat

542 3701 758 3781 Caper,
817 3707 886 3761 ut
940 3717 1117 3762 usum
1163 3699 1329 3761 latini
1375 3701 1669 3760 sermonis
1714 3700 1852 3761 inde
1900 3700 1973 3762 ab
2020 3704 2450 3781 antiquissimis
2495 3704 2866 3784 temporibus
2912 3704 3153 3766 demon-

542 3815 761 3870 straret
815 3816 874 3868 et
930 3807 1203 3887 plurimis
1259 3809 1620 3888 scriptorum
1676 3807 1961 3888 exemplis
2016 3811 2301 3889 appositis
2357 3811 2752 3871 confirmaret.
2825 3812 2885 3872 in
2944 3813 3156 3891 primis

545 3923 744 3976 autem
800 3915 872 3975 ad
925 3915 1464 3975 vetustissimorum
1531 3915 1889 3995 scriptorum
1958 3910 2296 3976 sermonem
2348 3918 2476 3977 eius
2538 3917 2733 3978 studia
2792 3919 3154 3997 pertinuisse

543 4031 605 4082 et
653 4040 726 4082 ex
772 4020 1085 4100 exemplis,
1145 4038 1294 4099 quae
1351 4020 1424 4081 ab
1470 4021 1563 4082 his
1608 4024 1985 4102 potissimum
2031 4026 2346 4102 petiverat,
2392 4023 2783 4105 intellegitur,
2829 4030 2890 4083 et
2933 4023 3154 4085 iudicio

545 4126 967 4208 comprobatur
1022 4129 1568 4209 grammaticorum,
1625 4146 1657 4188 e
1714 4128 1931 4207 quibus
1987 4128 2330 4191 Priscianus
2385 4130 2423 4191 l.
2469 4129 2516 4188 V
2562 4149 2618 4210 p.
2671 4128 2827 4211 188,
2875 4128 2962 4192 22
3017 4131 3155 4193 doc-

547 4236 845 4296 tissimum
899 4236 1268 4314 antiquitatis
1313 4242 1821 4314 perscrutatorem
1870 4253 2007 4296 eum
2053 4234 2213 4297 dicit.
2289 4238 2827 4299 vetustissimorum
2873 4238 2963 4298 vel
3009 4241 3155 4300 anti-

545 4344 971 4422 quissimorum
1019 4358 1196 4401 usum
1245 4341 1530 4420 exemplis
1577 4340 1649 4401 ab
1697 4360 1767 4401 eo
1806 4341 2121 4421 probatum
2160 4353 2583 4405 commemorat
2618 4344 2775 4404 idem
2813 4344 3156 4407 Priscianus

542 4469 598 4529 p.
649 4446 811 4530 212,
856 4445 917 4508 4.
974 4443 1133 4528 390,
1180 4444 1282 4508 26.
1339 4445 1498 4530 392,
1546 4445 1603 4509 6.
1661 4444 1819 4530 393,
1873 4447 1969 4510 11.
2025 4446 2185 4532 508,
2231 4447 2342 4511 27;
2407 4457 2639 4512 veteres
2695 4450 2946 4532 appellat
2999 4452 3155 4513 idem

544 4575 598 4636 p.
630 4553 780 4636 204,
818 4552 877 4616 6.
918 4551 1068 4634 212,
1106 4551 1207 4615 14.
1242 4551 1392 4636 561,
1430 4551 1511 4616 10
1546 4562 1606 4615 et
1641 4553 1945 4616 Charisius
1977 4575 2033 4636 p.
2073 4552 2216 4637 145,
2249 4554 2366 4638 203
2396 4555 2499 4619 23.
2560 4564 2868 4637 praeterea
2907 4560 3157 4619 maxime

546 4661 785 4742 Vergilii
830 4680 967 4722 eum
1014 4663 1304 4723 rationem
1352 4661 1629 4722 habuisse
1677 4661 1868 4721 Servii
1913 4663 2200 4741 quaedam
2242 4664 2653 4726 adnotationes
2698 4671 3010 4726 testantur.

729 4767 843 4829 Sed
893 4784 1068 4846 quam
1115 4766 1229 4827 late
1277 4786 1424 4828 usus
1470 4775 1531 4827 et
1576 4768 1898 4828 auctoritas
1944 4766 2124 4829 huius
2168 4771 2535 4848 grammatici
2589 4771 2745 4850 apud
2789 4773 3156 4850 posteriores
