3613 5528
1496 434 1885 490 EXCERPTA
2855 429 2985 495 359

383 551 429 588 p.
455 536 522 576 ss
550 536 603 577 ao
630 535 691 575 Η.

382 622 714 701 correptior
760 667 774 681 .
822 637 966 700 ergo
1013 621 1065 680 si
1111 627 1172 681 et
1216 619 1563 682 naturaliter
1622 618 1794 699 longa
1841 619 2147 697 sequentis
2203 617 2594 697 productione
2649 615 2988 696 impeditur,

388 736 607 807 quanto
668 730 855 808 magis
918 730 981 789 in
1048 746 1113 788 ea
1171 745 1321 806 quae
1377 729 1669 808 positione
1725 726 1900 805 longa
1954 733 2046 786 est
2100 724 2195 816 vel
2246 725 2443 787 brevis
2498 732 2736 786 acutum
2792 723 2986 785 locare

383 834 668 897 debemus
716 884 729 897 .
777 838 828 896 si
875 854 1017 915 ergo
1065 835 1225 896 dicas
1271 834 1438 916 luna,
1493 837 1657 915 prior
1703 833 1924 914 syllaba
1971 833 2502 915 circumflectetur,
2559 835 2695 914 quia
2750 840 2985 893 natura-

381 941 517 1004 liter
571 943 744 1023 longa
799 951 892 1005 est
946 952 1008 1005 et
1061 960 1319 1023 sequens
1373 941 1570 1003 brevis
1629 990 1642 1003 .
1700 941 1858 1022 quod
1916 943 1967 1004 si
2021 943 2210 1003 iustos
2264 939 2616 1022 dixerimuS,
2672 942 2733 1000 in
2787 940 2986 1020 priore

327 1065 355 1105 ⁵
384 1048 601 1130 syllaba
646 1057 859 1111 acutus
905 1052 1047 1132 erit,
1102 1051 1238 1129 quia
1284 1057 1345 1111 et
1389 1051 1687 1130 posterior
1740 1048 1913 1128 longa
1969 1057 2061 1110 est
2107 1097 2121 1111 .
2169 1051 2219 1110 si
2273 1066 2413 1109 vero
2468 1049 2760 1128 positione
2815 1039 2987 1126 longa

381 1157 563 1219 fuerit
626 1160 902 1238 superior
965 1166 1068 1219 aut
1129 1156 1353 1237 brevis,
1427 1173 1662 1236 semper
1724 1164 2001 1237 acuetur,
2075 1163 2142 1217 ut
2203 1154 2398 1216 bonus
2461 1155 2741 1234 princeps
2805 1153 2986 1214 senex

381 1263 626 1344 campus
663 1311 677 1324 .
724 1267 1023 1344 posterior
1069 1282 1209 1325 vero
1255 1262 1473 1344 syllaba
1520 1281 1755 1342 semper
1800 1260 2167 1344 gravabitur,
2212 1262 2272 1323 id
2318 1271 2412 1324 est
2455 1280 2692 1342 gravem
2738 1262 2988 1340 accipiet

380 1381 707 1433 accentum.

556 1478 627 1540 ln
684 1478 999 1560 trisyllabis
1056 1480 1275 1541 iterum
1332 1496 1482 1558 quae
1538 1479 1689 1538 ratio
1737 1473 1872 1538 est‘?
1944 1474 2018 1536 Vt
2064 1473 2235 1554 [nisi]
2286 1495 2521 1558 semper
2566 1474 2986 1557 paenultimam

302 1601 355 1641 ιο
382 1588 791 1669 inspiciamus,
846 1605 994 1667 quae
1053 1588 1103 1649 si
1157 1586 1331 1666 longa
1386 1593 1505 1667 est,
1567 1583 1725 1645 illam
1779 1586 1843 1645 in
1898 1603 1966 1644 ea
2024 1583 2392 1646 servabimus
2454 1583 2745 1664 regulam,
2808 1600 2987 1662 quam

382 1693 636 1754 diximus
682 1695 743 1753 in
790 1692 1020 1754 duabus
1066 1692 1304 1774 syllabis
1350 1710 1481 1753 esse
1529 1690 1904 1771 servandam,
1949 1691 2009 1752 id
2054 1699 2148 1752 est
2190 1700 2288 1772 ut,
2332 1693 2384 1752 si
2421 1690 2768 1752 naturaliter
2814 1688 2988 1769 longa

383 1808 474 1861 est
508 1809 571 1862 et
606 1803 903 1881 posterior
939 1799 1164 1883 brevis»,
1210 1798 1567 1880 paenultima
1602 1800 1729 1878 ipsa
1766 1797 2269 1860 circumflectatur
2300 1846 2313 1859 .
2343 1800 2436 1859 sin
2465 1806 2663 1859 autem
2690 1798 2984 1877 positione

385 1908 502 1968 erit
538 1906 738 1986 longa,
784 1907 1140 1987 paenultima
1177 1914 1452 1981 acuetur,
1495 1912 1733 1994 ceterae
1772 1904 2174 1985 gravabuntur
2212 1953 2226 1966 .
2265 1906 2768 1968 circumflectetur
2804 1906 2986 1984 igitur

380 2013 742 2094 paenultima
787 2015 850 2074 in
897 2013 991 2074 bis
1035 2012 1403 2094 nominibus,
1448 2021 1517 2074 ut
1561 2011 1852 2094 Donatus3
1898 2015 1960 2073 in
2006 2013 2100 2074 his
2146 2031 2285 2074 vero
2324 2021 2571 2075 acuetur
2609 2012 2985 2094 paenultima,

302 2134 355 2174 15
386 2127 450 2181 ut
494 2120 846 2201 campestris
899 2119 1226 2201 perductus
1280 2117 1608 2181 laudandus
1656 2167 1670 2181 .
1717 2122 1770 2180 si
1825 2138 1965 2180 vero
2022 2120 2379 2199 paenultima
2434 2120 2633 2182 brevis
2689 2121 2898 2205 suerit,
2954 2136 2986 2178 a

382 2228 498 2289 fine
549 2224 560 2307 Ι
610 2230 785 2289 tertia
848 2246 1084 2308 semper
1146 2234 1421 2308 acuetur,
1486 2229 1607 2289 sive
1673 2227 1846 2308 longa
1910 2229 1988 2289 sit
2051 2230 2171 2289 sive
2236 2228 2434 2290 brevis
2495 2276 2508 2289 .
2568 2246 2764 2308 neque
2826 2227 2984 2287 enim

383 2344 593 2395 natura
631 2334 802 2414 longa
841 2337 896 2396 ei
932 2334 1225 2416 proderit,
1272 2337 1408 2414 quia
1446 2334 1835 2415 sequentibus
1872 2334 2101 2397 duabus
2140 2335 2377 2415 syllabis
2413 2335 2776 2415 impeditur.
2807 2335 2985 2394 citius

383 2444 540 2503 enim
582 2441 981 2525 relinquitur,
1045 2441 1187 2502 dum
1242 2441 1313 2502 ad
1368 2440 1496 2502 illas
1561 2442 2044 2524 pronuntiandas¹
2083 2442 2431 2506 festinamus
2488 2492 2502 2506 .
2561 2451 2741 2503 eruut
2803 2443 2986 2521 igitur

381 2548 560 2611 huius
625 2549 783 2611 modi
848 2551 1082 2611 nomina
1138 2550 1199 2608 in
1253 2546 1471 2627 quibus
1528 2567 1560 2608 a
1617 2549 1732 2610 fine
1787 2551 1963 2610 tertia
2019 2549 2236 2630 syllaba
2294 2568 2529 2630 semper
2584 2558 2859 2631 acuetur,
2919 2556 2988 2610 ut

302 2672 356 2711 so
382 2655 614 2718 Tullius
668 2641 885 2718 Atreus
939 2653 1225 2717 candidus
1280 2702 1294 2716 .
1351 2665 1561 2734 quarta
1614 2673 1755 2716 vero
1813 2674 1847 2717 a
1902 2657 2017 2717 tine
2077 2665 2139 2718 et
2196 2658 2402 2736 quinta
2460 2665 2522 2719 et
2575 2674 2985 2737 quaecumque

383 2763 567 2826 fuerit
612 2762 861 2829 ulterior
906 2781 1143 2843 gravem
1190 2780 1426 2842 semper
1472 2763 1721 2842 accipiet
1759 2810 1772 2823 .
1811 2761 1884 2824 ab
1924 2782 1991 2825 ea
2030 2766 2188 2825 enim
2235 2784 2384 2843 quae
2432 2773 2523 2827 est
2567 2783 2602 2825 a
2647 2766 2762 2826 fine
2810 2766 2985 2826 tertia

382 2870 635 2933 ulterius
690 2889 807 2932 non
862 2877 1061 2951 potest
1113 2878 1324 2932 acutus
1379 2869 1701 2931 ascendere
1757 2918 1771 2932 .
1828 2889 1963 2933 nam
2019 2872 2437 2934 circumflexus
2495 2875 2556 2933 iu
2625 2872 2985 2953 paenultima

384 2985 611 3039 tantum
658 2976 887 3039 locatur
932 2976 1024 3038 vel
1061 2979 1122 3039 in
1161 2978 1504 3057 novissima,
1549 2979 1602 3037 si
1639 2994 1856 3039 nomen
1894 2986 1987 3040 est
2021 2997 2329 3062 graecum,
2376 2987 2445 3042 ut
2479 2979 2703 3041 Allecto
2741 2979 2982 3040 Theano

384 3093 445 3145 ct
490 3084 728 3166 similia,
775 3103 953 3167 quae,
998 3087 1137 3165 quia
1180 3103 1391 3165 graeca
1438 3091 1605 3165 sunt,
1649 3102 1861 3163 graeca
1907 3086 2136 3146 ratione
2182 3088 2470 3148 nituntur.

302 3208 354 3250 25
560 3192 714 3254 Sunt
766 3194 910 3253 item
964 3191 1251 3273 quaedam
1306 3211 1456 3272 quae
1513 3210 1545 3252 a
1601 3190 1941 3270 regularum
1997 3195 2224 3254 ratione
2288 3193 2577 3254 recedunt
2620 3214 2637 3255 ε
2682 3211 2818 3255 nam
2876 3210 2983 3274 per

382 3317 589 3360 omnes
643 3298 893 3379 syllabas
947 3307 1292 3382 gravantur,
1357 3298 1736 3360 circumflexo
1800 3318 1942 3361 vero
2006 3299 2097 3360 vel
2163 3309 2338 3361 acuto
2402 3307 2652 3361 accentu
2717 3307 2924 3361 carent
2967 3347 2982 3361 .

562 3640 591 3688 1
629 3651 762 3703 ergo
801 3632 849 3688 si
886 3636 945 3689 et
979 3632 1035 3687 Β
1072 3649 1204 3704 ergo
1243 3633 1322 3687 sic
1360 3632 1418 3686 et
1455 3631 1531 3686 M
1559 3638 1622 3688 ei·
1670 3636 1728 3689 et
1773 3635 1822 3689 si
1859 3632 1922 3689 F
2076 3641 2110 3689 8
2147 3634 2613 3691 circumflectetur
2655 3634 2711 3687 Β
2756 3632 2985 3688 circum·

380 3713 622 3770 flectitur
668 3712 731 3769 F
770 3714 1227 3771 circumflextitur
1273 3713 1349 3768 M
1493 3721 1527 3769 4
1561 3714 1618 3769 in
1665 3714 1853 3790 priore
1901 3712 1963 3768 F
2002 3713 2060 3770 in
2105 3714 2282 3786 priori
2328 3715 2404 3769 M
2444 3713 2746 3784 imperim-a.
2788 3713 2844 3767 Β

381 3800 415 3849 ὅ
450 3798 646 3850 acutus
681 3810 781 3850 om.
822 3795 899 3849 M
1045 3795 1202 3867 quia]
1241 3813 1305 3865 q3
1343 3795 1406 3849 F
1551 3797 1639 3850 est
1681 3812 1781 3852 om.
1824 3796 1900 3850 M
2045 3796 2252 3866 positio
2288 3796 2343 3849 Β
2503 3802 2535 3852 9
2572 3796 2630 3851 iu
2676 3794 2985 3865 trisyllabis

381 3877 583 3932 iterum
629 3894 740 3947 que
784 3876 931 3932 ratio
968 3879 1054 3932 est
1086 3877 1143 3931 Β
1178 3877 1237 3934 in
1277 3875 1583 3949 trisyllabis
1618 3877 1823 3933 iterum
1867 3871 1965 3944 q’ui
2012 3876 2159 3933 ratio
2196 3878 2284 3932 est
2319 3876 2381 3931 F
2409 3877 2470 3931 in
2504 3875 2840 3946 trissyllabis
2876 3890 2986 3944 que

380 3957 524 4012 ratio
561 3959 646 4012 est
684 3957 760 4012 M
896 3956 1007 4011 nisi
1040 3959 1259 4013 seclusit
1296 3958 1631 4012 Muellerus:
1664 3957 1897 4023 fortasse
1932 3959 1997 4012 ut
2031 3957 2250 4012 nonnisi
2395 3964 2464 4012 10
2498 3957 2809 4035 penultima
2846 3956 2921 4010 M
2928 3955 2990 4010 F

484 4036 646 4091 illam
690 4053 792 4093 om.
833 4038 909 4092 M
1053 4045 1115 4093 11
1154 4038 1215 4092 in
1259 4037 1579 4108 dissyllabis
1625 4036 1852 4091 coniecit
1899 4036 2205 4092 Muellerus
2355 4036 2415 4091 id
2459 4037 2506 4092 si
2552 4037 2755 4091 natura.
2798 4038 2884 4091 est
2927 4037 2988 4092 et

380 4117 656 4186 posterior
683 4115 746 4171 F
872 4125 934 4172 12
964 4118 1433 4174 circumflectatur
1459 4118 1515 4172 Β
1543 4114 1995 4172 circumflectitur
2026 4117 2102 4171 M
2110 4116 2172 4171 F
2296 4123 2359 4171 13
2390 4119 2575 4172 cetera
2602 4115 2987 4186 grausbuntur

378 4196 434 4250 Β
447 4197 523 4251 M
553 4199 737 4253 cetere
774 4200 1082 4267 grauantur
1119 4198 1182 4253 F
1320 4198 1772 4256 circumflectitur
1805 4199 1997 4253 autem
2033 4196 2345 4265 penultima,
2388 4194 2448 4249 in
2493 4195 2580 4250 his
2619 4195 2873 4251 omnibus
2913 4195 2989 4249 M

381 4275 845 4332 circumflectetur
881 4281 982 4333 aut
1025 4278 1341 4349 penultima.
1393 4279 1453 4333 in
1506 4280 1594 4334 bis
1650 4278 1907 4336 omnibus
1944 4276 2000 4329 Β
2047 4275 2512 4332 circumflectetur
2557 4278 2747 4331 autem
2793 4275 2854 4330 iu
2898 4275 2986 4331 his

382 4357 638 4413 omnibus
667 4356 730 4412 F
869 4366 936 4413 15
975 4364 1038 4416 ut
1072 4360 1427 4432 campestris]
1458 4364 1558 4416 aut
1584 4360 1812 4431 prestris
1838 4358 1894 4412 Β
2037 4357 2338 4426 perductus
2366 4372 2466 4412 om.
2495 4356 2557 4411 F
2699 4363 2765 4411 16
2790 4355 2983 4424 tertia]

381 4439 440 4491 et
474 4437 557 4492 tia.
591 4437 647 4491 Β
794 4444 858 4493 17
896 4442 1097 4494 natura.
1151 4441 1205 4497 ei
1257 4441 1431 4511 longa.
1474 4441 1725 4511 proderit
1770 4440 1847 4494 M
1989 4443 2054 4493 19
2094 4454 2129 4492 a.
2163 4438 2273 4493 fine
2309 4454 2407 4493 om.
2449 4438 2526 4492 M
2663 4438 2893 4491 acuetur
2929 4435 2991 4490 F

382 4517 599 4573 acuitur
634 4517 709 4572 M
710 4517 767 4571 B
911 4525 979 4575 20
1016 4521 1243 4593 Atreus]
1291 4522 1493 4577 adreus
1537 4522 1620 4576 B.-
1657 4522 1728 4588 cf.
1779 4519 2012 4590 Quintil.
2062 4519 2104 4571 I
2137 4521 2270 4586 5,,23
2414 4515 2748 4586 quicumque
2788 4514 2850 4570 F

382 4602 448 4652 21
488 4615 595 4667 que
631 4614 667 4653 a
703 4598 812 4654 fine
839 4590 927 4654 est
950 4599 1122 4656 tertia
1149 4601 1225 4655 M
1362 4606 1432 4655 22
1471 4602 1667 4656 acutus
1695 4599 1959 4655 accedere
1988 4598 2064 4653 M
2084 4599 2314 4653 secutus
2342 4596 2613 4652 adcedere
2639 4596 2695 4650 Β
2722 4597 2985 4652 accentus

383 4679 679 4735 ascendere
719 4678 781 4733 F
926 4681 1083 4752 nam]
1130 4698 1280 4736 nano
1327 4681 1388 4735 F
1532 4686 1602 4736 23
1647 4680 1872 4735 adlecto
1921 4679 1982 4733 F
2136 4681 2304 4733 teano
2358 4677 2505 4732 BM
2514 4676 2576 4731 F
2729 4684 2800 4732 24
2853 4676 2990 4747 quia.

383 4774 481 4813 om.
522 4758 597 4812 M
736 4764 806 4813 25
842 4761 1163 4831 regularum
1197 4760 1415 4817 ratione
1453 4760 1515 4815 F
1544 4760 1744 4831 regula.
1792 4759 1992 4814 harum
2037 4756 2318 4812 rationum
2362 4757 2417 4810 Β
2433 4757 2506 4811 Μ
2646 4763 2715 4812 26
2753 4756 2986 4813 circum-

383 4837 513 4893 flexi
549 4838 642 4892 uel
676 4839 828 4893 acuti
863 4839 1072 4908 (acenti
1106 4839 1182 4911 Β)
1220 4843 1483 4897 accentus
1521 4842 1714 4895 carent
1748 4838 1879 4892 BF
1911 4836 2246 4893 circumflexi
2281 4836 2459 4891 ueluti
2496 4841 2757 4892 accentus
2795 4841 2988 4893 carent

388 4918 461 4972 M
494 4939 513 4972 .-
549 4919 883 4974 circumflexi
921 4920 1011 4975 vel
1048 4920 1199 4975 acuti
1236 4922 1496 4976 accentus
1532 4918 1760 4989 fastigio
1798 4919 1993 4973 carent
2027 4916 2255 4972 coniecit
2293 4916 2600 4971 Muellerus
