3613 5528
791 1386 1637 1487 ORTHOGRAPHIA
1703 1385 2086 1485 ALBINI
2152 1385 2681 1485 MAGISTRI

849 1643 942 1703 Me
987 1642 1144 1722 legat
1188 1644 1461 1722 antiquas
1507 1644 1709 1723 cupiat
1755 1644 1857 1722 qui
1905 1644 2058 1703 scire
2104 1641 2388 1725 loquelas,

965 1767 1060 1810 me
1109 1766 1400 1829 spernens
1446 1747 1711 1828 loquitur
1756 1765 1894 1810 mox
1941 1751 2069 1811 sine
2118 1749 2246 1829 lege
2292 1758 2543 1829 patrum.

426 1866 466 1903 ρ.
496 1855 602 1895 2327
631 1855 680 1894 P.

601 1930 920 2011 AeternuS,
976 1936 1163 2008 aetas,
1218 1945 1425 1987 aevum
1479 1946 1587 2007 per
1633 1927 1750 1988 duo
1800 1948 1875 2008 ιι,
1931 1931 2223 2010 aequitaS‚
2277 1947 2503 2007 aequus
2558 1929 2615 1988 id
2675 1939 2768 1990 est
2822 1931 3033 2011 iustus,

373 2047 398 2083 ⁵
426 2036 567 2097 haec
606 2039 799 2097 omnia
841 2054 948 2116 per
985 2054 1053 2096 ae
1092 2034 1498 2115 diphthongon
1537 2034 1850 2095 scribenda
1889 2043 2058 2116 sunt3
2106 2053 2324 2114 equuS,
2371 2037 2421 2095 si
2459 2036 2669 2096 animal
2725 2037 3034 2117 significat,

425 2162 532 2223 per
577 2143 905 2222 simplicem
951 2162 1001 2202 e.
1092 2143 1354 2202 Accusso
1402 2159 1510 2220 per
1556 2141 1674 2202 duo
1722 2161 1753 2201 c
1814 2149 1873 2201 et
1928 2159 2037 2220 per
2082 2140 2200 2202 duo
2248 2160 2277 2227 s
2324 2142 2505 2202 scribi
2557 2142 2759 2223 dehet,
2816 2142 3032 2203 accedo

426 2269 531 2330 per
578 2250 694 2310 duo
742 2269 791 2310 c.
885 2250 1072 2329 Saepe
1119 2249 1188 2308 ad
1238 2248 1567 2328 euphoniae
1617 2267 1793 2308 causa
1841 2251 1902 2308 in
1950 2257 2299 2328 sequentem
2340 2248 2665 2310 mutabitur
2703 2267 3029 2310 consonan-

427 2366 571 2438 tem,
617 2366 684 2417 ut
730 2357 920 2417 afficio
959 2356 1136 2416 affluo
1174 2355 1350 2416 allido
1389 2375 1698 2416 ammoneo
1738 2374 1936 2417 annuo
1983 2374 2215 2435 appono
2262 2358 2482 2436 arripio
2530 2376 2785 2418 assumo.
2858 2357 3029 2437 alligo

425 2482 529 2541 per
576 2462 693 2523 duo
742 2463 787 2544 Ι,
832 2481 1028 2523 annuo
1075 2482 1183 2543 per
1230 2464 1347 2524 duo
1397 2483 1461 2545 ιι,
1509 2481 1762 2543 appareo
1811 2481 1920 2542 per
1966 2462 2085 2523 duo
2132 2482 2199 2545 ρ,
2244 2463 2412 2524 attuli
2459 2482 2567 2543 per
2614 2464 2730 2525 duo
2778 2474 2803 2525 t
2849 2464 3030 2526 scribi

353 2580 400 2618 ¹⁰
426 2568 656 2630 debent.
731 2570 831 2650 At,
879 2572 930 2630 si
976 2572 1317 2632 coniunctio
1356 2579 1473 2650 est,
1519 2577 1680 2648 pert
1726 2567 2107 2629 scribendum
2146 2576 2264 2649 est,
2311 2572 2361 2630 si
2407 2572 2784 2651 praepositiO,
2829 2589 2937 2650 per
2974 2572 3030 2633 d.

423 2685 595 2755 atque
642 2679 785 2737 item
832 2678 1171 2739 coniunctio
1220 2678 1543 2755 composita
1592 2694 1697 2754 per
1747 2684 1769 2735 t
1816 2675 2088 2736 similiter
2127 2674 2438 2735 scribenda
2477 2686 2585 2736 est.
2660 2678 2813 2757 apud
2861 2697 3028 2758 prae·

423 2786 632 2863 positio
682 2787 740 2845 in
788 2784 823 2845 d
875 2786 1129 2846 liniatur.
1202 2783 1289 2844 Ab
1337 2792 1470 2844 artu
1516 2782 1791 2863 artubuS,
1838 2782 1911 2841 ab
1959 2790 2084 2842 arte
2132 2781 2390 2864 artibus3
2448 2783 2718 2845 similiter
2765 2785 2838 2845 ab
2885 2805 3026 2848 arcu

421 2889 704 2971 arcubuS‚
760 2890 832 2950 ab
890 2911 1025 2952 arce
1072 2891 1310 2959 arcibus
1355 2888 1673 2950 dicendum
1720 2899 1829 2949 est.
1920 2889 2113 2967 Aeger
2160 2890 2385 2970 anime,
2431 2900 2710 2968 aegrotus
2756 2910 3028 2976 corpore,

422 3006 737 3076 utrumque
793 3017 901 3078 per
957 2998 1363 3079 diphthongon
1421 2995 1721 3056 scribitur.
1805 2994 1960 3055 Alibi
2016 2996 2128 3054 alio
2184 2994 2344 3077 loco,
2399 2996 2541 3056 alias
2588 2997 2701 3057 alio
2760 3008 3026 3080 tempore

344 3114 393 3153 1⁵
421 3105 723 3183 significat.
809 3105 927 3165 Aer
972 3105 1319 3185 disyllabum
1368 3110 1460 3162 est
1507 3112 1565 3162 et
1613 3121 1730 3162 non
1778 3101 1958 3161 habet
2014 3100 2300 3180 pluralem
2348 3120 2662 3164 numerum
2721 3107 2834 3165 nisi
2890 3124 3028 3169 aera

418 3217 672 3291 tantum,
741 3230 840 3271 aes
896 3211 1359 3291 monosyllabum
1417 3218 1523 3269 est.
1630 3209 1880 3288 Ausere,
1945 3207 2001 3269 id
2059 3217 2151 3267 est
2216 3207 2418 3269 abfero
2477 3207 2514 3267 h
2570 3211 2630 3269 in
2688 3230 2727 3270 u
2786 3222 3024 3274 mutata.

416 3315 566 3376 Acer
616 3318 755 3377 facit
801 3317 1107 3397 pluraliter
1153 3319 1301 3397 acri,
1348 3318 1501 3375 acris
1547 3314 1855 3395 pluraliter
1901 3314 2040 3374 facit
2086 3332 2270 3374 acres.
2354 3315 2439 3375 Ad
2488 3321 2846 3396 praepositio
2894 3339 3023 3382 cor-

418 3425 740 3505 rumpitur,
795 3426 845 3484 si
900 3442 1158 3503 sequens
1216 3423 1460 3483 verbum
1521 3441 1552 3481 a
1601 3428 1964 3482 consonante
2022 3423 2255 3501 incipit,
2313 3431 2378 3483 ut
2435 3426 2675 3504 apponit
2731 3430 3023 3489 ammittit.

415 3529 605 3589 Alium
645 3539 706 3589 et
742 3529 965 3591 dolium
1001 3550 1110 3611 per
1148 3533 1167 3591 i
1205 3529 1544 3591 scribenda:
1583 3526 1876 3606 Vergilius
1913 3519 2137 3609 (bucol.
2165 3528 2226 3602 2,
2254 3521 2361 3611 ΙΙ)
2401 3523 2570 3591 ‘alia
2607 3533 3020 3612 serpillum·
3103 3583 3113 3594 .

591 3701 635 3755 S
669 3704 835 3757 codex
872 3702 1249 3773 Sanyalleusis
1284 3706 1398 3757 249

594 3780 665 3833 Μ
700 3783 869 3837 codex
906 3783 1448 3852 Montepessulanus.
1464 3783 1519 3833 H
1551 3784 1662 3834 306

584 3879 627 3929 p
665 3863 833 3916 editio
870 3862 1119 3918 Putschii
1154 3880 1222 3916 ex
1258 3862 1437 3916 codice
1472 3859 1744 3914 Beruensi
1779 3866 1896 3917 338
1931 3877 2186 3930 expressa

626 3948 900 4004 INCIPIT
939 3946 1463 4005 ORTOGRAPHIA
1502 3948 1749 4003 ALBINI
1786 3949 2142 4005 MAGISTRI
2178 3953 2384 4007 codices
2413 3953 2804 4008 Laudmoensis
2831 3959 2940 4011 448
2974 3962 3023 4011 et

412 4029 708 4084 Parisinus
753 4034 924 4098 4841,
972 4029 1126 4084 Beda.
1171 4029 1440 4083 Sacerdos
1486 4029 1556 4082 de
1602 4029 2005 4100 orthographia
2044 4048 2115 4099 p,
2163 4046 2263 4085 om.
2303 4030 2426 4085 SM
2562 4038 2594 4086 2
2631 4032 2722 4087 Me
2760 4034 2916 4104 legat
2951 4067 3021 4076 —-

412 4113 633 4178 patrum
670 4111 876 4164 codices
914 4109 1307 4164 Laudunensis
1343 4113 1452 4163 448
1499 4109 1794 4164 Parisinus
1830 4114 1972 4163 4841
2021 4110 2319 4164 Ber-nensis
2360 4116 2490 4178 338,
2536 4112 2626 4166 Me
2672 4112 2829 4182 legat
2876 4114 3019 4169 anti-

413 4207 551 4259 quas
590 4190 691 4260 qui
727 4191 853 4245 uult
889 4189 1037 4260 (uult
1072 4187 1172 4258 qui
1202 4190 1303 4258 Μ)
1342 4190 1588 4257 proferre
1626 4190 1882 4258 loquelas
1910 4205 2000 4243 me
2028 4190 2125 4257 qui
2154 4205 2266 4243 non
2294 4190 2547 4260 sequitur
2573 4191 2699 4245 uult
2735 4193 2855 4247 sine
2892 4193 3019 4264 lege

410 4269 567 4339 loqui
615 4270 691 4324 Μ
737 4271 944 4325 codices
989 4269 1289 4324 Ber-nensis
1335 4273 1445 4322 330
1492 4274 1541 4322 et
1577 4269 1877 4323 Parisinus
1923 4274 2087 4336 7533,
2133 4286 2233 4325 om.
2274 4270 2318 4324 S
2460 4278 2494 4325 4
2541 4271 2815 4326 Aeternus
2862 4275 3019 4328 aetas

413 4347 668 4417 aequitas
695 4365 904 4419 aequus
932 4348 989 4404 id
1021 4351 1106 4403 est:
1130 4348 1310 4403 iustus
1338 4364 1436 4417 per
1465 4349 1575 4404 duo
1603 4369 1640 4404 3
1668 4351 1761 4406 sed
1800 4352 1994 4406 tamen
2022 4351 2159 4405 haec
2187 4350 2376 4405 omnia
2407 4351 2481 4404 Μ
2599 4357 2630 4405 6
2659 4368 2860 4406 accuso
2889 4352 3023 4408 SM

483 4434 513 4481 7
553 4444 721 4497 saepe
758 4428 831 4484 ad
866 4447 909 4497 p
948 4446 1113 4498 saepe
1150 4429 1223 4483 ab
1262 4427 1391 4482 SM
1532 4435 1564 4484 9
1603 4446 1850 4499 appareo
1883 4429 1980 4498 [ιδ’
2015 4447 2229 4500 apparo
2269 4431 2342 4483 M
2487 4438 2546 4484 11
2589 4429 2848 4485 similiter
2884 4430 3017 4487 scri-

411 4507 656 4562 bendum
701 4511 788 4564 est
832 4509 961 4563 SM
1008 4507 1342 4579 simpliciter
1385 4507 1679 4562 scribenda
1724 4512 1811 4562 est:
1847 4527 1893 4576 p
2075 4515 2141 4563 14
2188 4527 2288 4579 per
2323 4527 2389 4565 33
2434 4509 2824 4580 diphthongon
2859 4511 3019 4567 Beda

410 4606 461 4655 p.
492 4593 632 4653 262,
671 4594 744 4643 18
855 4594 920 4642 15
957 4590 1089 4657 Aer]
1124 4588 1468 4643 scribendum
1504 4594 1622 4643 erat
1648 4591 1841 4659 potius
1880 4591 1989 4643 Aer
2024 4589 2361 4658 disyllabum
2400 4594 2511 4658 est,
2549 4606 2644 4644 aes
2681 4591 3017 4659 monosylla-

416 4670 545 4723 Bum
573 4671 632 4723 et
658 4684 770 4723 non
798 4668 971 4724 habet
1006 4667 1281 4737 pluralem
1311 4685 1604 4723 numerum
1642 4669 1751 4724 nisi
1788 4686 1920 4723 aera.
1956 4672 2192 4724 tantum.
2248 4670 2342 4724 sed
2375 4675 2690 4739 corruptam
2729 4670 2792 4723 in
2820 4672 3017 4726 codici·

304 4754 307 4757 ’
415 4746 514 4801 bus
547 4746 734 4802 Bodas
767 4748 1100 4816 scripturam
1131 4765 1191 4815 p.
1229 4752 1370 4813 262,
1407 4751 1475 4800 31
1514 4748 1708 4802 habuit
1743 4750 1984 4803 Albinus
2130 4752 2194 4802 18
2247 4748 2484 4819 apponis
2522 4748 2796 4804 ammittis
2839 4752 2910 4804 M

420 4830 481 4879 19
508 4825 639 4880 Alia
664 4829 724 4881 et
749 4827 938 4881 dolum
968 4825 1111 4896 peri
1140 4825 1432 4881 scribenda.
1460 4828 1525 4881 ut
1552 4826 1821 4897 uergilius
1848 4827 1962 4883 alia
1990 4828 2401 4901 serpellumque
2431 4831 2553 4901 (om.
2574 4847 2674 4902 ρει·
2700 4830 2721 4886 i
2749 4830 2913 4901 dixit)
2947 4833 3018 4888 Μ

485 4904 682 4959 allium
721 4937 783 4946 —
823 4905 959 4962 allia.
995 4907 1038 4961 S
