3613 5528
659 425 744 489 32
1636 422 1989 478 TERENTII
2028 421 2292 478 SCAVRI

659 538 702 574 p.
732 527 851 567 2263.
879 528 934 567 64
958 525 1008 564 P.

661 618 722 672 et
766 598 965 691 po‘tius
1012 610 1129 669 dici
1175 617 1411 688 oportet
1459 603 1638 686 ‘legi'
1687 625 1864 686 quam
1913 602 2123 688 ‘dici',
2179 615 2384 668 contra
2431 625 2532 666 eas
2581 605 2806 667 litteras
2853 625 2971 667 non
3025 614 3270 686 spectat.

663 712 718 776 ‘a
765 719 957 798 capite
1003 711 1262 795 dempta'
1311 717 1412 795 qui
1461 724 1689 796 vocant,
1736 713 1887 775 male
1934 712 2248 795 appellant,
2294 713 2452 793 quod
2501 722 2641 776 sunt
2677 714 2751 775 de
2790 716 2980 795 capite
3018 713 3276 795 dempta,

663 841 779 884 non
827 841 859 882 a
906 824 1113 902 capite.
1190 817 1291 882 ‘ad
1341 830 1518 902 caput
1566 816 1863 882 additum’
1911 829 2074 882 recte
2122 821 2365 902 dicitur,
2422 823 2473 881 si
2530 830 2622 882 est
2676 830 2841 883 extra
2889 829 3067 901 caput
3113 822 3269 902 quod

660 929 912 991 additur.
997 931 1100 1009 qui
1162 928 1601 990 transscribunt
1654 927 1912 1009 tabulas,
1969 945 2085 988 non
2142 926 2516 1010 describunt,
2581 929 2684 990 sed
2741 928 3112 991 exscribunt:
3174 930 3276 1007 qui

661 1036 862 1116 quales
909 1039 1031 1098 sint
1077 1035 1366 1117 scribunt,
1411 1037 1454 1096 ii
1500 1034 1865 1097 describunt.
1941 1053 1974 1095 a
2020 1052 2199 1095 scena
2247 1038 2407 1096 venit
2451 1043 2769 1118 spectator,
2816 1056 2849 1098 e
2897 1054 3072 1097 scena
3112 1037 3273 1096 venit
3301 1046 3327 1086 ⁵

660 1144 763 1222 qui
809 1146 955 1228 egit3
997 1141 1008 1220 Ι
1060 1152 1269 1204 contra
1315 1150 1613 1222 spectator
1660 1162 1691 1203 e
1738 1142 1999 1222 theatro,
2055 1160 2087 1201 a
2132 1141 2364 1203 theatro
2410 1152 2594 1204 actor.
2666 1143 2739 1204 de
2788 1161 2963 1205 scena
3010 1142 3275 1223 loquitur

660 1253 765 1330 qui
810 1250 883 1311 de
932 1269 1017 1331 ea,
1063 1249 1213 1311 bene
1261 1268 1335 1310 an
1383 1249 1531 1310 male
1580 1258 1785 1310 ornata
1833 1252 1937 1330 sit,
1984 1248 2265 1328 loquitur.
2341 1251 2404 1310 in
2453 1268 2628 1311 scena
2676 1253 3023 1329 pronuntiat
3067 1258 3276 1312 actor:

659 1359 762 1437 qui
818 1356 931 1418 boc
987 1356 1145 1418 idem
1202 1356 1480 1419 subtilius
1534 1356 1659 1417 vult
1719 1357 1951 1437 dicere,
2007 1375 2124 1418 non
2181 1360 2244 1417 in
2305 1375 2510 1438 scena,
2568 1357 2672 1418 sed
2727 1377 2836 1438 pro
2904 1378 3080 1420 scena
3135 1359 3279 1421 dicit

660 1467 1047 1544 pronuntiare
1101 1472 1382 1526 actorem.
1464 1481 1599 1524 nam
1655 1481 1831 1524 scena
1889 1464 2181 1543 significat
2233 1482 2444 1543 graece
2505 1463 2742 1527 domus:
2804 1482 2942 1527 cum
3003 1483 3036 1525 e
3099 1482 3277 1525 scena

661 1580 828 1633 actor
874 1574 1043 1654 exiit,
1098 1573 1257 1632 venit
1304 1573 1362 1631 in
1409 1570 1705 1650 pulpitum
1751 1588 1821 1630 ac
1866 1569 2253 1632 vestibulum:
2303 1588 2424 1647 pro
2472 1589 2649 1632 scena
2694 1574 2894 1652 itaque
2956 1578 3121 1632 actor
3170 1579 3277 1632 est.
3309 1581 3359 1620 ¹⁰

662 1698 800 1741 cum
858 1698 930 1739 eo
987 1680 1170 1759 venit,
1224 1677 1477 1738 dicimus
1520 1676 1792 1757 prodire,
1849 1679 1950 1756 qui
2007 1676 2181 1737 domo
2240 1678 2472 1738 excedit
2527 1678 2883 1760 procedere,
2938 1681 3041 1758 qui
3090 1697 3162 1739 ex
3211 1696 3278 1739 ea

662 1787 801 1865 quid
864 1786 1028 1847 ducit
1084 1783 1435 1864 producere.
1519 1802 1629 1862 pro
1684 1784 1900 1844 rostris
1954 1783 2071 1843 dici
2128 1790 2394 1863 oportet,
2449 1801 2584 1845 cum
2631 1785 2683 1843 is
2741 1786 2845 1863 qui
2902 1784 3292 1846 contionatur·

662 1894 735 1952 iis
782 1892 943 1973 dicit,
990 1893 1093 1972 qui
1140 1898 1275 1952 ante
1314 1899 1509 1951 rostra
1548 1898 1714 1952 sunt:
1761 1909 1870 1969 pro
1910 1892 2070 1951 enim
2107 1897 2167 1951 et
2202 1898 2338 1951 ante
2375 1890 2532 1951 idem
2572 1892 2920 1971 significant.
2981 1894 3044 1951 in
3083 1900 3277 1952 rostra

668 1998 955 2081 ascendit,
1001 2017 1034 2059 e
1083 2001 1296 2059 rostris
1342 1997 1668 2079 descendit,
1715 1998 1788 2058 de
1837 2000 2051 2058 rostris
2097 1997 2242 2058 dicit
2287 1999 2391 2076 qui
2438 2016 2505 2059 ea
2552 1999 2725 2059 cuius
2761 1998 2919 2059 modi
2959 2002 3080 2059 sint
3116 1998 3276 2060 dicit.

661 2107 722 2166 in
781 2107 1056 2166 contione
1115 2114 1258 2186 stat,
1319 2123 1350 2164 e
1407 2106 1683 2166 contione
1740 2107 1927 2184 venit,
1991 2103 2063 2164 de
2126 2105 2403 2164 contione
2460 2103 2619 2165 dicit.
2704 2106 2975 2166 scribunt
3036 2105 3274 2184 quidam
3304 2115 3355 2154 15

664 2206 927 2273 ‘litterae
975 2213 1143 2274 datae
1192 2232 1225 2273 e
1275 2211 1454 2272 Gallia
1469 2206 1507 2293 ⁹,
1553 2214 1696 2272 item
1743 2210 1947 2292 Roma,
1992 2211 2219 2272 vitiose.
2294 2230 2429 2272 narn
2478 2211 2595 2271 dici
2646 2220 2884 2292 oportet
2930 2208 3020 2272 ‘in
3061 2207 3279 2272 Gallia'

667 2326 727 2378 et
773 2312 1075 2381 ‘Romae'.
1159 2320 1375 2381 dantur
1423 2321 1578 2380 enim
1626 2320 1688 2378 in
1736 2317 1894 2394 loco,
1943 2318 2274 2379 afferuntur
2320 2337 2353 2378 e
2400 2318 2560 2401 loco,
2618 2321 2889 2398 sequitur
2937 2328 3004 2380 ut
3050 2319 3271 2381 dentur

672 2426 732 2484 in
782 2425 962 2486 Gallia
1012 2406 1083 2488 et.
1117 2426 1353 2488 Romae.

850 2532 950 2591 Ex
978 2534 1337 2612 praepositio
1369 2549 1487 2592 non
1518 2549 1840 2610 numquam
1870 2550 1979 2612 per
2006 2550 2185 2592 unam
2212 2530 2469 2593 litteram
2501 2532 2810 2615 scribitur,
2840 2532 2942 2593 sed
2973 2551 3082 2613 per
3111 2533 3278 2593 dimi·

669 2641 1006 2722 nutionem,
1045 2649 1111 2701 ut
1150 2639 1333 2700 ebibit
1370 2658 1479 2719 pro
1520 2637 1757 2700 exbibit.
1806 2637 1878 2699 ab
1909 2637 2091 2700 Roma
2132 2641 2301 2701 venio
2341 2633 2761 2721 πλεονασμός
2797 2649 2890 2701 est
2926 2658 3035 2720 pro
3077 2639 3278 2699 Roma.
3308 2650 3360 2689 2⁰

845 2745 1174 2826 Singularis
1232 2764 1519 2808 numerus
1567 2763 1676 2825 per
1722 2762 1899 2806 unam
1947 2746 1968 2804 i
2014 2744 2272 2807 litteram
2319 2746 2628 2830 scribitur,
2683 2755 2752 2808 ut
2806 2746 3015 2809 docilis
3074 2746 3281 2828 facilis,

844 2969 907 3017 21
953 2962 1250 3034 singularis
1286 2981 1550 3020 numerus
1586 2979 1689 3033 per
1726 2979 1896 3017 unam
1932 2961 1952 3016 i
1989 2961 2238 3017 litteram
2267 2980 2327 3033 p.
2358 2968 2447 3030 19,
2477 2967 2512 3017 6

840 3165 872 3213 2
912 3158 1009 3228 qui
1046 3147 1254 3215 uocant
1286 3160 1343 3212 Β
1380 3177 1522 3229 quae
1560 3160 1768 3214 uocant
1804 3157 1908 3210 Ρω
2037 3165 2069 3213 3
2109 3158 2180 3212 ad
2217 3111 2644 3230 capud'aditum
2673 3162 2833 3229 (corr.
2858 3159 3110 3214 additum
3141 3159 3194 3227 b)
3223 3157 3278 3211 B
3307 3177 3310 3180 ·

807 3241 957 3309 quod
996 3239 1225 3295 additur
1262 3240 1405 3294 Pbm
1446 3241 1596 3310 quod
1634 3239 1822 3295 aditur
1856 3241 1912 3293 Β
2101 3245 2133 3294 5
2172 3240 2307 3311 sint]
2350 3244 2480 3296 suut
2515 3241 2684 3295 ΒΡω
2875 3239 2920 3295 ii
2956 3238 3281 3294 describunt

2536 3333 2560 3361 Θ

667 3373 978 3439 Putschiua,
1013 3372 1089 3427 id'
1126 3372 1385 3427 tribuunt
1411 3375 1466 3426 B
1506 3374 1563 3427 id
1601 3376 1686 3429 est
1719 3372 1975 3427 tribuunt
2012 3373 2114 3427 Ρω
2261 3379 2290 3427 7
2331 3374 2428 3442 qui
2466 3374 2571 3429 dea.
2605 3375 2661 3428 Β
2806 3375 2961 3428 actor
2989 3377 3116 3442 post
3151 3389 3278 3442 pro-

666 3452 892 3508 nuntiat
927 3470 1025 3508 om.
1066 3453 1264 3520 ΒΡω,
1303 3455 1430 3508 add.
1482 3453 1888 3507 Wilmannsius
2080 3459 2113 3507 8
2150 3469 2262 3508 non
2297 3453 2354 3507 in
2392 3472 2560 3510 scena
2596 3475 2638 3508 ω
2675 3470 2788 3509 non
2825 3470 2989 3509 scena
3024 3453 3145 3506 BP

665 3540 696 3586 9
735 3534 988 3587 autorem
1027 3548 1166 3587 corr.
1205 3536 1450 3588 actorem
1485 3532 1541 3585 Β
1685 3549 1815 3586 nam
1854 3548 2022 3587 scena
2057 3531 2340 3601 significat
2374 3552 2574 3604 graece
2613 3536 2811 3592 domus
2860 3534 3280 3598 Wilmannsiua,

665 3617 724 3670 in
753 3630 921 3669 scena
947 3612 1261 3682 significare
1289 3629 1453 3682 grece
1484 3612 1680 3667 domus
1708 3613 1831 3666 BP
1860 3612 1918 3666 in
1949 3628 2115 3667 scena
2142 3611 2523 3682 significanter
2549 3633 2750 3685 graece
2779 3618 2975 3671 domus
3013 3614 3282 3668 Usenerus

665 3713 791 3750 cum
828 3710 929 3748 om.
967 3693 1138 3746 ΒΡω
1288 3699 1354 3747 10
1392 3691 1532 3747 exiit
1566 3693 1620 3745 B
1658 3692 1776 3747 exit
1813 3693 1913 3746 Ρω
2059 3710 2158 3762 pro
2196 3711 2363 3749 scena
2413 3695 2833 3761 Wilmannsiu&
2871 3712 3037 3751 scena.
3071 3692 3195 3747 BP
3224 3691 3280 3746 iu

666 3790 832 3829 scena.
869 3793 912 3827 ω
1106 3775 1265 3828 actor
1302 3775 1390 3828 est
1426 3793 1468 3826 ω
1506 3775 1701 3827 auctor
1738 3776 1823 3828 est
1858 3789 1995 3828 corr.
2033 3775 2193 3827 actor
2229 3777 2316 3828 est
2350 3775 2405 3827 B
2442 3777 2723 3831 auctorem
2764 3775 2820 3829 P
3011 3780 3074 3827 11
3114 3774 3280 3827 domo

666 3853 887 3908 excedit
925 3873 966 3905 ω
1006 3852 1173 3908 domo
1211 3869 1277 3909 eo
1317 3853 1468 3907 cedit
1501 3852 1624 3906 BP
1742 3853 1839 3922 qui
1876 3870 1945 3908 ex
1982 3869 2050 3907 ea.
2085 3853 2221 3921 quid
2257 3854 2414 3910 ducit
2453 3856 2873 3924 Wilmannsius,
2913 3853 3102 3923 quiec
3131 3853 3283 3921 quod

669 3932 824 3987 ducit
860 3932 1028 3985 ΒΡω
1230 3937 1296 3985 12
1335 3948 1462 3986 cum
1498 3933 1571 4004 is]
1610 3950 1736 3987 cum
1776 3932 1864 3986 his
1900 3933 1956 3985 Β
2139 3933 2560 3996 contionaturus
2596 3936 2734 3990 dicit
2769 3936 2826 3989 Β
2865 3933 3281 3990 contionaturus

666 4012 755 4067 his
794 4011 932 4066 dicit
967 4012 1024 4064 P
1053 4013 1414 4069 concionatur
1450 4013 1537 4067 his
1576 4013 1717 4068 dicit
1753 4035 1794 4068 ω
2016 4018 2080 4067 13
2131 4015 2257 4084 pro]
2313 4031 2539 4083 prorsus
2574 4017 2699 4070 BP
2724 4032 2825 4086 pro
2862 4011 3057 4071 rostris
3096 4032 3138 4066 ω

666 4092 815 4147 idem
864 4091 1152 4162 significat·
1188 4094 1482 4161 Usamus,
1528 4093 1678 4147 idem
1726 4094 1857 4146 sunt
1891 4092 2063 4146 ΒΡω
2272 4091 2331 4146 in
2376 4095 2578 4166 rostra]
2626 4096 2685 4151 in
2731 4093 2961 4150 rostrasi
2991 4092 3069 4157 B,
3114 4092 3207 4146 sed
3257 4109 3284 4145 a

660 4173 961 4241 posteriore
997 4174 1110 4228 loco
1147 4174 1319 4228 deleta
1492 4179 1558 4227 14
1596 4172 1872 4242 ascendit]
1913 4172 2164 4226 escendit
2200 4172 2256 4224 P
2389 4180 2452 4227 15
2491 4174 2804 4229 inscribunt
2840 4172 3067 4242 quidam
3104 4169 3284 4225 literis

672 4252 852 4306 Datae
881 4268 912 4306 e
943 4251 1129 4306 Gallia
1163 4252 1301 4308 item
1338 4253 1397 4307 in
1432 4254 1616 4308 Roma.
1653 4273 1695 4306 ω
1732 4251 2047 4306 inscribunt
2083 4250 2310 4319 quidam
2349 4252 2529 4307 literis
2558 4269 2614 4307 e:
2654 4253 2822 4307 datae
2852 4270 2882 4307 e
2913 4251 3116 4319 Gallia,
3144 4251 3284 4306 item

666 4349 697 4387 e
742 4333 924 4386 Roma.
971 4331 1373 4387 Ivsilmannsius
1553 4333 1827 4402 scribunt]
1876 4329 2186 4384 inscribunt
2228 4331 2354 4384 BP
2528 4340 2593 4387 16
2639 4333 2845 4404 Roma]
2894 4331 3075 4385 Roma.
3122 4330 3178 4384 P
3221 4335 3284 4384 ut

663 4414 881 4467 videtwr
986 4428 1120 4466 nam
1148 4412 1197 4466 ei
1226 4411 1339 4466 dici
1369 4412 1425 4465 P
1451 4428 1584 4466 nam
1621 4412 1702 4467 sic
1739 4411 1851 4465 dici
1890 4430 1933 4464 ω
2045 4416 2110 4464 17
2149 4409 2360 4466 Romae
2390 4412 2593 4467 dantur
2630 4434 2672 4467 ω
2710 4412 2892 4466 Roma.
2926 4429 2957 4466 e
2995 4410 3199 4465 dantur
3236 4411 3293 4463 P

664 4492 847 4548 Roma.
876 4491 1159 4548 Ceduutur
1180 4492 1239 4546 B
1378 4498 1443 4546 18
1482 4493 1539 4547 in
1570 4491 1756 4547 Gallia
1784 4494 1843 4546 et
1868 4490 2051 4547 Roma
2089 4513 2131 4545 ω
2169 4493 2230 4546 in
2265 4491 2442 4560 gallia
2470 4496 2529 4547 et
2555 4491 2737 4548 Roma.
2770 4493 2826 4545 Β
2864 4492 2923 4545 in
2959 4491 3190 4561 galh‘lea
3227 4494 3287 4547 et

664 4573 847 4629 Roma
883 4574 939 4626 P
1158 4580 1223 4627 19
1263 4573 1346 4626 Ex
1384 4587 1483 4626 om.
1522 4571 1691 4624 ΒΡω
1893 4570 2231 4641 praepositio
2262 4602 2329 4611 —
2369 4572 2585 4627 exbibit
2617 4572 2836 4628 seclusit
2883 4572 3286 4626 Wilmannsius

739 4669 1156 4722 nonnumquam
1196 4672 1238 4705 ω
1276 4655 1619 4720 nnu'mquam
1655 4652 1749 4704 sed
1784 4651 1957 4705 deleta
1990 4654 2177 4721 priore
2211 4670 2248 4705 n
2284 4653 2340 4706 Β
2376 4670 2683 4722 numquam
2723 4652 2779 4704 P
2915 4658 2983 4705 20
3019 4667 3120 4720 pro
3159 4668 3282 4706 exc—

663 4732 814 4787 bibit
846 4733 902 4786 B
1048 4732 1120 4786 ab
1157 4731 1338 4787 Roma.
1374 4732 1519 4786 Pbm
1557 4731 1629 4786 ad
1666 4731 1847 4787 Roma,
1883 4734 1938 4786 Β
2080 4733 2561 4788 ΠΛΕΟΠΛΕΜΟ(
2598 4736 2687 4788 est
2723 4733 2774 4786 P
2810 4732 3285 4786 ΝΛΘΟΝΛΗΜΑ(

666 4815 752 4867 eet
784 4809 841 4864 Β
879 4807 1276 4882 μεταπλασμὸς
1314 4815 1398 4866 est
1433 4832 1475 4865 ω
1692 4817 1759 4866 21
1808 4830 1910 4882 per
1945 4831 2116 4867 unum
2155 4813 2171 4867 i
2211 4813 2461 4868 litteram
2499 4813 2617 4867 Ρω.
2687 4813 2959 4866 Varronis
2986 4817 3285 4882 praecepta

665 4894 920 4948 indicata
954 4896 1084 4947 aunt
1119 4907 1294 4961 supra
1321 4907 1385 4960 p.
1423 4897 1513 4959 19,
1550 4897 1586 4945 6
1730 4895 1795 4946 ut
1832 4898 1959 4947 ante
1996 4892 2193 4948 docilis
2231 4909 2331 4948 om.
2370 4893 2443 4960 B,
2482 4895 2610 4948 add.
2651 4893 2754 4946 Ρω
