3613 5528
1247 404 1597 460 EXEMPLA
1633 403 2166 460 ELOCVTIONVM
2883 399 3015 464 489

407 515 451 553 p.
479 504 572 545 248.
601 505 682 545 844
707 503 764 544 Ῑι.

409 599 613 652 tum.
670 589 850 651 kareo
914 588 1074 652 illius
1138 591 1253 663 rei,
1317 589 1451 651 Ter.
1519 588 1725 651 Heaut.
1785 591 1895 664 (II
1942 588 2113 662 4,19)
2180 607 2422 651 omnes
2486 588 2657 649 mihi
2722 586 3017 648 labores

410 697 706 759 fuerunt
753 716 930 778 quos
976 699 1136 777 cepi
1184 697 1406 779 leves,
1453 704 1960 778 praeterquam
2007 699 2114 759 tui
2160 696 2548 757 carendum
2592 695 2778 776 quod
2819 703 3015 755 erat.

587 804 812 885 Kaptus
858 804 967 866 hac
1015 823 1107 886 re,
1154 803 1325 883 Verg.
1371 820 1532 882 geor.
1581 803 1605 864 1
1655 805 1835 876 (183)

924 919 1046 973 aut
1091 909 1324 973 oculis
1372 912 1567 990 capti
1615 909 1861 971 fodere
1911 909 2185 971 cubilia
2232 909 2496 992 talpae,

330 1032 358 1073 ⁶
413 1017 526 1080 Sal.
555 1019 693 1081 hist.
725 1019 803 1080 111
835 1019 1328 1098 collegamque
1368 1020 1525 1079 eius
1555 1016 1929 1078 Octavium
1969 1007 2205 1078 mitem
2245 1024 2315 1078 et
2352 1025 2633 1097 captum
2670 1014 3020 1096 pedibus.

588 1126 752 1187 Khao
799 1146 908 1207 pro
956 1146 988 1187 e
1035 1125 1227 1207 Khao,
1275 1123 1446 1205 Verg.
1494 1143 1653 1204 geor.
1703 1124 1812 1184 1111
1860 1125 2056 1197 (347)

772 1242 983 1314 atque
1032 1232 1219 1294 Chao
1266 1232 1527 1295 densos
1575 1231 1809 1294 divum
1858 1230 2282 1293 numerabat
2327 1249 2604 1293 amores
2650 1278 2664 1292 .

590 1341 812 1402 Kassus
856 1340 966 1402 hac
1004 1359 1099 1421 re,
1159 1340 1333 1416 Perq.
1372 1340 1513 1400 Aen.
1553 1338 1605 1399 11
1644 1339 1785 1426 (85)
1835 1357 2025 1400 nunc
2072 1357 2350 1401 cassum
2396 1339 2664 1400 lumine
2711 1337 2977 1417 lugent.
3010 1331 3019 1422 Ι

588 1447 852 1510 Klaudus
908 1447 1015 1507 hac
1071 1465 1163 1529 re,
1234 1447 1407 1521 Verq.
1463 1445 1606 1506 Aen.
1663 1444 1710 1504 V
1764 1445 1954 1518 (278)
2009 1463 2174 1526 pars
2236 1444 2534 1507 vulnere
2600 1443 2854 1507 klauda
2912 1463 3021 1506 re-

337 1567 388 1608 10
414 1563 704 1617 tentat.

589 1661 792 1723 Kalleo
848 1661 1021 1742 illud,
1084 1660 1217 1721 Ter.
1273 1659 1434 1721 Adel.
1490 1660 1629 1733 (11
1680 1660 1849 1732 1,17)
1906 1677 2033 1738 ego
2098 1658 2306 1720 illius
2371 1677 2655 1720 sensum
2722 1657 3023 1738 pulchre

415 1771 643 1832 calleo
692 1818 706 1830 .

590 1877 771 1939 Kalco
818 1875 959 1956 huc,
1009 1873 1178 1953 Verg.
1226 1893 1385 1954 geor.
1433 1873 1486 1934 11
1533 1874 1722 1949 (243)

732 1983 868 2045 huc
915 2000 1081 2062 ager
1125 1980 1250 2043 ille
1296 1980 1518 2043 malus
1565 1980 1962 2060 dulcesque
2009 1998 2042 2041 a
2088 1978 2417 2041 fontibus
2465 1979 2694 2042 undae

338 2104 389 2144 15
733 2090 815 2150 ad
861 2089 1147 2170 plenum
1193 2087 1569 2149 calcentur
1617 2134 1630 2148 .

598 2196 895 2259 Kausatus
933 2194 1084 2257 hanc
1123 2213 1278 2275 rem,
1316 2192 1430 2254 Sal.
1469 2193 1603 2255 hist.
1643 2192 1688 2250 V
1727 2192 1846 2254 sed
1897 2191 2016 2254 uhi
2064 2191 2187 2253 ille
2234 2193 2538 2257 militum
2588 2193 3024 2256 voluntatem

417 2315 762 2367 causatus
808 2352 822 2365 .

593 2411 759 2473 Klam
817 2410 932 2473 illis
979 2421 1143 2473 tenet
1190 2408 1306 2489 [et]
1356 2428 1528 2491 usim,
1584 2408 1686 2469 sed
1746 2409 1954 2470 vitiose
2000 2428 2017 2470 ε
2066 2407 2400 2470 clanculum
2456 2407 2614 2490 illos,
2669 2408 2806 2470 Ter.
2864 2408 3025 2470 Adel.

418 2522 489 2594 (I
529 2520 700 2598 1,27)

338 2640 394 2680 2⁰
1607 2632 1975 2705 postremo
2022 2622 2146 2684 alii
2193 2623 2599 2686 clanculum

788 2743 1035 2816 patres
1082 2751 1268 2810 quae
1314 2733 1620 2814 faciunt,
1665 2749 1845 2812 quae
1894 2731 2037 2793 sert
2083 2729 2583 2794 adolescentia
2630 2778 2643 2792 .

594 2840 761 2901 Ludo
808 2841 966 2903 illam
1015 2859 1169 2921 rem,
1215 2840 1381 2921 Verg.
1422 2839 1555 2901 buc.
1596 2840 1795 2912 (1.10)
1844 2837 2091 2899 ludere
2141 2857 2316 2919 quae
2364 2838 2641 2919 vellem,
2689 2838 2844 2899 idem
2882 2839 3024 2900 Aen.

421 2948 574 3008 Vllll
622 2949 808 3021 (335)
873 2948 996 3009 illa
1061 2950 1183 3028 qui
1245 2948 1556 3029 plurima
1620 2955 1830 3008 nocte
1897 2946 2199 3029 luserat,
2260 2945 2396 3007 Ter.
2452 2946 2602 3007 Eun.
2661 2947 2805 3019 (III
2852 2946 3026 3021 5,38)

420 3064 489 3116 et
557 3057 722 3135 quia
786 3055 1231 3117 consimilem
1296 3055 1572 3117 luserat
1634 3057 1768 3114 iam
1837 3053 2004 3115 olim
2062 3053 2185 3114 ille
2242 3052 2483 3115 ludum
2532 3102 2546 3116 .
2593 3052 2733 3114 ludo
2790 3052 2886 3114 illa
2944 3072 3028 3135 re,

338 3174 392 3215 ιο
422 3162 589 3243 Verg.
636 3181 796 3243 geor.
843 3162 896 3222 11
943 3163 1132 3237 (386)

845 3268 1186 3331 versibus
1232 3271 1621 3349 incomptis
1669 3268 1933 3330 ludunt
1979 3270 2279 3348 risuque
2327 3267 2596 3351 soluto,

421 3375 538 3436 Cic.
587 3375 795 3457 Philip.
843 3375 894 3435 ΙΙ
942 3375 1194 3450 (23,56)
1240 3378 1361 3456 qui
1410 3394 1547 3436 non
1593 3374 1969 3436 dubitaret
2013 3373 2124 3435 vel
2172 3375 2327 3435 foro
2374 3375 2529 3436 alea
2578 3374 2831 3437 ludere
2879 3426 2892 3439 .

598 3481 844 3562 Largior
872 3482 1023 3543 hanc
1063 3501 1207 3566 rem,
1248 3480 1633 3563 Symmachus
1669 3483 1741 3543 ad
1771 3482 2171 3544 Theodosium
2202 3481 2345 3563 imp.
2375 3482 2615 3544 solere
2652 3484 3030 3563 principes

423 3588 601 3650 bona
649 3589 864 3652 verba
915 3589 1184 3670 largiri.

341 3713 396 3752 so
599 3695 926 3757 Lacessunt
1006 3695 1103 3757 illa
1185 3714 1277 3772 re,
1360 3694 1528 3776 Verg.
1602 3696 1745 3757 Aen.
1830 3695 1930 3756 Vll
2014 3697 2200 3772 (165)
2283 3716 2647 3778 cursuque
2730 3698 3028 3776 ictuque

422 3802 796 3865 lacessunt
841 3850 855 3864 .
902 3802 1203 3866 lacessunt
1250 3803 1407 3865 illam
1454 3821 1612 3885 rem,
1658 3803 1817 3865 idem
1864 3802 2008 3864 Aen.
2055 3803 2100 3864 V
2149 3805 2337 3879 (429)

600 3912 1155 3990 immiscentque
1204 3928 1451 3972 manus
1499 3908 1827 3971 manibus
1873 3928 2324 3992 pugnamque
2373 3911 2747 3973 lacessunt
2793 3958 2807 3972 .

599 4016 916 4080 Litandum
962 4016 1058 4078 illa
1105 4036 1199 4101 re,
1244 4017 1413 4096 Verg.
1459 4018 1603 4079 Aen.
1651 4015 1703 4076 ΙΙ
1751 4017 1926 4090 (118)
1984 4020 2355 4098 animaque
2412 4017 2766 4081 litandum
2811 4019 3027 4098 Argo-

424 4124 562 4187 lica
610 4172 623 4185 .
671 4125 851 4187 litatis
896 4124 1012 4187 illis
1059 4125 1267 4205 rebu8‚
1313 4124 1468 4186 idem
1515 4124 1659 4185 Aen.
1709 4122 1816 4183 1111
1865 4124 2012 4196 (50)
2060 4128 2436 4205 sacrisque
2484 4123 2719 4187 litatis
2765 4173 2779 4186 .

604 4325 785 4380 Codex
823 4324 1123 4379 Parrhasii
1193 4327 1226 4376 8
1265 4322 1431 4393 Verg.
1469 4337 1590 4389 om„
1626 4323 1752 4377 item
1787 4328 1824 4377 9
1978 4329 2010 4377 9
2047 4323 2201 4395 pars]
2238 4341 2342 4394 par
2496 4330 2556 4378 11
2600 4324 2761 4379 Kalle
2798 4323 2939 4378 illud

428 4411 493 4459 13
530 4404 707 4460 Kalos
742 4405 873 4460 huic
1017 4404 1096 4476 ΙΙ]
1127 4403 1151 4455 Ι
1296 4408 1361 4457 16
1398 4401 1682 4458 Kausatur
1715 4419 1854 4459 corr.
1887 4435 1949 4443 —
1988 4423 2053 4460 us
2086 4407 2272 4475 priore
2307 4405 2421 4460 loco
2567 4410 2633 4459 18
2669 4406 2766 4460 sed
2801 4404 3028 4479 vitiose]

425 4483 651 4540 servitio
690 4527 704 4540 .
742 4485 841 4540 sed
984 4491 1052 4538 21
1091 4500 1236 4554 quae
1264 4484 1457 4553 priore
1493 4487 1608 4541 loco
1643 4500 1744 4540 om.
1891 4489 1958 4538 23
1997 4484 2236 4540 Iusserat
2264 4485 2457 4553 priore
2492 4485 2607 4540 loco

600 4653 632 4701 2
687 4646 849 4717 coepi
904 4645 1325 4701 Lindemanmoe
1484 4650 1550 4698 14
1595 4643 1727 4699 huic
1782 4661 1918 4715 ager
1961 4643 2061 4699 ille
2104 4645 2286 4701 malus
2331 4644 2633 4714 dulcesque
2680 4643 2738 4698 in
2784 4643 3033 4700 fontibus

422 4727 606 4782 unda-e
651 4727 724 4783 ad
769 4727 999 4797 plenum
1046 4727 1331 4781 calcentur
1377 4740 1443 4780 ex
1489 4724 1541 4779 G
1584 4725 1757 4779 edidit
1802 4725 2226 4781 Lindemann&
2397 4731 2463 4780 18
2509 4724 2677 4779 Klam
2724 4724 2838 4779 inis
2873 4727 3034 4781 tenet

421 4824 582 4877 usus,
619 4808 716 4863 sed
753 4807 983 4875 vitiose,
1021 4806 1340 4861 klaneulum
1379 4805 1508 4861 illos
1545 4804 1966 4859 Lindmannus
2003 4847 2017 4860 .
2052 4805 2285 4872 fortasse
2320 4804 2420 4860 sed
2458 4803 2721 4860 vitiosum
2757 4806 2846 4859 est

422 4894 492 4943 23
530 4889 654 4960 qui]
692 4905 837 4958 quae
877 4886 1011 4941 ΜΘ
1153 4892 1220 4941 27
1259 4886 1350 4942 vel
1384 4886 1444 4941 in
1481 4884 1603 4942 foro
1642 4885 1828 4941 Cicero

528 4996 1101 5030 ιιιιιιιιιιιιιιι
1105 4996 1157 5027 ¹1.
2535 4980 2604 5028 32
