3613 5528
632 414 765 479 424
1763 412 2107 470 DOSITHEI

635 529 678 565 p.
709 514 775 554 52.
802 515 855 555 ss
882 514 941 555 Η.

943 600 1272 679 ignavum
1318 600 1524 660 fucos
1568 618 1792 680 pecus
1840 618 1873 661 a
1919 597 2399 681 praesepibus
2446 609 2725 661 arcent:

942 716 1064 768 aut
1107 714 1270 768 ante
1316 725 1437 767 ora
1483 705 1685 769 deum
1733 710 2029 787 pinguis
2078 708 2442 788 spatiatur
2488 707 2568 767 ad
2614 725 2800 783 aras,

635 814 808 875 modo
856 812 1079 894 fundit,
1125 813 1299 875 modo
1347 816 1662 894 spatiatur:
1763 859 1778 876 .
2586 809 2591 821 '

1376 929 1496 982 aut
1542 929 1785 1001 raptas
1834 919 2613 1000 fugientibusingerit
2655 920 2919 982 hastas.

1498 1165 1617 1230 DE
1681 1165 2369 1234 INTERIEOTIONE
3292 1182 3318 1222 ⁵

809 1314 1147 1376 Interiectio
1196 1322 1287 1375 est
1330 1331 1469 1394 pars
1514 1315 1799 1375 orationis
1847 1315 2185 1395 significans
2232 1316 2506 1377 affectum
2554 1315 2732 1376 animi
2771 1362 2785 1376 .
2832 1314 2992 1374 vario
3038 1320 3237 1373 autem

634 1423 852 1484 affectu
889 1441 1217 1485 movemur:
1263 1430 1366 1483 aut
1402 1423 1560 1484 enim
1598 1421 1876 1508 laetjtiam
1918 1423 2344 1505 significamuS,
2391 1431 2457 1484 ut
2494 1440 2562 1482 va
2601 1440 2773 1504 evax,
2817 1428 2918 1482 aut
2955 1417 3239 1500 dolorem,

633 1538 701 1590 ut
745 1546 848 1589 vae
894 1527 1042 1610 heu,
1088 1536 1190 1589 aut
1234 1529 1733 1610 ammirationem,
1772 1525 1782 1611 Ι
1826 1537 1890 1590 ιιι
1935 1527 2119 1590 babae
2167 1528 2319 1590 eheu
2367 1577 2381 1592 .
2429 1547 2500 1590 ex
2554 1528 2648 1590 his
2702 1528 2899 1607 colligi
2955 1526 3237 1606 deinceps

634 1634 730 1695 alii
778 1641 974 1697 motus
1020 1636 1352 1696 animorum
1408 1644 1659 1715 possunt
1705 1684 1718 1697 .
1767 1654 1916 1716 apex
1973 1634 2210 1697 Donati:
2267 1643 2367 1698 aut
2421 1637 2770 1719 metuentis,
2824 1643 2892 1696 ut
2955 1635 3011 1695 ei
3066 1641 3238 1714 attat3

634 1751 735 1804 aut
781 1744 1065 1824 optantiS,
1111 1750 1179 1804 ut
1223 1761 1258 1802 o
1304 1743 1529 1803 utinam
1579 1790 1593 1804 .
1641 1741 1744 1804 sed
1790 1742 1937 1803 haec
1976 1742 2185 1803 Graeci
2229 1741 2507 1803 adverbio
2545 1741 2864 1823 applicant,
2909 1740 3065 1820 quod
3105 1740 3238 1802 ideo
3270 1757 3322 1795 ιο

635 1848 824 1912 Latini
889 1869 1007 1911 non
1075 1851 1324 1933 faciunt,
1398 1851 1532 1930 quia
1609 1849 1857 1912 huiusce
1934 1850 2091 1911 modi
2167 1867 2342 1909 voces
2408 1866 2524 1910 non
2590 1851 2790 1912 statim
2854 1846 3240 1927 subsequitur

633 1957 879 2019 verbum
937 2005 950 2019 .
1007 1956 1146 2019 licet
1201 1953 1397 2020 au'tem
1453 1977 1563 2038 pro
1619 1959 2034 2020 interiectione
2101 1947 2206 2034 [τό
2263 1965 2461 2018 autem
2514 1947 3002 2039 παρενθέσεως]
3061 1957 3239 2016 etiam

633 2063 775 2126 alias
829 2072 1029 2146 partes
1083 2067 1370 2127 orationis
1426 2065 1685 2145 singulas
1740 2063 2017 2146 pluresve
2073 2062 2437 2145 subponere,
2494 2071 2562 2126 ut
2607 2064 2800 2146 uerae,
2854 2081 2964 2144 pro
3012 2064 3176 2125 nefas
3222 2111 3237 2124 .

638 2180 919 2233 accentus
966 2173 1026 2231 iu
1074 2171 1568 2233 interectionibus
1605 2173 1754 2233 certi
1792 2190 1926 2232 esse
1965 2189 2083 2232 non
2122 2180 2400 2252 possunt,
2445 2180 2513 2232 ut
2552 2172 2675 2232 l'ere
2712 2173 2773 2232 in
2812 2168 2940 2231 aliis
2978 2171 3243 2253 vocibus»,

636 2297 783 2359 quas
829 2278 1159 2340 inconditas
1206 2280 1556 2340 invenimus,
3266 2290 3321 2331 ¹5

1736 2415 2145 2483 EXPLICIT

1701 2560 2179 2571 ffl-——m--ae

813 2687 984 2752 Venit
1028 2689 1172 2752 mihi
1219 2692 1280 2752 in
1328 2698 1588 2753 mentem
1632 2690 1813 2751 huius
1860 2692 1977 2773 rei,
2040 2689 2226 2771 pudet
2281 2708 2372 2750 me
2433 2690 2677 2773 amoris,
2741 2691 2904 2770 piget
2965 2707 3056 2750 me
3104 2705 3239 2770 pro-

637 2801 935 2882 fectionis»,
991 2798 1188 2861 taedet
1241 2817 1336 2859 me
1392 2800 1806 2879 meretricum,
1871 2800 2115 2859 miseret
2181 2816 2273 2859 me
2341 2799 2527 2881 seniS,
2589 2798 2844 2859 interest
2900 2816 3030 2859 mea
3092 2796 3240 2857 haec

635 2924 762 2988 reS‚
815 2909 1066 2968 interest
1112 2924 1271 2988 mea,
1327 2907 1577 2967 interest
1622 2906 1752 2966 eius
1799 2912 1860 2965 et
1906 2906 2093 2966 refert
2138 2902 2323 2987 illius,
2376 2905 2629 2966 interest
2683 2911 2745 2965 et
2797 2905 2984 2965 refert
3036 2912 3241 2965 nostra

635 3021 829 3075 vestra
876 3012 1139 3094 illorum3
1187 3029 1332 3091 egeo
1381 3013 1572 3073 victus
1618 3020 1679 3073 et
1725 3013 1912 3094 victu,
1959 3011 2191 3092 patiens
2238 3030 2368 3073 sum
2418 3011 2665 3093 laboris,
2710 3010 2881 3072 doleo
2928 3012 3115 3071 vicem
3154 3010 3242 3070 tui
3268 3025 3324 3065 20

635 3129 695 3182 et
741 3129 929 3202 tuam,
986 3120 1194 3181 similis
1250 3137 1381 3180 sum
1438 3120 1555 3200 tui,
1608 3118 1940 3180 discrucior
2001 3120 2178 3179 animi
2226 3128 2288 3179 et
2332 3120 2525 3180 animo
2582 3126 2642 3178 et
2696 3119 2986 3198 animum,
3040 3134 3242 3177 amans

634 3334 814 3396 huius
860 3337 948 3396 rei
994 3343 1056 3396 et
1098 3334 1209 3395 hac
1258 3352 1350 3417 re,
1397 3335 1521 3393 veri
1568 3331 1786 3412 simile,
1843 3333 2031 3394 refert
2087 3351 2242 3415 mea,
2298 3332 2546 3414 impleor
2602 3334 2722 3394 vini
2769 3339 2832 3394 et
2879 3334 3040 3414 vino,
3097 3328 3241 3391 obli·

636 3444 831 3503 viscor
877 3443 965 3503 tui
1012 3450 1073 3502 et
1117 3450 1194 3502 te.

813 3547 1011 3609 Noceo
1048 3550 1318 3630 inimico,
1356 3548 1728 3609 incommodo
1759 3549 1996 3628 viatori,
2042 3548 2237 3609 officio
2266 3546 2624 3631 insidiatori,
2668 3547 2915 3610 medeor
2941 3546 3244 3627 languenti
3272 3562 3326 3602 25

637 3650 782 3740 (boc
841 3653 1088 3717 verbum
1143 3654 1422 3732 perfecto
1478 3648 1711 3738 caret),
1776 3653 2046 3715 blandior
2109 3657 2291 3737 patri,
2355 3655 2601 3718 ancillor
2663 3658 2974 3737 magistro,
3037 3653 3244 3714 adulor

638 3761 898 3846 mulieri,
955 3763 1231 3823 conscius
1285 3765 1436 3825 mihi
1487 3781 1618 3825 sum
1674 3763 1842 3841 sacti,
1897 3765 2240 3841 patrocinor
2293 3767 2545 3846 patriae,
2609 3766 2908 3825 convicior
2971 3761 3244 3844 debitori,

817 3972 997 4027 Codex
1050 3971 1440 4042 Sanqallensis.
1552 3976 1584 4025 5
1640 3969 1736 4023 DE
1793 3967 2367 4025 INTERIECTIONE
2416 3986 2516 4026 om.
2682 3976 2711 4025 7
2750 3970 2923 4042 enim]
2973 3988 3102 4026 oum

638 4055 885 4111 dolorem
921 4052 1138 4108 VAEE.
1176 4052 1330 4108 HEV
1367 4057 1467 4109 aut
1503 4050 1950 4107 ammirationem
1988 4052 2054 4106 ut
2086 4066 2160 4106 ua
2187 4048 2352 4108 VAE.
2382 4049 2582 4105 PHEV
2725 4056 2756 4104 9
2794 4052 2860 4106 ut
2894 4057 2949 4105 ὀῑ
2986 4053 3111 4106 atta
3146 4052 3246 4105 aut

639 4135 886 4205 optantis
1032 4138 1097 4189 18
1135 4133 1371 4189 interest
1396 4148 1487 4186 me
1517 4132 1656 4187 haec
1682 4147 1770 4186 res
1913 4136 1979 4184 21
2021 4129 2291 4186 discutior
2432 4136 2501 4185 22
2539 4127 2744 4185 iniuria
2887 4136 2954 4185 25
2990 4130 3245 4201 langenti

709 4221 778 4271 26
815 4213 1067 4284 perfecto
1105 4216 1260 4268 caret
1285 4229 1385 4268 om.
1531 4217 1597 4266 27
1636 4211 1888 4267 conscius
1925 4229 2048 4265 sum
2073 4210 2227 4266 facto
2263 4210 2573 4280 patricinor
2607 4210 2826 4280 patriae

816 4426 848 4474 2
887 4420 988 4474 aut
1023 4419 1180 4488 ante]
1231 4417 1385 4489 Verq.
1424 4418 1562 4473 Aen.
1603 4418 1772 4472 IIII
1805 4422 1883 4474 62
2046 4424 2080 4471 4
2118 4419 2218 4473 aut
2262 4415 2480 4487 raptas]
2540 4414 2696 4485 Verq.
2744 4417 2883 4473 Aen.
2936 4415 3083 4470 XII
3127 4420 3244 4472 329

710 4506 744 4554 5
779 4497 1126 4570 Interiectio]
1165 4498 1381 4553 Charis.
1411 4515 1471 4568 p.
1510 4502 1716 4563 238,ae
1863 4503 1895 4551 9
1931 4498 2164 4565 fortasse
2198 4497 2347 4568 apud
2384 4497 2666 4553 Donatum
2809 4500 2908 4553 aut
2943 4499 3245 4554 metuentis

640 4613 707 4623 —
750 4585 816 4636 15
853 4580 1166 4636 invenimus
1201 4578 1408 4633 Donat.
1438 4594 1499 4648 p.
1537 4581 1746 4645 391,27
1890 4582 1955 4631 17
1993 4577 2166 4632 Venit
2201 4577 2341 4632 mihi
2378 4576 2437 4631 in
2473 4579 3024 4646 mentem—428,l4
3041 4577 3245 4633 Aeneis

640 4660 867 4731 Virgilii
901 4664 1155 4728 excerpta
1188 4664 1319 4714 aunt
1355 4659 1420 4713 in
1454 4659 1634 4713 codiee
1671 4657 2002 4712 Monacensi
2029 4662 2136 4712 601
2169 4658 2290 4727 (Μ)
2432 4656 2604 4712 Venit
2638 4656 2779 4712 mihi
2813 4658 2873 4713 in
2908 4659 3153 4713 mentem
3175 4690 3244 4700 —

640 4746 799 4810 226,3
852 4740 1042 4811 potior
1095 4740 1238 4796 hanc
1287 4756 1407 4795 rem
1460 4739 1645 4794 Diem.
1687 4754 1747 4807 p.
1802 4741 2000 4803 311‚15
2048 4736 2262 4792 Charis.
2292 4754 2355 4807 p.
2393 4741 2567 4808 293,8
2601 4738 2668 4793 de
2702 4739 2889 4796 idiom.
2924 4753 3032 4794 cae.
3069 4754 3244 4808 yram

641 4820 736 4876 lat.
773 4820 877 4876 vol.
916 4820 1021 4874 IV
1045 4837 1106 4890 p.
1145 4825 1259 4876 566
1420 4824 1489 4873 25
1528 4818 1754 4873 medeor
1789 4818 2048 4887 oegroto,
2106 4817 2213 4873 hoc
2268 4821 2459 4873 autem
2512 4819 2742 4873 verbum
2796 4818 3043 4888 perfecto
3090 4821 3247 4873 ena-et

643 4899 931 4956 Diomedes
957 4918 1017 4969 p.
1058 4904 1264 4967 313,20
