3613 5528
616 397 748 460 510
1594 394 1942 452 ARVSIANI
1982 395 2219 451 MESSII

620 508 660 545 p.
689 499 767 538 262
797 498 847 537 L.

997 584 1187 643 scire
1233 590 1637 663 potestates
1683 580 2066 642 herbarum
2115 598 2464 660 usumque
2514 578 2838 641 medendi

999 689 1248 750 maluit
1295 737 1308 749 .

615 798 729 858 scit
774 796 865 857 his
913 795 1120 877 rebuS‚
1166 796 1300 857 Ter.
1347 795 1497 857 Eun.
1546 798 1617 869 (I
1654 797 1831 871 2,52)
1879 794 2071 856 videt
2116 795 2494 856 honestam
2544 796 2892 874 virginem
2941 803 3009 855 et
3055 792 3219 854 fidi-

615 904 745 965 bus
792 906 984 965 scire
1032 952 1045 965 .
1093 905 1381 965 scientem
1427 912 1487 964 te
1535 904 1770 985 faciam,
1816 902 1952 964 Ter.
2001 901 2182 964 Heau.
2230 904 2302 976 (I
2310 904 2361 962 V
2398 903 2574 980 8,32)

991 1025 1012 1050 ·
1059 1030 1211 1073 nam
1258 1019 1326 1072 te
1373 1013 1721 1072 scientem
1770 1012 2050 1093 faciam,
2098 1010 2441 1091 quicquid
2491 1028 2706 1089 egero
2755 1057 2768 1070 .
3280 1029 3308 1069 5

797 1117 1370 1197 Subgredior'illum
1419 1116 1641 1198 locum,
1689 1116 1803 1178 Sal.
1842 1117 1977 1180 hist.
2017 1115 2123 1177 1111
2172 1115 2437 1178 stolide
2483 1125 2718 1178 castra
2767 1117 3221 1196 subgressus.

798 1225 1017 1287 Suetus
1061 1225 1156 1286 his
1202 1225 1410 1300 rebu8‚
1458 1224 1570 1287 Sal.
1611 1225 1745 1286 hist.
1783 1223 1837 1284 11
1873 1243 2100 1305 genus
2147 1225 2451 1286 militum
2498 1233 2782 1286 suetum
2829 1243 2862 1285 a
2906 1226 3221 1305 pueritia

619 1334 1062 1415 latrociniis,
1107 1333 1265 1419 idem
1303 1332 1523 1394 ibidem
1560 1351 1785 1412 genus
1823 1332 2183 1394 hominum
2222 1350 2467 1412 vagum
2505 1341 2575 1395 et
2612 1335 2891 1413 rapinis
2936 1340 3221 1393 suetum

620 1442 838 1520 magis
887 1459 1088 1520 quam
1135 1439 1841 1520 agrorum'cultibus
1888 1488 1901 1500 .

799 1549 988 1628 Sapor
1032 1548 1191 1609 illius
1236 1549 1353 1629 rei,
1398 1546 1568 1627 Verg.
1615 1565 1775 1627 geor.
1821 1545 1930 1607 1111
1977 1547 2171 1621 (267)
3256 1568 3311 1606 ιο

689 1720 714 1734 ,
965 1655 1295 1736 proderit
1340 1661 1409 1715 et
1457 1663 1743 1716 tunsum
1787 1653 2017 1734 gallae
2065 1653 2467 1715 admiscere
2514 1672 2841 1735 saporem
2890 1700 2903 1713 .

625 1782 801 1843 sapor
846 1765 1008 1824 iuxta
1052 1761 1210 1823 illam
1256 1779 1411 1842 rem,
1460 1761 1573 1823 Sal.
1621 1760 1757 1822 hist.
1797 1760 1904 1822 1111
1952 1780 2166 1841 sapor
2213 1764 2406 1822 iuxta
2456 1762 2695 1821 fontes
2741 1760 3222 1822 dulcissimos,

797 1869 1020 1950 Satagit
1064 1869 1298 1931 iliarum
1345 1887 1573 1952 rerum,
1621 1868 1756 1930 Ter.
1804 1867 1956 1929 Eun.
2004 1869 2250 1943 (Ileaut.
2299 1870 2377 1929 II
2417 1868 2583 1944 1,13)
2629 1870 2769 1929 etsi
2825 1870 2885 1928 is
2940 1885 3224 1947 quoque

620 1995 909 2039 suarum
956 1995 1196 2037 rerum
1244 1980 1508 2056 satagit
1553 2025 1567 2039 .

797 2084 1026 2164 Sponsa
1073 2083 1216 2145 mihi
1262 2092 1383 2166 est,
1428 2083 1561 2145 Ter.
1609 2083 1759 2145 Eun.
1808 2101 1843 2141 *
1890 2102 2150 2164 sponsa
2199 2080 2368 2143 mihi
2415 2089 2541 2144 est.
3254 2103 3312 2144 ιε

798 2192 927 2253 Stat
972 2194 1033 2253 in
1079 2192 1179 2253 illo
1226 2191 1457 2275 habitu,
1505 2190 1674 2270 Verg.
1721 2191 1864 2253 Aen.
1910 2190 2067 2251 vnn
2115 2191 2296 2266 (581)

1091 2298 1325 2361 stabat
1371 2302 1444 2360 in
1491 2301 1808 2378 egregiis
1853 2300 2191 2360 Arcentis
2238 2297 2447 2359 filius
2493 2299 2708 2358 armis
2757 2344 2769 2357 .

623 2414 739 2468 stat
785 2406 923 2487 bac,
970 2406 1027 2466 id
1076 2415 1168 2468 est
1215 2407 1369 2468 favet
1416 2415 1652 2467 nostrae
1698 2409 1881 2487 parti,
1926 2407 2083 2468 idem
2130 2405 2273 2466 Aen.
2323 2404 2429 2465 ΧΠ
2477 2406 2667 2479 (565)

961 2533 1187 2594 nequa
1234 2516 1408 2576 meis
1454 2522 1610 2576 esto
1655 2514 1877 2575 dictis
1926 2532 2143 2595 mora,
2190 2513 2519 2594 Iuppiter
2566 2512 2692 2572 hac
2739 2518 2882 2572 stat
2927 2558 2941 2570 .

801 2620 955 2681 Siste
1002 2621 1144 2696 huc,
1191 2620 1360 2701 Verg.
1407 2623 1549 2683 Aen.
1596 2620 1705 2681 1111
1751 2620 1943 2695 (634)
3257 2640 3316 2681 eo

983 2729 1274 2813 Annam,
1320 2746 1481 2790 cara
1529 2728 1697 2790 mihi
1743 2730 2019 2811 nutrix,
2063 2727 2200 2790 hue
2248 2730 2424 2790 siste
2473 2744 2800 2789 sororem
2847 2774 2859 2786 .

622 2841 765 2900 siste
813 2839 937 2920 hic,
983 2836 1138 2899 idem
1186 2836 1328 2899 Aen.
1374 2836 1453 2897 xl
1501 2837 1686 2910 (852)

1029 2942 1145 3004 hic
1192 2944 1318 3005 dea
1366 2963 1438 3004 se
1485 2946 1787 3023 primum
1835 2943 2075 3024 rapido
2122 2943 2611 3024 pulcherrima
2659 2945 2821 3005 nisu

1031 3052 1232 3112 sistit
1278 3099 1291 3110 .

803 3159 1169 3240 Supervenio
1215 3158 1359 3240 illis,
1407 3158 1574 3239 Verg.
1622 3158 1754 3219 buc.
1795 3159 2009 3234 (asto)
2059 3159 2480 3238 timidisque
2527 3159 2952 3239 supervenit
2997 3156 3229 3237 Aegle.
3260 3177 3315 3217 ss

809 3264 1065 3344 Sublego
1115 3264 1248 3347 tibi,
1295 3264 1463 3345 Verg.
1511 3265 1643 3327 buc.
1692 3266 1891 3341 (921)

1025 3372 1133 3432 vel
1180 3392 1355 3452 quae
1403 3371 1686 3451 sublegi
1734 3375 2003 3433 tacitus
2051 3372 2186 3433 tibi
2233 3375 2546 3434 carmina
2595 3391 2837 3453 nuper.

675 3462 683 3469 ’
805 3480 1047 3559 Subtigo
1094 3479 1176 3540 ini
1223 3482 1402 3561 parti,
1449 3479 1617 3559 verg.
1668 3480 1806 3542 Aen.
1854 3480 1980 3541 vin
2030 3482 2220 3555 (459)

876 3596 1020 3648 tum
1065 3586 1282 3659 lateri
1329 3595 1539 3666 atque
1588 3585 1905 3648 humeris
1951 3587 2259 3667 Tegeum
2306 3586 2624 3666 subligat
2670 3606 2908 3648 ensem
2959 3635 2970 3646 .

807 3694 1108 3755 Subnecto
1155 3692 1239 3753 illi
1286 3695 1465 3774 parti,
1513 3693 1680 3774 Verg.
1728 3712 1888 3772 geor.
1938 3693 2018 3753 ΠΙ
2066 3693 2257 3767 (167)
2305 3696 2574 3755 cervici
2621 3694 3051 3756 subnectite.
3261 3714 3315 3754 so

809 3800 1108 3862 Secundat
1154 3800 1310 3861 illam
1358 3820 1511 3881 rem,
1558 3801 1618 3861 id
1664 3810 1758 3862 est
1803 3801 2123 3862 secundam
2171 3809 2232 3861 et
2274 3819 2622 3881 prosperam
2670 3804 2833 3883 facit,
2880 3801 3049 3881 Verg.
3089 3804 3231 3864 Aen.

632 3911 708 3971 ΙΙΙ
756 3910 903 3983 (36)
951 3910 1089 3968 rite
1137 3907 1626 3970 secundarent
1672 3910 1883 3970 visus,

809 4083 991 4139 Codex
1031 4080 1369 4155 Parrhasii,
1398 4085 1432 4134 s
1469 4079 1705 4150 ibidem]
1749 4078 1832 4136 ibi
1976 4082 2203 4153 vagum]
2252 4082 2385 4151 vagi
2454 4066 2465 4073 ’
2551 4088 2615 4136 16
2662 4081 2844 4153 vnn]
2894 4080 3019 4135 vm
3169 4088 3232 4137 ιτ

630 4163 822 4220 stabat.
856 4161 1096 4233 egregiis
1242 4166 1308 4215 18
1346 4163 1461 4216 stat
1494 4160 1657 4215 adest
1689 4160 1850 4215 favet.
1995 4168 2059 4216 19
2097 4161 2203 4218 bae
2241 4163 2378 4235 stat]
2417 4163 2605 4217 adstat
2746 4169 2815 4217 25
2854 4162 2993 4232 Egle

632 4277 812 4284 ———-
829 4276 906 4281 --.

810 4331 842 4379 3
870 4324 1017 4380 hanc
1043 4323 1225 4377 forma.
1250 4321 1406 4377 videt.
1431 4322 1667 4376 honesta.
1694 4319 1967 4391 virginem
1995 4325 2056 4378 et
2081 4321 2282 4377 fidibus
2309 4323 2451 4378 scire
2475 4323 2789 4392 Terentius,
2816 4325 2915 4379 ubi
2941 4325 3235 4379 honestam

632 4411 708 4461 est
733 4408 799 4461 in
825 4406 1006 4461 codiee
1034 4403 1353 4458 Victoriana
1497 4410 1529 4459 8
1557 4419 1766 4470 vagum
1793 4419 1861 4457 ex
1884 4401 1937 4456 G
1965 4404 2138 4458 edidit
2164 4402 2606 4474 Mndemannus,
2634 4404 2766 4476 vagi
2794 4421 2931 4459 corr.
2961 4422 3167 4475 vagum
3189 4405 3246 4459 P

778 4492 844 4541 12
892 4482 1248 4540 dulcissimus
1301 4485 1454 4538 haud
1507 4484 1671 4539 dubie
1721 4485 2019 4554 scripserat
2072 4482 2376 4539 Sallustius
2431 4526 2444 4538 .
2492 4486 2567 4539 ad
2620 4485 3029 4555 desoeiptiouem
3083 4486 3239 4540 lacus

633 4566 921 4622 Lucaniae
957 4566 1110 4635 apud
1149 4564 1513 4619 Plutarchum
1550 4564 1731 4621 Crass.
1768 4583 1812 4621 e.
1850 4570 1918 4619 11
1956 4566 2120 4620 verba
2167 4565 2379 4619 rettulit
2411 4565 2668 4620 Kritzius
2704 4566 2841 4621 Sall.
2877 4567 2998 4621 hist.
3036 4566 3236 4637 fragm.

625 4665 687 4717 p.
726 4653 836 4702 339
1009 4651 1075 4700 15
1115 4645 1238 4701 Ter.
1277 4644 1443 4715 Eun]
1482 4646 1592 4700 duo
1628 4646 1873 4714 exevnpla
1916 4646 2156 4700 Terentii
2191 4645 2513 4699 Arusianus
2548 4646 2940 4715 adscripscrat,
2985 4646 3139 4702 Eun.
3190 4646 3243 4700 V

636 4733 732 4791 8,6
768 4726 875 4781 scis
913 4741 1173 4796 sponsam
1210 4723 1350 4779 mihi
1384 4730 1436 4778 et
1475 4724 1698 4779 Phorm.
1739 4724 1844 4779 IV
1875 4730 2007 4791 3‚52
2044 4742 2190 4793 quae
2227 4743 2429 4796 sponsa
2465 4728 2550 4781 est
2584 4726 2724 4781 mihi
2880 4733 2945 4782 18
2981 4728 3096 4782 stat.
3131 4728 3239 4782 hac

637 4806 696 4860 id
733 4809 821 4861 est
853 4806 1009 4860 favet.
1043 4806 1463 4862 Lindemannus
1635 4810 1700 4859 19
1739 4805 1990 4875 Iuppiter
2025 4807 2130 4860 hac
2168 4809 2283 4861 stat
2330 4806 2602 4877 Vergilius
2763 4813 2831 4860 30
2870 4806 3073 4861 cervici
3110 4808 3237 4862 sub·

638 4887 801 4941 necte
849 4885 1123 4956 Vergilius
1264 4892 1332 4941 32
1371 4885 1551 4940 visum
1587 4903 1654 4941 ex
1694 4885 1746 4941 G
1782 4887 1954 4941 edidit
1988 4883 2431 4943 Lindemannus‘
2971 4930 2977 4934 >
