3613 5528
1238 401 1586 458 EXEMPLA
1624 401 2150 458 ELOCVTIONVM
2869 401 3000 467 477

393 513 440 550 p.
469 504 563 544 sss.
589 505 670 545 234
695 503 749 544 1..

576 589 889 651 Geminum
934 589 1050 652 illis
1099 590 1280 653 rebus
1326 607 1436 671 pro
1493 587 1885 671 simillimum,
1949 588 2067 649 Cic.
2114 589 2177 647 in
2221 588 2500 648 Pisonem
2557 589 2765 663 (216)
2822 587 2999 674 illud

397 715 566 758 vero
630 699 988 776 geminum
1054 697 1388 766 consiliis
1452 695 1805 758 Catilinae
1871 704 1941 756 et
2002 694 2316 774 Lentuli,
2381 695 2563 774 quod
2633 713 2735 756 me
2800 696 3000 756 domo

397 823 545 866 mea
592 804 981 884 expulistis
1029 854 1042 866 .

573 910 785 973 Habito
847 912 1006 974 illam
1070 931 1228 994 rem,
1291 912 1460 991 Verg.
1525 910 1658 973 buc.
1725 911 1929 985 (2‚29)
2003 918 2218 989 atque
2292 908 2600 971 humiles
2671 909 3000 974 habitare

341 1037 367 1078 5
398 1037 603 1080 casas
650 1068 663 1080 .
711 1017 911 1081 habito
960 1018 1056 1080 illa
1104 1038 1199 1101 re,
1244 1018 1399 1080 idem
1447 1018 1589 1080 Aen.
1621 1017 1700 1078 111
1733 1018 1917 1091 (110)
1965 1015 2390 1078 habitabant
2436 1016 2751 1079 vallibus
2797 1020 2999 1079 imiS.

399 1127 595 1189 habito
651 1125 760 1210 ibi,
817 1127 972 1188 idem
1018 1127 1159 1188 Aen.
1206 1125 1307 1186 Vll
1354 1127 1531 1201 (151)
1592 1126 1708 1186 hic
1766 1126 1997 1186 sortes
2052 1123 2381 1185 habitare
2436 1124 2730 1187 Latinos
2777 1173 2790 1186 .
2840 1124 3000 1186 habi·

399 1244 599 1297 tantur
653 1234 770 1295 illis
825 1234 921 1296 illa
977 1233 1132 1315 loca,
1194 1232 1352 1332 idem
1406 1232 1549 1295 Aen.
1596 1232 1673 1292 ΙΙΙ
1731 1232 1917 1305 (398)
1982 1239 2240 1293 cuncta
2306 1231 2511 1294 malis
2575 1231 3002 1295 habitantur

396 1345 669 1404 moenia
716 1342 952 1404 Graiis
1000 1389 1014 1403 .
1060 1340 1325 1403 habitant
1371 1342 1431 1401 in
1477 1339 1576 1401 illo
1622 1339 1781 1422 loco,
1829 1339 1966 1400 Ter.
2013 1338 2160 1399 And.
2208 1340 2338 1413 (JV
2377 1341 2504 1415 5,1)

719 1452 792 1511 in
835 1453 973 1512 hac
1022 1447 1388 1510 habitasse
1436 1447 1671 1528 platea
1717 1446 1988 1508 dictum
2034 1453 2145 1508 est
2191 1445 2609 1527 Chrysidem
2658 1496 2671 1509 .

317 1576 368 1615 10
395 1557 618 1620 habitat
669 1558 740 1619 ad
799 1558 943 1619 haec
999 1555 1153 1638 loca,
1208 1555 1379 1635 Verg.
1426 1556 1566 1618 Aen.
1615 1554 1694 1616 111
1751 1555 1946 1628 (643)
2012 1572 2226 1616 curva
2292 1555 2463 1617 haec
2527 1555 2857 1618 habitant
2920 1558 3000 1619 ad

395 1666 613 1727 litora
660 1665 868 1745 vulgo
916 1664 1193 1726 infandi
1240 1662 1606 1743 Cyclopes.

572 1772 740 1834 Halat
777 1772 874 1834 illa
912 1791 996 1853 re,
1035 1770 1203 1852 Verg.
1232 1773 1646 1851 georgicorum
1677 1769 2002 1843 1111(109)
2042 1768 2373 1830 halantes
2412 1769 2724 1832 floribus
2761 1772 2955 1834 horti
2987 1823 3001 1836 .

395 1880 551 1942 balat
603 1879 761 1941 illam
809 1897 963 1955 rem,
1020 1880 1138 1940 Cic.
1184 1877 1395 1959 Philip.
1443 1877 1494 1938 ΙΙ
1543 1878 1789 1953 (12,3θ)
1849 1877 2121 1939 edormi
2176 1878 2541 1958 crapulam
2598 1888 2668 1940 et
2722 1879 3001 1963 exhala,

395 1987 565 2068 Verg.
612 1990 754 2049 Aen.
803 1987 902 2048 vn
950 1988 1094 2062 (84)
1143 2004 1516 2066 seramque
1564 1985 1850 2047 exhalat
1895 2003 2111 2065 opaca
2159 1985 2546 2065 mephitim.

317 2112 368 2151 ιε,
573 2096 776 2157 Hostis
823 2098 1009 2171 illius,
1070 2095 1244 2170 Verq.
1293 2095 1436 2154 Aen.
1501 2093 1624 2152 VII
1663 2092 1854 2166 (723)

770 2201 938 2264 hine
985 2201 1583 2281 Agamemnonius
1627 2200 1921 2261 Troiani
1969 2202 2277 2262 nominis
2323 2200 2554 2262 hostis
2602 2249 2615 2262 .

394 2311 584 2371 hostis
628 2309 773 2391 illis,
818 2309 937 2371 Cic.
984 2309 1074 2370 de·
1106 2311 1290 2389 signis
1336 2311 1429 2382 (in
1491 2308 1661 2370 Verr.
1701 2308 1800 2369 IV
1832 2308 2091 2381 50‚112)
2140 2327 2369 2389 neque
2415 2316 2551 2370 tam
2597 2309 2706 2371 illi
2751 2310 2997 2373 hostes

394 2416 803 2479 hominibus
850 2436 1054 2497 quam
1103 2424 1178 2478 tu
1224 2416 1365 2478 diis
1411 2414 1944 2478 immortalibus
1990 2463 2004 2476 .

570 2524 773 2586 Haesit
827 2524 945 2599 his,
1002 2523 1170 2603 Verg.
1218 2523 1360 2584 Aen.
1408 2521 1564 2583 Vllll
1613 2523 1803 2595 (537)
1868 2531 1937 2583 et
2000 2522 2334 2602 postibus
2400 2525 2635 2587 haesit
2698 2528 2934 2590 adesis
2983 2577 2994 2588 .

312 2650 366 2688 20
393 2632 583 2694 haesit
627 2634 688 2693 in
735 2632 855 2714 his,
899 2631 1070 2711 Verg.
1118 2633 1298 2692 Αευε.
1343 2630 1389 2688 V
1436 2631 1631 2704 (204)

905 2738 1162 2803 infelix
1210 2739 1401 2799 saxis
1448 2739 1518 2799 in
1565 2736 2182 2818 procurrentibus
2231 2738 2492 2823 haesit,

393 2848 600 2910 Cicero
647 2866 756 2928 pro
801 2847 1019 2910 Mllone
1067 2848 1313 2924 (21‚56)
1362 2845 1595 2907 haesit
1640 2847 1710 2906 in
1757 2847 2012 2925 poenis
2058 2893 2072 2906 .

570 2955 760 3017 Habet
795 2974 828 3016 a
866 2974 988 3037 me,
1034 2955 1152 3016 Cic.
1182 2957 1243 3016 in
1273 2954 1550 3015 Pisonem
1580 2953 1820 3027 (11,25)
1867 2970 1900 3013 a
1947 2972 2049 3013 me
2095 2952 2358 3015 habere
2406 2957 2618 3017 vitam
2665 2958 2996 3022 fortunas

393 3063 664 3125 liberos
729 3061 1280 3129 arbitrabantur
1328 3110 1340 3123 .
1388 3059 1565 3122 habet
1619 3059 1692 3121 de
1752 3078 1876 3141 me,
1937 3059 2073 3122 Ter.
2129 3059 2303 3122 Phor.
2360 3064 2467 3135 (II
2513 3064 2689 3139 3‚17)
2744 3084 2994 3145 agrum

311 3186 365 3226 25
392 3168 476 3229 de
534 3178 781 3230 nostro
837 3179 1041 3249 patre
1096 3167 1474 3230 colendum
1529 3165 1838 3228 habebat
1886 3214 1899 3227 .
1946 3165 2165 3228 habere
2222 3167 2427 3251 donat,
2473 3166 2484 3250 Ι
2534 3170 2705 3252 Verg.
2761 3174 2901 3234 Λευ.
2949 3173 2996 3231 V

392 3277 588 3348 (260)
634 3276 930 3338 loricam
978 3276 1195 3337 donat
1240 3274 1504 3337 habere
1552 3276 1704 3335 viro
1744 3321 1758 3335 .
1797 3272 2069 3335 habendo
2116 3284 2300 3358 aptat,
2346 3276 2515 3357 Verg.
2546 3279 2687 3340 Aen.
2718 3279 2824 3340 Xll
2854 3282 2994 3355 (88)

392 3384 599 3445 simul
646 3393 843 3464 aptat
889 3382 1213 3445 habendo
1260 3400 1498 3444 enisem
1546 3381 2020 3462 clypeumque
2068 3431 2080 3443 .

333 3476 348 3491 ’
567 3490 789 3552 Hortor
817 3491 946 3553 illos
976 3492 1199 3571 lacere,
1237 3489 1405 3569 Verg.
1437 3490 1580 3550 Aen.
1611 3488 1844 3562 11(74)
1875 3488 2250 3552 hortamur
2298 3492 2434 3554 sari
2473 3513 2607 3574 quo
2647 3499 2994 3575 sanguine

392 3608 636 3660 cretus
684 3645 697 3657 .
746 3597 954 3659 hortor
999 3597 1131 3658 illos
1179 3597 1426 3678 factum,
1490 3596 1604 3656 hoc
1664 3605 1756 3657 est
1820 3596 2044 3659 sactum
2101 3600 2217 3680 ire,
2280 3599 2393 3661 Sal.
2442 3600 2577 3663 hist.
2626 3601 2704 3663 111
2763 3623 2992 3683 neque

312 3721 511 3767 sevos
559 3705 785 3767 ultum
832 3706 1144 3766 iniurias
1190 3704 1460 3765 hortor.

565 3811 744 3872 Humi
800 3819 1152 3893 nascuntur,
1231 3812 1404 3887 Verq.
1462 3808 1594 3871 buc.
1652 3811 1856 3886 (5292)
1915 3821 1983 3872 et
2037 3811 2230 3874 humi
2294 3817 2665 3877 nascentia
2731 3817 2996 3899 fragm,

392 3919 502 3980 Sal.
543 3919 706 3981 Catil.
746 3921 948 3994 (55,3)
998 3918 1190 3979 humi
1233 3917 1654 3997 dep1·essuS‚
1701 3916 1858 3977 idem
1896 3916 2016 3998 lug.
2056 3920 2260 3997 (48β)
2300 3919 2487 3981 humi
2535 3920 2734 3982 arido
2782 3932 2994 4003 atque

391 4027 742 4089 harenoso
789 4035 1185 4088 nascuntur
1234 4073 1247 4086 .

568 4192 754 4247 Codex
811 4189 1110 4245 Parrhasii
1201 4193 1234 4241 4
1279 4187 1472 4257 atque]
1521 4189 1583 4241 at
1752 4193 1784 4241 9
1832 4187 2175 4245 inhabitasse
2224 4193 2345 4259 (om.
2392 4191 2522 4259 hac)
2698 4196 2763 4245 10
2801 4194 2992 4264 curva]

395 4272 646 4338 Quorum
795 4277 859 4325 13
900 4286 1015 4324 rem
1052 4285 1154 4324 om.
1315 4265 1555 4323 edon-mis
1591 4284 1730 4323 corr.
1770 4270 1985 4326 edormi
2134 4278 2198 4326 15
2237 4270 2428 4327 Hostis
2464 4271 2617 4326 illins
2656 4270 2819 4342 Verg.
2857 4273 2994 4329 Aen.

391 4352 496 4407 VII
532 4370 633 4408 om.
791 4357 857 4406 19
895 4349 1105 4420 adesis]
1143 4347 1402 4404 adhaesis
1555 4355 1625 4403 20
1661 4348 1718 4403 in
1757 4349 1869 4421 his]
1906 4349 1963 4405 in
2003 4351 2221 4406 hisdem
2382 4357 2449 4405 23
2487 4350 2547 4405 in
2584 4350 2783 4406 Pisone

389 4439 458 4489 26
497 4433 626 4504 XII]
665 4432 741 4487 XI
885 4437 954 4486 29
991 4431 1201 4486 factum
1242 4429 1347 4500 ire]
1387 4428 1625 4485 faotuire
1770 4436 1838 4483 31
1877 4430 2047 4501 Verg.
2083 4446 2185 4485 om.

565 4584 599 4630 4
636 4577 809 4644 atque
846 4574 1087 4629 humiles
1136 4573 1410 4643 Verqilius
1580 4578 1612 4626 9
1659 4572 1718 4627 in
1772 4574 1881 4628 hae
1931 4573 2212 4629 habitasse
2265 4573 2549 4629 Terentius
2720 4581 2788 4630 10
2823 4592 2995 4631 curva

387 4656 526 4711 haec
563 4653 826 4710 habitant
872 4656 1146 4727 Veryilius
1291 4659 1359 4708 14
1396 4668 1733 4722 saevamque
1783 4654 2058 4725 Veryz'lius
2200 4660 2268 4708 23
2307 4671 2340 4708 a
2367 4669 2458 4708 me
2486 4669 2545 4707 se
2573 4654 2780 4709 habere
2809 4655 2995 4712 Cicero

317 4736 325 4745 ‘
456 4743 523 4791 27
564 4752 861 4806 ensemque
899 4734 1252 4806 clipeumque
1301 4733 1576 4802 Veryilius
1718 4741 1786 4790 29
1828 4734 1938 4788 Sal.
1968 4732 2094 4788 hist.
2128 4733 2231 4804 III]
2270 4735 2333 4788 in
2359 4734 2606 4789 oratione
2636 4735 2828 4790 Macri
2852 4736 2894 4805 ,ς’
2922 4740 2993 4790 17

457 4832 639 4885 neque
677 4831 782 4886 ego
822 4832 920 4871 vos
946 4816 1113 4871 codex
1153 4814 1458 4871 Vaticanus
1487 4810 1746 4870 Sallustii
1890 4821 1959 4870 33
1998 4814 2324 4887 naseuntur]
2361 4813 2666 4888 gignuntur
2692 4814 2995 4876 Sallustius

387 4903 436 4952 et
472 4896 798 4953 Priscianus
834 4897 869 4952 1.
911 4896 1158 4952 XVIII
1184 4914 1244 4967 p.
1284 4900 1450 4963 377,6
