3613 5528
601 423 733 488 224
1363 454 1374 466 ·
1786 421 2029 478 BEDAE

595 609 813 671 librum
852 609 1061 670 eodem
1099 608 1302 690 modo,
1348 628 1465 688 quo
1504 626 1665 670 nunc
1710 610 1772 668 in
1811 626 1988 669 manu
2029 608 2267 688 scriptis
2305 604 2609 667 codicibus
2656 605 2866 687 fertur,
2912 606 3203 684 scriptum

596 715 876 798 habebat,
921 716 1174 796 plurima
1220 718 1448 797 recepit
1493 723 1554 776 et
1599 715 1872 793 Agroecii
1917 722 2231 794 praecepta
2279 713 2488 774 ordine
2547 712 2876 774 litterarum
2923 711 3211 791 disposita

600 823 726 883 fere
774 824 969 883 omnia
1025 824 1086 883 in
1143 841 1319 884 suum
1377 821 1595 883 librum
1655 820 1971 883 transtulit.
2046 821 2163 882 huc
2211 820 2440 881 accedit
2486 837 2732 899 magnus
2780 836 3067 879 numerus
3111 817 3211 878 ad·

600 931 972 989 notationum
1015 947 1179 1016 ,quae
1236 931 1297 989 in
1357 928 1708 990 definiendis
1764 928 2118 989 differentiis
2173 926 2597 990 vocabulorum
2650 926 2743 987 vel
2806 926 3211 987 elocutionum

598 1035 811 1096 similia
859 1036 1317 1115 significantium
1364 1045 1705 1118 versantur,
1752 1053 2005 1114 quarum
2053 1034 2496 1096 adnotationum
2542 1052 2682 1115 pars
2720 1052 2880 1096 nunc
2926 1034 3105 1094 etiam
3149 1033 3210 1092 in

600 1140 772 1203 libris
809 1142 883 1203 de
921 1141 1274 1204 differentiis
1312 1146 1414 1223 qui
1452 1162 1630 1205 manu
1668 1146 1910 1223 scriptis
1948 1141 2118 1203 libris
2155 1141 2357 1204 traditi
2394 1150 2535 1204 sunt
2572 1143 2889 1202 invenitur.
2955 1157 3023 1200 ea
3060 1157 3213 1217 quae

600 1248 674 1308 de
724 1249 976 1310 diversis
1032 1249 1561 1329 significationibus
1617 1248 1783 1310 verbi
1837 1249 1975 1311 ser'o
2033 1252 2251 1329 scripta
2300 1261 2440 1311 sunt
2493 1269 2547 1327 p.
2596 1246 2767 1311 2801
2826 1241 3105 1328 leguntur
3151 1247 3213 1306 in

603 1355 1115 1434 explanationibus
1154 1354 1365 1417 Donati
1400 1373 1645 1434 gramm.
1687 1355 1782 1416 lat.
1814 1374 1863 1417 v.
1894 1355 1967 1415 lV
2004 1375 2058 1435 p.
2090 1351 2247 1437 542,
2275 1353 2388 1436 24,
2426 1372 2780 1436 quamquam
2821 1371 2957 1414 eum
2994 1352 3212 1413 librum

601 1462 730 1523 aliis
770 1462 915 1522 locis
954 1480 986 1522 a
1022 1461 1180 1522 Beda
1217 1460 1546 1524 adhibitum
1584 1481 1717 1523 esse
1756 1482 1875 1523 non
1913 1464 2129 1522 inveni.
2189 1462 2294 1522 sed
2330 1460 2415 1521 illi
2452 1463 2513 1521 in
2553 1460 2661 1521 hac
2697 1470 2865 1540 parte
2904 1467 3213 1541 praeterea

601 1577 803 1649 parata
863 1570 1109 1629 fuerunt
1167 1567 1481 1649 glossaria,
1542 1569 1602 1628 in
1661 1568 1883 1648 quibus
1943 1586 2078 1629 cum
2139 1568 2338 1630 latinis
2398 1567 2594 1628 verbis
2655 1568 2980 1647 composita
3045 1572 3215 1627 erant

603 1691 840 1754 graeca,
897 1692 929 1734 e
986 1673 1203 1753 quibus
1260 1694 1360 1736 eas
1415 1678 1793 1755 potissimum
1850 1675 2259 1736 adnotationes
2317 1676 2569 1754 recepit,
2635 1672 2854 1753 quibus
2909 1672 3214 1752 complura

603 1779 781 1842 verba
836 1781 1042 1864 latina,
1099 1793 1167 1843 ut
1222 1800 1288 1842 ea
1348 1800 1465 1842 non
1524 1782 1755 1843 diversa
1812 1801 1943 1843 esse
2008 1783 2434 1862 significatione
2490 1780 2760 1861 doceret,
2824 1798 2944 1842 uno
3000 1797 3215 1859 graeco

604 1885 770 1946 reddi
835 1886 1053 1947 docuit.
1128 1906 1271 1949 num
1318 1887 1749 1968 orthographos
1795 1908 1829 1948 a
1875 1888 2247 1950 Cassiodorio
2271 1897 2608 1968 ‘excerptos
2663 1885 2936 1948 habuerit
2989 1885 3214 1946 dubito.

608 2012 742 2054 nam
790 2001 850 2054 et
893 2011 1081 2072 pauca
1128 2003 1269 2055 sunt
1315 2012 1466 2074 quae
1514 1994 1630 2055 huc
1678 1995 1894 2056 referri
1940 1997 2173 2075 possint
2219 2003 2279 2055 et
2323 1997 2405 2054 ita
2453 2002 2814 2074 comparata,
2869 2001 2937 2054 ut
2981 2011 3053 2052 ex
3100 1991 3215 2051 alio

603 2101 803 2179 potius
859 2100 1021 2160 sonte
1080 2099 1391 2161 videantur
1446 2101 1630 2178 petita
1686 2118 1842 2181 esse,
1914 2121 1969 2180 p.
2025 2097 2194 2162 2797
2249 2104 2626 2178 praestolari
2680 2098 2809 2160 coll.
2866 2117 2992 2158 exc.
3049 2097 3215 2158 Curt.

606 2204 792 2266 Valer.
840 2225 895 2286 p.
949 2203 1091 2288 157,
1140 2206 1251 2289 22,
1311 2227 1366 2287 p.
1415 2204 1590 2268 2804
1645 2227 1835 2283 urqeo
1893 2208 2022 2269 coll.
2071 2226 2193 2268 exc.
2239 2207 2434 2288 Papir.
2488 2226 2545 2286 p.
2598 2203 2748 2287 164,
2796 2203 2881 2266 22
2939 2214 3000 2266 et
3056 2204 3128 2265 de
3177 2204 3215 2264 h

605 2320 667 2372 et
714 2332 746 2372 v
795 2312 1009 2373 litteris
1055 2315 1117 2374 in
1163 2332 1214 2374 v.
1263 2316 1477 2375 balvae
1531 2334 1586 2394 p.
1635 2312 1836 2396 2779,
1893 2318 2194 2377 excubiae
2239 2323 2300 2377 et
2344 2317 2604 2375 eccuviae
2656 2332 2714 2393 p.
2762 2308 2962 2392 2785,
3015 2315 3215 2374 libidi-

614 2436 821 2492 ποετις,
869 2422 1117 2500 lividuS,
1164 2422 1343 2480 larba
1388 2440 1443 2500 p.
1483 2418 1676 2503 2789,
1723 2424 1950 2483 verbex
1984 2442 2039 2502 p.
2080 2419 2279 2503 2804,
2324 2439 2474 2499 quae
2512 2423 2573 2480 in
2611 2420 2880 2499 Martyrii'
2919 2421 3218 2498 excerptis

608 2532 854 2585 tractata
904 2533 1059 2585 sunt.
1134 2533 1364 2586 restant
1407 2544 1592 2605 pauca
1641 2546 1820 2608 quae,
1868 2547 2004 2588 cum
2043 2526 2115 2587 ab
2162 2527 2598 2607 antiquioribus
2642 2525 2986 2588 auctoribus
3032 2528 3217 2604 petita

608 2632 753 2712 sint,
801 2649 960 2691 nunc
1006 2629 1160 2709 apud
1209 2631 1354 2692 alios
1400 2635 1843 2714 grammaticoS,
1890 2634 2047 2712 quod
2096 2636 2304 2714 sciam,
2367 2652 2486 2694 non
2533 2633 2842 2713 leguntur,
2900 2635 2959 2692 in
3006 2633 3218 2712 primis

607 2736 782 2818 11366,
827 2755 882 2816 p.
913 2734 1089 2800 2780
1125 2741 1305 2815 cupio
1344 2746 1404 2799 et
1447 2758 1503 2818 p.
1534 2737 1709 2802 2782
1758 2744 1953 2802 clamo
1992 2759 2127 2802 cum
2175 2739 2461 2821 exemplis
2497 2738 2804 2800 Ciceronis
2850 2747 2910 2800 et
2956 2757 3010 2819 p.
3041 2734 3215 2801 2802

608 2853 853 2919 torques
890 2863 1027 2905 cum
1066 2844 1352 2924 exemplis
1389 2845 1537 2908 Livii
1576 2855 1636 2907 et
1674 2847 1996 2908 Ciceronis
2072 2867 2139 2913 ea
2178 2866 2317 2909 vero
2357 2865 2506 2927 quae
2554 2848 2681 2926 ipse
2720 2845 2879 2906 Beda
2923 2843 3019 2904 his
3064 2863 3216 2926 quae

608 2949 681 3009 ab
728 2951 1164 3030 antiquioribus
1201 2963 1512 3032 acceperat
1548 2954 1770 3015 addidit
1819 2957 1879 3015 in
1918 2973 2193 3016 sermone
2239 2954 2527 3014 librorum
2571 2971 2878 3014 sacrorum
2926 2960 2986 3013 et
3030 2955 3218 3032 scrip·

609 3065 809 3117 torum
872 3056 1436 3141 ecclesiasticorum,
1496 3078 1753 3139 quorum
1813 3061 2079 3141 exempla
2139 3064 2439 3141 apposuit,
2509 3069 2836 3122 versantur.
2936 3060 3082 3120 haec
3142 3059 3219 3119 de

609 3162 954 3224 auctoribus
992 3165 1207 3243 quibus
1243 3164 1402 3226 Beda
1440 3184 1585 3227 usus
1614 3174 1706 3227 est
1744 3166 2005 3228 breviter
2043 3168 2262 3228 dixisse
2300 3184 2459 3227 nunc
2488 3166 2759 3227 sufficiat.
2815 3184 2949 3226 nam
2978 3183 3217 3227 accura-

611 3274 730 3331 tius
769 3290 836 3331 ea
875 3270 946 3331 de
986 3290 1052 3331 re
1099 3290 1387 3350 quaerere
1428 3280 1487 3333 et
1533 3273 1689 3334 unde
1738 3273 2000 3353 quidque
2047 3275 2301 3353 petitum
2341 3275 2418 3333 sit
2465 3256 2744 3353 indicare,
2790 3272 2862 3333 ad
2907 3272 3217 3333 historiam

609 3377 850 3456 quidem
889 3387 1154 3438 veterum
1202 3382 1723 3458 grammaticorum
1771 3398 1880 3460 per
1927 3381 2185 3441 intimam
2225 3388 2474 3441 aetatem
2521 3378 2838 3440 latinarum
2884 3380 3218 3440 litterarum

608 3483 1081 3562 persequendam
1120 3484 1274 3545 haud
1313 3486 1522 3546 inutile
1560 3496 1679 3568 est,
1726 3494 1995 3547 ceterum
2032 3486 2104 3547 ad
2143 3505 2241 3547 res
2281 3505 2430 3566 quae
2477 3493 2807 3547 tractantur
2845 3483 3219 3567 explicandas

610 3606 760 3668 opus
807 3607 939 3650 esse
987 3608 1106 3651 non
1152 3591 1478 3653 videbatur.

788 3695 981 3757 Alium
1039 3697 1121 3758 de
1178 3698 1696 3779 orthographia
1752 3698 2017 3761 librum
2063 3698 2385 3761 Putschius
2439 3720 2493 3780 p.
2543 3688 2715 3761 2327
2748 3718 2872 3779 sqq.
2935 3718 2967 3758 6
3015 3698 3218 3760 codice

608 3802 944 3884 Bongarsii‚
999 3806 1103 3883 qui
1159 3823 1319 3866 nunc
1366 3814 1458 3866 est
1501 3805 1823 3868 Bernensis
1872 3803 2030 3888 338,
2085 3809 2315 3885 primus
2361 3806 2545 3868 edidit
2591 3815 2651 3867 et
2705 3825 2814 3887 pro
2862 3826 2933 3867 eo
2981 3806 3052 3867 de
3100 3824 3219 3884 quo

609 3908 783 3969 modo
822 3909 941 3970 dixi
971 3909 1163 3972 Bedae
1195 3914 1432 3973 nomine
1471 3915 1792 3994 inscripsit.
1851 3932 1987 3975 nam
2016 3932 2151 3974 cum
2190 3913 2347 3975 illius
2376 3915 2598 3975 codicis
2628 3917 2923 3994 scriptura
2951 3912 3222 3975 Putschii

610 4017 790 4078 editio
836 4020 916 4079 ita
963 4021 1288 4100 consentit,
1333 4027 1402 4081 ut
1446 4020 1708 4082 dubitari
1753 4028 2012 4099 nequeat
2058 4022 2202 4099 quin
2241 4040 2313 4081 ex
2352 4039 2422 4081 eo
2469 4039 2747 4101 expressa
2796 4023 2888 4082 sit.
2965 4019 3221 4082 eundem

615 4123 834 4187 librum
881 4136 1086 4205 postea
1132 4125 1465 4188 Frobenius
1511 4146 1630 4189 non
1677 4128 1911 4207 cognita
1957 4126 2225 4188 Putschii
2271 4127 2531 4189 editione
2572 4147 2641 4188 ex
2682 4128 2885 4189 codice
2927 4125 3219 4188 Salisbur-

611 4234 782 4311 gensi
818 4233 1003 4294 edidit
1037 4236 1099 4295 in
1137 4233 1371 4295 Alcuini
1408 4232 1690 4315 operibus
1726 4253 1776 4293 v.
1812 4233 1865 4294 11
1904 4253 1959 4313 p.
1990 4230 2115 4295 301
2150 4252 2276 4313 sqq.
2351 4253 2469 4314 qua
2514 4233 2587 4293 de
2634 4253 2700 4295 re
2747 4236 2807 4294 in
2854 4234 3221 4313 praefatione

611 4339 646 4400 1.
700 4359 748 4402 6.
809 4339 1017 4402 scribit
1070 4339 1244 4421 haec,
1299 4334 1575 4401 ‘Beatum
1632 4339 1947 4402 Alcuinum
2003 4339 2075 4400 de
2133 4339 2566 4420 orthographia
2623 4342 2934 4421 scripsisse
2999 4339 3221 4401 diserte

616 4455 866 4509 testatur
912 4450 1063 4508 vitae
1109 4447 1268 4507 illius
1315 4449 1587 4526 scriptor.
1662 4433 1935 4508 similiter
1970 4447 2336 4508 Trithemius
2382 4447 2513 4508 libr.
2553 4446 2631 4507 xi
2679 4447 2750 4507 de
2790 4448 2933 4507 viris
2978 4445 3220 4506 illustri·

613 4551 726 4613 bus
773 4552 841 4614 0.
883 4553 940 4614 S.
980 4554 1120 4615 Ben.
1169 4573 1296 4633 cap.
1336 4552 1534 4613 XXVI.
1584 4561 1642 4613 et
1688 4553 1938 4614 loannes
1984 4553 2197 4615 Baleus
2243 4553 2465 4633 Anglus
2512 4562 2665 4615 cent.
2698 4552 2794 4614 XI.
2835 4554 3036 4631 script.
3075 4550 3221 4613 Brit.

613 4662 773 4720 inter
819 4679 1000 4739 opera
1044 4659 1275 4721 Alcuini
1324 4668 1639 4721 recensent
1684 4659 1902 4721 librum
1949 4679 2135 4722 umun
2182 4661 2255 4721 de
2305 4659 2755 4741 orthographia.
2837 4658 3036 4720 Latuit
3080 4676 3222 4718 vero

614 4765 727 4825 hoc
765 4769 1054 4846 scriptum
1091 4786 1299 4828 omnes
1336 4770 1512 4828 etiam
1552 4766 1972 4827 solertissimos
2013 4766 2505 4829 bibliothecarum
2542 4776 2810 4828 veterum
2858 4773 3223 4827 scrutatores

615 4871 686 4932 ad
731 4873 843 4932 hoc
893 4892 1080 4952 usque
1130 4883 1396 4955 tempus;
1443 4893 1554 4934 nec
1601 4892 1752 4953 quae
1800 4872 1958 4935 illius
2004 4875 2219 4956 forma,
2259 4875 2571 4937 methodus
2607 4883 2711 4935 aut
2746 4872 3008 4934 conditio
3046 4881 3225 4955 esset,
