3613 5528
1325 1362 2173 1467 ORTHOGRAPHIA
2244 1372 2568 1473 CAPRI

636 1576 681 1613 p.
710 1568 814 1609 2289
844 1568 892 1608 P.

824 1655 1017 1723 ‘Haec
1074 1665 1162 1724 via
1218 1683 1337 1743 quo
1376 1659 1616 1726 ducit‘?'
1681 1665 1977 1747 dicemuS‚
2026 1686 2141 1726 non
2191 1663 2308 1725 ubi.
2386 1662 2573 1742 [cato]
2623 1664 2931 1726 descendit
2977 1664 3250 1746 dicimuS,

641 1785 755 1827 non
804 1767 1111 1831 discendit.
1204 1773 1639 1850 interrogamus
1695 1767 1845 1851 ‘quo
1902 1766 2031 1832 die'
2093 1770 2186 1831 vel
2232 1765 2379 1849 ‘qua
2427 1770 2570 1829 hora
2619 1754 2770 1831 solet
2815 1772 2902 1831 ire
2953 1765 3142 1831 soras’
3189 1779 3253 1832 et

636 1867 801 1936 ‘esse
850 1873 1071 1938 soris‘?'

813 1976 1005 2044 Eiecti
1052 1986 1109 2045 in
1158 1984 1297 2045 litus
1344 1984 1627 2065 dicamus,
1672 1984 1849 2046 delati
1898 1986 1958 2044 in
2007 1992 2260 2063 portum.

814 2089 978 2152 Intro
1027 2094 1181 2153 imus
1230 2088 1321 2151 vel
1365 2093 1779 2172 inrumpimuS,
1828 2093 1991 2153 intus
2037 2109 2258 2151 sumus.
3277 2108 3304 2149 5

817 2195 975 2257 Vsdo
1032 2199 1102 2258 ad
1159 2200 1606 2279 grammaticum
1656 2199 1742 2258 vel
1792 2198 1862 2258 ad
1923 2197 2247 2270 medicum,
2303 2195 2468 2256 diseo
2516 2198 2671 2277 apud
2719 2200 2865 2258 istos
2911 2199 3247 2259 dicendum.

824 2303 890 2364 In
939 2306 1297 2385 profundum
1346 2306 1572 2365 nummi
1619 2314 1678 2365 et
1723 2307 1785 2365 in
1850 2322 2046 2364 arcam
2094 2303 2448 2364 conduntur.
2541 2304 2787 2365 invehor
2834 2314 2894 2365 et
2957 2307 3122 2365 iocor
3186 2309 3251 2366 in

640 2410 925 2492 Marcum,
980 2413 1187 2474 incidit
1240 2415 1300 2473 in
1337 2431 1547 2473 manus
1585 2430 1746 2472 meas
1802 2412 2110 2490 inimicu8‚
2166 2418 2225 2470 et
2281 2412 2343 2470 in
2400 2428 2608 2471 manus
2660 2430 2868 2490 aquam
2926 2414 3247 2492 poscimus.

639 2524 871 2578 veteres
918 2526 1114 2580 autem
1162 2538 1371 2599 aquam
1412 2517 1684 2579 manibus
1719 2517 2094 2598 pedibusque
2132 2517 2425 2578 dixerunt.
2502 2519 2562 2577 in
2601 2527 2861 2579 mentem
2900 2520 3078 2601 venit,
3125 2538 3246 2579 non

634 2625 696 2684 in
744 2633 960 2685 mente.
3278 2641 3331 2679 10

818 2731 1052 2796 Oblitus
1100 2753 1173 2795 ne
1221 2737 1302 2796 sis
1351 2735 1559 2816 nostri,
1606 2752 1722 2794 non
1773 2751 1915 2793 nos:
1963 2739 2194 2792 veteres
2243 2738 2438 2793 tamen
2477 2740 2537 2794 et
2573 2730 2688 2794 hoc
2727 2731 2898 2794 modo
2937 2732 3247 2795 dixerunt:

637 2849 697 2900 ct
743 2842 975 2902 invideo
1024 2843 1131 2904 tibi
1178 2843 1414 2923 divitiis,
1461 2859 1579 2901 non
1626 2841 1877 2901 divitias,
2169 2845 2184 2850 “

809 2947 1092 3011 Comesor
1138 2968 1372 3011 comesa
1421 2966 1722 3009 comesum
1771 2949 1858 3007 uti
1907 2946 2085 3028 dicas»,
2133 2966 2362 3008 messor
2407 2965 2676 3008 messura
2724 2965 3001 3008 messum.

810 3141 883 3194 M
920 3143 1088 3197 codex
1127 3142 1647 3216 Montepessulavpus
1683 3142 1794 3193 306

805 3220 861 3273 B
899 3222 1065 3275 codex
1100 3221 1405 3276 Ber-nensis
1442 3226 1553 3275 330

809 3300 857 3355 Ο
888 3302 1054 3355 codex
1088 3301 1387 3356 Bernensis
1424 3306 1536 3355 338

916 3398 946 3435 c
981 3382 1216 3436 eiusdem
1253 3383 1454 3437 codicis
1490 3388 1753 3437 corr-ector

809 3477 843 3520 ς
879 3461 1139 3516 editiones
1185 3463 1598 3531 antiquissimae
1643 3480 1710 3517 ex
1755 3461 1990 3516 editio—ne
2037 3458 2239 3540 Veneto
2276 3458 2504 3514 Nicolai
2541 3461 2583 3513 I
2580 3463 2770 3516 ensoni
2822 3476 3127 3528 expressae,
3177 3477 3246 3514 ex

880 3542 1081 3611 quibus
1108 3558 1298 3609 pauca
1335 3544 1617 3613 adscripta
1652 3547 1781 3597 sunt

798 3639 844 3690 p
881 3623 1047 3677 editio
1089 3624 1369 3690 Putschii,
1404 3640 1470 3678 ex
1507 3641 1619 3693 qua
1655 3623 1782 3676 item
1804 3638 1992 3690 pauca
2030 3621 2314 3690 adscripta
2348 3627 2481 3676 sunt

806 3708 1078 3762 INCIPIT
1111 3708 1692 3766 HORTHOGRAFIA
1720 3709 1936 3764 CAPRI
1969 3711 2044 3763 M
2077 3711 2349 3767 INCIPIT
2381 3710 2855 3767 ORTOGRAFIA
2886 3710 3102 3765 CAPRI
3128 3710 3248 3765 BG

629 3788 846 3843 CAPRI
884 3787 1397 3844 VETVSTISSIMI
1434 3789 1525 3844 AC
1573 3790 1955 3845 ILLVSTRIS
1994 3791 2463 3847 GRAMMATICI
2513 3792 2608 3845 DE
2665 3788 3246 3847 ORTHOGRAPHIA

632 3870 724 3924 ET
774 3868 1224 3923 LATINITATE
1278 3869 1685 3925 VERBORVM
1740 3872 1962 3926 LIBER
2010 3872 2275 3927 INCIPIT
2328 3889 2361 3930 ς
2431 3872 2610 3927 Flavii
2666 3870 2832 3943 Capri
2887 3867 3246 3939 grammatici

626 3948 995 4004 vetustissimi
1024 3949 1093 4004 de
1124 3947 1544 4020 Orthographia
1569 3952 1795 4007 libellus
1825 3971 1869 4022 p
1984 3961 2010 4007 1
2051 3954 2301 4008 dicemus
2329 3953 2519 4020 priore
2555 3953 2669 4007 loco
2703 3952 2834 4006 MC
2867 3950 3104 4006 dicimus
3131 3949 3242 4005 Bc.

626 4030 993 4085 hexametrum
1036 4045 1247 4084 versum
1289 4032 1536 4098 posuisse
1578 4034 1794 4088 videtur
1838 4025 2252 4102 φαηέηιαίἰοαε,
2299 4033 2437 4086 haec
2485 4032 2580 4085 via.
2616 4049 2728 4100 quo
2775 4030 2930 4084 ducit
2975 4029 3247 4098 dicemus,

626 4126 736 4163 non
771 4109 870 4164 ubi
906 4109 1075 4165 ducit.
1133 4127 1265 4164 nam
1302 4113 1445 4177 cate,
1483 4114 1628 4181 quod
1663 4113 1884 4181 seclus-i,
1920 4130 1988 4167 ea:
2022 4130 2219 4181 yraeca
2254 4113 2697 4181 imerpretatiom
2733 4106 2885 4166 κάτω
2924 4117 3102 4166 ortum
3136 4128 3248 4166 esse

616 4196 759 4260 puto
867 4197 898 4245 2
937 4206 1048 4244 non
1086 4189 1361 4244 discendit
1394 4191 1490 4245 Bc
1524 4209 1635 4247 non
1672 4192 1911 4248 discedit
1949 4193 2023 4246 M
2033 4190 2081 4246 0
2181 4190 2589 4261 interrogemus
2631 4192 2707 4244 M
2740 4193 2798 4246 et
2833 4191 3247 4261 interrogamus

625 4271 681 4324 Β
719 4273 778 4325 et
813 4270 1219 4340 interrogemus
1259 4269 1305 4325 Ο
1445 4277 1479 4324 4
1516 4271 1681 4327 eiecti
1720 4274 1796 4327 M
1840 4271 2039 4327 iactati
2072 4272 2128 4324 B
2181 4277 2229 4326 et
2273 4273 2335 4326 in
2378 4288 2584 4326 raswra
2621 4270 2690 4337 G,
2728 4270 2864 4325 iacti
2901 4286 2934 4328 ς
3080 4277 3112 4325 6
3150 4271 3244 4325 vel

628 4352 701 4405 ad
738 4350 1041 4422 medicum]
1081 4353 1138 4405 et
1175 4352 1245 4405 ad
1283 4350 1561 4405 medicum
1597 4351 1653 4404 Β
1824 4357 1853 4405 7
1894 4350 2208 4406 conduntur
2245 4354 2305 4406 et
2340 4352 2576 4406 inuehor
2611 4350 2728 4404 BG
2893 4349 2952 4404 in
2990 4366 3244 4404 marcum

630 4430 760 4485 MC
792 4429 853 4484 in
888 4446 1076 4484 marco
1113 4430 1206 4484 Bc
1386 4435 1417 4482 9
1458 4431 1672 4501 autem]
1713 4433 1772 4485 et
1803 4447 1871 4499 p,
1907 4447 2010 4484 om.
2046 4430 2162 4485 BG
2341 4436 2405 4486 12
2445 4429 2659 4485 diuitiis
2694 4447 2808 4485 non
2844 4428 3072 4484 diuitias
3115 4429 3184 4482 M
3197 4429 3247 4483 G

625 4509 855 4565 diuitias
894 4526 1004 4565 non
1042 4507 1261 4564 diuitiis
1297 4509 1392 4563 Bc
1528 4515 1592 4563 13
1633 4527 1883 4565 comesor
1913 4527 2136 4566 comesa
2163 4512 2245 4566 uti
2283 4512 2436 4566 dicas
2465 4527 2650 4566 mesor
2676 4527 2897 4566 mesura.
2924 4527 3136 4564 mesum
3171 4510 3247 4562 M

625 4592 962 4645 commestor
1014 4593 1322 4646 commesta
1376 4593 1741 4645 commestam
1796 4591 1880 4645 uti
1935 4590 2088 4645 dicas
2144 4595 2355 4646 mestor
2403 4593 2581 4644 mesta
2633 4592 2876 4644 mestum
2933 4588 3128 4643 scribis
3185 4589 3243 4641 B

814 4674 834 4711 t
1118 4675 1139 4712 t
1384 4675 1405 4710 t
1949 4675 1969 4711 t
2433 4677 2454 4712 t

627 4739 906 4777 comessor
942 4738 1165 4779 comesa
1199 4741 1507 4779 comessum
1544 4724 1609 4776 ut
1644 4719 1798 4776 dicas
1835 4741 2018 4779 mesor
2053 4677 2273 4795 megum
2305 4742 2551 4791 messum
2587 4722 2784 4778 scribis
2824 4722 2873 4778 0
2904 4739 3243 4778 commessor

628 4804 687 4856 et
722 4818 1028 4856 commessa
1062 4802 1145 4856 uti
1184 4803 1336 4858 dicas
1374 4819 1585 4857 messor
1612 4818 1863 4857 messura
1889 4821 2127 4859 messum
2149 4783 2362 4859 scribes
2401 4819 2434 4861 ς
2472 4805 2806 4858 commestor
2835 4804 2893 4858 et
2928 4804 3240 4857 commesta

628 4882 989 4936 commestam
1028 4881 1113 4935 uti
1149 4882 1329 4951 dieas,
1365 4883 1575 4936 mestor
1612 4883 1791 4935 mesta
1828 4885 2070 4937 mestum
2109 4881 2308 4937 scribis
2337 4900 2382 4952 p
