3613 5528
409 1289 777 1469 REDAE
842 1367 1515 1469 PRESBYTERI
1576 1368 1899 1469 LIBER
1964 1370 2107 1469 DE
2172 1369 2461 1469 ARTE
2526 1368 3023 1468 METRIOA'

585 1627 610 1688 1
667 1626 750 1687 ne
808 1626 1020 1688 littera.
1103 1626 1155 1687 11
1211 1627 1295 1689 ne
1358 1626 1592 1708 syllaba.
1675 1627 1754 1689 ιιι
1821 1627 1904 1688 ne
1962 1581 2377 1689 commuhibus
2434 1626 2686 1707 syllabis.
2768 1625 2876 1686 1111
2931 1623 3015 1685 ne

408 1733 615 1811 primis
670 1732 923 1813 syllabis,
1016 1732 1088 1796 V.
1117 1732 1199 1794 De
1260 1734 1472 1825 mediis
1525 1734 1777 1815 syllabis.
1871 1734 1945 1795 vl
2001 1734 2084 1795 De
2141 1735 2365 1796 ultimis
2420 1733 2655 1814 syllabis
2711 1733 3015 1794 nominum

410 1842 826 1918 pronominum
871 1842 1339 1922 participiorum.
1412 1841 1513 1902 VII
1560 1842 1643 1903 De
1683 1846 1909 1904 ultimis
1944 1844 2193 1920 syllabis
2240 1840 2559 1903 verborum
2604 1849 2666 1903 et
2712 1838 3015 1900 adverbio·

357 1967 384 2006 5
412 1964 563 2007 rum.
626 1946 753 2007 VIII
789 1946 874 2007 De
913 1951 1135 2009 ultimis
1161 1950 1411 2025 syllabis
1448 1951 1934 2012 coniunctionum
1972 1951 2478 2029 praepositionum
2516 1949 3016 2010 interiectionum.

415 2050 568 2114 VIIII
607 2052 690 2113 De
724 2052 994 2134 pedibus
1049 2053 1101 2113 X
1140 2054 1222 2115 De
1260 2064 1452 2117 metro
1481 2054 1765 2135 dactylico
1804 2055 2146 2117 hexametro
2182 2051 2272 2115 vel
2301 2063 2688 2134 pentametro.
2746 2053 2824 2114 XI
2854 2054 3018 2126 Quae

414 2162 492 2219 sit
528 2160 745 2239 optima
776 2160 1055 2220 carminis
1093 2161 1297 2222 forma.
1355 2159 1460 2221 XII
1492 2159 1582 2221 De
1621 2159 2034 2226 scansionibus
2071 2162 2194 2221 sive
2224 2163 2489 2222 caesuris
2527 2180 2735 2222 versus
2772 2160 3013 2221 heroici.

413 2263 549 2326 XIII
603 2263 687 2326 De
734 2264 1054 2346 synalipha.
1125 2265 1288 2328 XIIII
1345 2267 1428 2328 De
1476 2267 1878 2348 episynalipha
1925 2268 2016 2327 vel
2056 2267 2332 2329 diaeresi.
2406 2266 2506 2328 XV
2554 2265 2725 2339 Quod
2772 2275 2833 2327 et
2878 2285 3012 2327 auc-

413 2374 623 2434 toritas
659 2391 832 2454 saepe
872 2382 933 2433 et
968 2377 1294 2435 necessitas
1331 2376 1715 2435 metricorum
1753 2374 1993 2435 decreta
2029 2373 2222 2435 violet.
2295 2373 2422 2434 XVI
2471 2373 2543 2435 Vt
2580 2371 2777 2454 priscI'
2807 2383 3015 2454 poetae

338 2464 388 2539 io
416 2480 702 2559 quaedam
730 2479 900 2541 aliter
928 2498 1103 2558 quam
1134 2481 1403 2542 moderni
1430 2483 1758 2562 posuerint.
1816 2480 1972 2541 XVII
2010 2481 2094 2541 De
2126 2490 2315 2543 metro
2344 2480 2663 2562 phalaecio.
2719 2480 2902 2542 XVIII
2932 2479 3019 2541 'De

418 2593 606 2646 metro
666 2586 961 2666 sapphico.
1035 2585 1256 2654 val
1311 2586 1395 2648 De
1451 2595 1641 2650 metro
1701 2596 2049 2650 tetrametro
2097 2588 2454 2648 catalectico.
2540 2586 2646 2648 XX
2699 2587 2783 2647 De
2832 2595 3022 2648 metro

313 2733 318 2740 -
416 2690 666 2752 iambico
722 2691 1081 2754 hexametro.
1165 2693 1298 2755 XXI
1355 2694 1439 2755 De
1486 2703 1675 2756 metro
1732 2693 1983 2756 iambico
2038 2702 2399 2756 tetrametro.
2483 2693 2644 2754 XXII
2700 2694 2783 2755 De
2832 2703 3023 2755 metro

418 2802 815 2861 anacreontio.
898 2799 1088 2861 XXIII
1143 2799 1225 2861 De
1282 2810 1472 2862 metro
1520 2800 1821 2867 trochaico
1880 2809 2241 2863 tetrametro.
2330 2800 2546 2862 XXIIII
2600 2800 2684 2861 De
2730 2801 3023 2881 rhythmo.

418 2904 572 2965 XXV
621 2905 793 2977 Quod
842 2909 952 2967 tria
998 2909 1119 2968 sint
1163 2884 1379 2987 genera
1425 2917 1747 2988 poematos.

340 3230 391 3270 ιε
1446 3207 1567 3274 DE
1613 3205 1997 3272 LITTERA

419 3288 460 3325 p.
491 3276 597 3316 2³49
625 3275 674 3318 Ρ.

599 3352 715 3424 Qui
752 3354 1019 3414 notitiam
1058 3353 1340 3413 metricae
1369 3355 1515 3414 artis
1552 3353 1770 3414 habere
1799 3351 2123 3433 desiderat,
2162 3353 2354 3431 primo
2394 3369 2637 3411 necesse
2676 3358 2767 3411 est
2804 3348 3022 3411 distan-

420 3460 562 3519 tiam
611 3457 945 3520 litterarum
991 3457 1464 3538 syllabarumque
1512 3458 1755 3520 sedulus
1801 3457 2004 3518 discat.
2089 3465 2228 3518 sunt
2274 3465 2470 3518 autem
2528 3455 2739 3518 latinae
2797 3456 3027 3517 litterae

420 3554 630 3626 omnes
667 3564 827 3647 XXI,
874 3585 905 3626 e
945 3564 1163 3646 quibus
1201 3569 1465 3646 quinque
1501 3563 1731 3626 vocales
1770 3563 2157 3647 appellantur,
2195 3582 2226 3624 a
2256 3581 2288 3623 e
2318 3566 2339 3623 i
2367 3582 2402 3623 o
2433 3582 2501 3645 u,
2547 3572 2780 3625 ceterae
2818 3581 3025 3624 omnes

421 3682 835 3735 consonantes,
909 3683 969 3734 at
1014 3673 1087 3734 de
1144 3674 1331 3734 isdem
1379 3670 1845 3734 consonantibus
1893 3680 2124 3751 septem
2169 3670 2449 3752 dicuntur
2497 3672 2907 3752 semivocaleS‚
2954 3671 2982 3730 s
3010 3672 3030 3730 l

335 3798 484 3839 som
532 3798 570 3839 n
616 3798 662 3839 r.
693 3798 723 3839 s
769 3798 832 3862 x,
877 3787 1108 3841 ceterae
1157 3797 1368 3841 novem
1415 3787 1641 3859 mutae,
1685 3777 1723 3839 b
1772 3796 1805 3838 c
1851 3777 1888 3837 d
1935 3796 1974 3857 g
2017 3777 2056 3838 h
2103 3778 2141 3839 k
2187 3797 2227 3857 p
2274 3796 2313 3857 q
2361 3786 2401 3839 t.
2480 3795 2515 3857 y
2561 3786 2760 3840 autem
2805 3786 3030 3839 sextam

604 3949 665 4004 F
695 3952 862 4007 codex
898 3950 1278 4021 Fviainqemis
1311 3956 1440 4017 199,
1475 3965 1626 4005 nunc
1663 3949 2020 4005 Monacensis
2056 3953 2203 4005 6399
2288 4016 2293 4020 .

603 4029 657 4083 L
691 4033 858 4086 codex
893 4030 1178 4086 Leidevtsnh
1214 4030 1561 4085 bibliothecae
1587 4030 1848 4100 publicae
1883 4035 2001 4087 122

604 4108 661 4162 P
687 4111 854 4165 eodm:
895 4108 1198 4165 Parisinus
1233 4110 1721 4180 Sanyermanenaia
1757 4114 1906 4164 1180

604 4189 706 4258 flp
742 4190 987 4245 codicum
1024 4188 1211 4244 FLP
1237 4204 1437 4244 manus
1471 4190 1712 4245 sectmda

606 4284 642 4326 ς
676 4269 831 4324 lectio
864 4270 1094 4340 vulqata
1130 4286 1197 4324 eoe
1233 4269 1467 4324 editione
1503 4268 1799 4325 Parrhasii
1836 4287 1887 4323 a.
1925 4272 2069 4323 1504

606 4355 639 4404 4
675 4349 779 4403 VII
814 4349 897 4404 De
925 4350 1223 4405 uerborum
1253 4351 1312 4403 et
1338 4350 1419 4417 (et
1446 4364 1547 4405 om.
1577 4348 1652 4417 L)
1680 4347 2072 4405 aduerbiorum
2108 4347 2241 4401 VIII
2282 4347 2363 4401 Dc
2391 4346 2844 4402 coniunctionum
2872 4362 3033 4416 prae—

419 4429 769 4501 positionum
804 4428 1253 4486 interiectionum
1290 4427 1409 4481 FL
1451 4428 1561 4482 VII
1604 4429 1688 4484 De
1725 4429 1878 4484 uerb.
1918 4429 1979 4483 et
2014 4428 2239 4483 aduerb.
2285 4426 2418 4481 VIII
2456 4427 2539 4482 De
2587 4426 2835 4482 coniunc.
2874 4431 3031 4495 ppos.

420 4509 704 4567 interiect.
745 4509 800 4563 P
939 4513 973 4562 8
1010 4509 1081 4563 de
1120 4507 1406 4578 synaliphi
1442 4507 1503 4561 F
1521 4498 1605 4563 Q
1639 4507 1968 4578 synalyphis
2003 4507 2057 4560 L
2194 4512 2259 4561 10
2296 4506 2553 4561 fallentio
2590 4505 2650 4560 F
2682 4503 2945 4559 falleucio
2981 4504 3035 4556 L

422 4589 672 4644 falleuco
711 4588 768 4641 P
908 4593 974 4642 13
1013 4586 1375 4643 anacreontio
1414 4588 1602 4642 FLP
1741 4589 1813 4643 de
1848 4587 2094 4658 rythimo
2132 4585 2193 4639 F
2316 4591 2382 4639 14
2420 4586 2535 4641 sint
2570 4585 2693 4639 FP
2722 4588 2853 4640 sunt
2887 4584 2940 4639 L

419 4666 703 4740 poematis
737 4664 1185 4722 EXPLICIUNT
1224 4663 1588 4722 CAPITULA
1623 4665 1899 4722 INCIPIT
1936 4666 2153 4721 LIBER
2188 4665 2283 4720 DE
2312 4664 2509 4719 ARTE
2544 4663 3036 4721 GRAMMATICA

419 4749 525 4807 DE
573 4746 896 4802 LITTERA
942 4745 1004 4799 F
1043 4746 1335 4815 poematos
1381 4745 1579 4801 BEDA
1626 4747 2021 4803 GUTBERTO
2060 4745 2325 4802 LEUITE
2376 4744 2715 4800 SALUTEM
2757 4744 2854 4799 DE
2893 4744 3038 4798 LIT-

419 4830 632 4887 TERA
667 4826 721 4880 L
760 4825 947 4880 Bedae
986 4823 1303 4881 Sacerdotis
1341 4827 1409 4882 de
1447 4828 1682 4886 metrica.
1715 4828 1933 4884 ratione
1972 4827 2116 4884 liber
2151 4825 2347 4882 unicus
2383 4842 2417 4884 ς
2565 4831 2626 4880 17
2668 4825 2860 4880 sedulo
2899 4839 2933 4881 ς

419 4919 492 4969 19
534 4912 602 4965 at
638 4908 731 4980 de]
769 4907 827 4960 et
861 4904 931 4959 de
969 4904 1026 4959 P

2505 4998 2611 5050 15*
