3613 5528
599 415 727 480 110
1792 414 2011 469 CAPRI

583 528 627 564 p.
656 517 774 556 2248.
802 518 855 556 49
883 516 933 554 P.

585 602 738 661 freni
796 601 856 659 hi
913 606 973 660 et
1027 599 1172 659 haec
1229 598 1396 659 frena
1452 607 1513 660 et
1566 598 1679 659 hoc
1739 598 2001 660 frenum:
2061 617 2195 660 nam
2242 599 2338 660 hic
2380 598 2600 675 frenus
2645 618 2765 660 non
2814 611 2920 662 est.
2996 601 3199 681 fruges

584 705 710 767 hae.
785 705 950 765 frons
998 712 1058 765 et
1103 704 1331 765 frontes
1377 703 1713 786 hominum,
1761 705 1927 766 frons
1977 714 2036 765 et
2083 705 2324 766 frondes
2371 705 2669 768 arborum.

760 811 908 873 Gelu
970 814 1098 873 sine
1157 830 1203 873 S.
1277 810 1487 891 gibber
1543 814 1777 894 vitium,
1833 812 2009 874 homo
2070 812 2440 892 gibberosus,
2514 814 2809 894 glutinum
2866 833 2986 875 non
3041 814 3198 894 glus:

586 918 862 999 Virgilius
909 918 1115 998 gluten
1161 919 1322 979 dixit.
1401 918 1627 998 gluttus
1673 927 1735 979 et
1780 918 2024 998 gluttire
2064 925 2125 980 et
2162 919 2451 999 ingluvies
2488 920 2640 1001 gula.
2682 922 2691 997 Ι
2732 923 2991 1002 gratuito
3028 923 3198 1003 ratio,

584 1030 766 1106 gratis
814 1026 1202 1087 consuetudo.
3250 1042 3278 1083 5

760 1133 994 1214 Hapsus
1039 1133 1205 1194 lanae
1252 1131 1500 1214 vellera,
1549 1152 1666 1194 non
1713 1152 1909 1213 apsuS.

762 1241 926 1303 Intro
981 1243 1043 1301 in
1102 1239 1324 1314 locum,
1382 1241 1545 1301 intus
1605 1241 1666 1300 in
1722 1240 1871 1301 loco,
1955 1240 2233 1302 incudem
2289 1239 2441 1301 hanc
2488 1250 2670 1303 recte.
2744 1243 3031 1321 insipiens
3080 1260 3197 1303 non

585 1351 899 1428 insapiens
964 1350 1144 1408 itiner
1173 1348 1420 1429 ratione,
1458 1349 1573 1407 iter
1602 1345 2053 1408 consuetudine.
2117 1349 2394 1408 iuventus
2434 1347 2766 1428 multitudo,
2804 1348 3043 1410 Iuventa
3074 1349 3199 1429 dea,

583 1458 854 1517 iuventas
902 1461 1079 1515 aetaS.

762 1562 1087 1641 Marginem
1149 1560 1337 1641 hunc,
1398 1578 1514 1620 non
1576 1559 1744 1620 hanc.
1832 1560 2089 1621 manulei
2147 1561 2226 1624 hi.
2310 1561 2692 1623 maeandrum
2751 1570 2915 1623 recte
2976 1562 3199 1623 dicunt.
3229 1578 3281 1617 ιο

586 1670 770 1731 males
827 1668 1048 1729 bestiae
1098 1665 1415 1748 quaedam,
1470 1685 1588 1726 non
1638 1666 1916 1728 melones,
1994 1670 2267 1749 materia,
2311 1688 2430 1729 non
2478 1671 2784 1751 materieS‚
2831 1672 2969 1748 quia
3016 1679 3197 1729 mate-

585 1779 817 1837 riarius,
893 1774 1138 1836 malleus
1198 1774 1322 1856 hic,
1378 1791 1495 1833 non
1552 1772 1664 1833 hoc
1722 1773 2015 1835 malleum.
2090 1776 2300 1836 menda
2359 1786 2418 1838 et
2464 1777 2744 1838 mendum
2792 1783 2972 1837 recte.
3048 1794 3197 1836 mar-

584 1885 771 1963 garita
809 1883 953 1943 haec
990 1884 1394 1957 sinqulariter
1436 1885 1685 1957 qeneris
1731 1880 2001 1943 seminini
2040 1891 2099 1944 et
2147 1882 2289 1944 haec
2330 1883 2637 1963 pluraliter
2676 1885 2889 1944 neutri.
2965 1901 3200 1944 mereor

585 1992 658 2052 de
719 1998 805 2064 te,
874 2006 1077 2049 mereo
1143 2006 1295 2048 aera.
1395 1990 1677 2068 mergites
1738 1974 2100 2071 messdrum,
2167 1992 2353 2069 mergi
2413 2009 2566 2051 aves,
2656 1989 2958 2052 mordicus
3020 2001 3200 2052 recte.

584 2096 874 2158 motacilla
922 2103 1102 2156 recte.
3230 2111 3283 2151 15

761 2202 1006 2282 Ninguit
1052 2202 1138 2261 sic
1187 2202 1359 2277 effer,
1406 2220 1525 2262 non
1573 2204 1778 2282 ningit.
1858 2202 2306 2265 nomenculator
2351 2213 2532 2266 recte.

766 2307 976 2369 Ostrea
1024 2307 1084 2367 'et
1131 2315 1388 2389 ostreaS,
1436 2309 1572 2387 quia
1622 2307 1849 2368 nullum
1899 2308 2110 2369 animal
2159 2310 2412 2389 speciale
2462 2319 2740 2373 neutrum
2788 2321 2896 2373 est.

766 2415 1004 2475 Palmus
1051 2415 1112 2473 in
1161 2432 1473 2495 mensura,
1520 2414 1710 2494 palma
1756 2416 1818 2474 in
1869 2432 2062 2476 manu.
2135 2408 2342 2496 partus
2379 2417 2688 2497 partubuS,
2735 2425 2795 2478 at
2831 2426 3029 2498 partes
3067 2436 3197 2498 par-

593 2524 766 2585 tibus.
843 2520 1143 2602 palpetrae
1181 2539 1289 2599 per
1328 2530 1352 2581 t
1394 2538 1597 2603 genae,
1642 2518 1957 2600 palpebrae
1994 2541 2105 2601 per
2141 2521 2179 2582 h
2216 2523 2336 2602 pili.
2411 2543 2560 2604 pexo
2601 2524 2842 2604 capillos
2883 2532 2942 2585 et
2979 2542 3199 2604 repexo

767 2703 793 2749 1
834 2694 1050 2749 frenum
1081 2692 1170 2746 Na
1197 2689 1290 2746 hic
1318 2696 1357 2745 fi
1385 2697 1414 2745 ὃ
1453 2689 1641 2760 fruges
1676 2691 1783 2746 hae
1823 2690 2001 2760 frons,
2037 2693 2131 2747 sed
2163 2695 2340 2749 verbis
2375 2713 2506 2750 nam
2542 2696 2634 2751 hic
2663 2714 2774 2752 non
2812 2698 2897 2751 est
2932 2696 3202 2751 subducta

585 2777 785 2832 lineola
828 2776 1034 2831 notatis
1081 2773 1174 2842 M,
1220 2773 1438 2829 frenum
1475 2791 1607 2828 nam
1652 2774 1759 2828 hae
1805 2771 1995 2843 fruges
2032 2789 2146 2828 non
2192 2774 2250 2828 hi
2296 2775 2487 2847 fruges
2525 2777 2666 2832 haec
2704 2776 2854 2832 frons
2890 2777 2945 2830 Β
2982 2776 3197 2830 ftenum

584 2883 731 2938 Nam
759 2885 831 2939 he
850 2902 959 2939 non
988 2882 1050 2937 hi
1078 2880 1266 2949 fruges
1295 2858 1582 2936 hae⁰frons
1622 2877 1670 2933 Ο
1822 2885 1853 2933 2
1891 2879 2043 2934 frons
2072 2883 2131 2935 et
2154 2881 2364 2938 frontes
2391 2883 2707 2951 hominum,
2743 2884 2861 2939 frus
2890 2885 2948 2939 et
2974 2883 3199 2937 frundes

581 2964 843 3019 arborum
869 2968 1122 3033 excerpta
1149 2962 1635 3031 Montepessulana
1714 2959 1941 3014 frondes
1969 2961 2256 3034 arborum]
2287 2963 2512 3019 frondes
2540 2965 2830 3020 hominum
2850 2966 3107 3020 arborum
3133 2964 3206 3017 M

691 3050 725 3098 4
763 3044 1058 3116 Virgilius]
1095 3061 1272 3115 qeory.
1295 3044 1463 3097 IIII
1488 3048 1560 3097 40
1598 3041 2008 3109 collectumque
2045 3041 2184 3096 haee
2221 3042 2346 3111 ipsa
2373 3043 2445 3097 ad
2482 3060 2713 3099 munera
2748 3044 2959 3114 gluten,
2997 3045 3069 3099 ib.
3090 3049 3201 3098 160

582 3124 801 3179 lentum
837 3124 906 3180 de
944 3125 1153 3180 cortice
1190 3125 1403 3194 gluten.
1459 3130 1687 3194 utroque
1723 3122 1962 3190 exemplo
2000 3136 2132 3174 usus
2160 3126 2236 3175 est
2266 3121 2556 3178 Charisius
2574 3142 2636 3194 Ρ.
2666 3130 2758 3190 87,
2787 3129 2868 3180 22
2898 3130 2949 3178 et
2975 3129 3100 3190 131,
3128 3129 3199 3177 19

689 3206 907 3275 gluttus
944 3204 1210 3273 inglutire
1248 3205 1324 3258 M
1353 3206 1569 3274 gluttus
1606 3201 1901 3272 ingluttire
1940 3199 1988 3254 0
2030 3200 2247 3269 gluttus
2284 3217 2320 3254 a
2356 3203 2587 3272 gluttire
2622 3204 2678 3258 Β
2691 3221 2719 3259 c
2895 3201 3196 3274 ingluvies]

581 3284 863 3355 ingluuias
899 3285 975 3338 M
1107 3285 1378 3354 gratuito
1417 3283 1491 3336 M
1497 3282 1545 3337 Ο
1575 3282 1826 3352 gratuita
1859 3280 1915 3333 B
1931 3297 1959 3334 c
2121 3286 2153 3334 6
2190 3281 2358 3337 abs'us
2395 3283 2521 3338 lane
2559 3285 2772 3340 uellera
2804 3300 2918 3338 non
2955 3284 3119 3339 absus
3159 3283 3205 3336 C

584 3364 768 3420 Absus
803 3364 966 3419 lanae
1004 3363 1184 3418 uellus
1219 3364 1274 3416 Β
1311 3363 1549 3432 hapsnm
1586 3362 1800 3416 uellera
1835 3355 2000 3414 limae
2038 3376 2149 3414 non
2185 3359 2393 3431 hapsus
2421 3381 2493 3434 Ρ,
2530 3380 2631 3419 om.
2671 3364 2747 3417 M
2902 3370 2932 3418 7
2971 3381 3080 3419 non
3119 3365 3197 3419 in·

583 3443 808 3515 sapiens
843 3443 957 3497 BG
999 3459 1113 3498 non
1164 3442 1387 3512 sapiens
1433 3441 1509 3494 M
1717 3449 1748 3497 8
1796 3440 1964 3495 itiner
2007 3440 2066 3495 in
2112 3441 2328 3498 ratione
2372 3442 2483 3498 iter
2526 3443 2583 3498 in
2623 3442 3023 3498 consuetudine
3059 3442 3116 3496 Β
3152 3449 3200 3496 ct

584 3525 952 3594 superscripto
986 3523 1286 3592 posteriore
1313 3523 1426 3576 loco
1464 3521 1523 3575 in
1552 3519 1600 3574 0
1755 3519 2133 3575 multitudinis
2169 3520 2226 3574 Β
2389 3521 2497 3577 dea
2523 3525 2585 3578 at
2620 3523 2876 3578 iuuentae
2904 3526 3062 3578 aetas
3088 3522 3144 3576 Β
3158 3523 3204 3575 G

696 3662 760 3712 10
797 3657 1021 3711 manule
1058 3655 1119 3708 hi
1156 3654 1368 3710 andrea
1402 3655 1554 3709 recte
1591 3652 1788 3707 dicunt
1825 3652 1901 3706 M
1931 3653 2175 3708 manulei
2211 3654 2272 3709 hi
2310 3656 2457 3709 male
2487 3603 2702 3709 affl?
2717 3658 2867 3710 recte
2905 3654 3109 3710 dicitur
3139 3654 3197 3725 G,

583 3754 684 3796 om.
736 3738 807 3792 B.
864 3738 1225 3792 maeandrum
1272 3738 1449 3806 recepi
1494 3751 1561 3789 ea:
1609 3732 1797 3787 Nonio
1834 3750 1897 3802 Ρ.
1944 3736 2052 3787 140
2101 3735 2403 3790 maeander
2449 3738 2536 3790 est
2578 3736 2832 3806 picturae
2876 3754 3079 3806 genus:
3128 3737 3198 3803 cf.

595 3817 750 3888 Verq.
798 3819 935 3872 Aen.
999 3816 1052 3869 V
1081 3823 1198 3873 250
1242 3835 1413 3887 quam
1473 3815 1718 3886 plurima
1765 3813 1974 3868 circum
2021 3813 2276 3884 Purpura
2317 3817 2619 3872 maeandro
2665 3815 2875 3887 duplici
2922 3815 3200 3871 Meliboea

584 3898 827 3953 cucurrit
1006 3905 1070 3952 11
1119 3897 1297 3953 Males
1343 3894 1558 3951 bestiae
1596 3893 1728 3946 ΜΒ
1772 3894 1921 3948 male
1967 3893 2016 3948 si
2059 3894 2274 3949 bisteae
2314 3894 2358 3948 0
2401 3895 2573 3950 meles
2618 3895 2832 3951 bestiae
2872 3913 2932 3964 Ρ.
2990 3897 3197 3951 maeles

581 3980 861 4048 scripsisse
899 3979 1112 4033 videtur
1146 3978 1536 4048 yrammaticus
1660 3974 1932 4047 melones]
1973 3975 2251 4030 meclones
2281 3973 2329 4027 G
2450 3974 2583 4042 quia
2620 3975 2981 4030 materiarum
3008 3976 3082 4029 M
3089 3975 3202 4029 BC

588 4065 651 4112 12
692 4057 949 4129 malleus]
988 4057 1224 4113 mallens
1260 4074 1396 4113 corr.
1434 4056 1671 4112 malleus
1712 4055 1756 4109 Ο
1972 4061 2037 4109 13
2076 4051 2432 4123 singulariter
2469 4054 2688 4124 generis
2726 4071 2826 4109 om.
2865 4055 3000 4108 ΜΒ
3015 4053 3078 4108 0-

586 4145 654 4193 14
690 4155 875 4193 mereo
914 4154 1044 4193 aera
1085 4139 1133 4194 Ο
1161 4157 1316 4195 mero
1354 4145 1485 4193 aera
1514 4136 1607 4202 M,
1645 4152 1745 4190 om.
1783 4134 1840 4187 Β
1982 4130 2251 4203 mergites
2280 4149 2585 4188 mersorum
2615 4133 2691 4187 M
2708 4139 3025 4204 mergentes
3055 4154 3194 4191 mer·

585 4236 767 4275 sorum
811 4217 868 4287 0,
907 4235 1007 4274 om.
1046 4221 1101 4273 B
1245 4218 1524 4274 mordicus
1561 4217 1710 4270 recte
1749 4216 2039 4271 motacilla
2074 4216 2226 4271 recte
2263 4228 2363 4266 om.
2401 4212 2457 4265 Β
2605 4219 2669 4267 15
2706 4214 3027 4270 mortaeilla
3059 4231 3195 4272 corr.

583 4300 874 4355 motacilla
914 4299 961 4354 G
1121 4307 1187 4356 16
1235 4298 1419 4369 ningit
1464 4296 1545 4351 sic
1592 4295 1832 4350 efferunt
1875 4311 1990 4350 non
2025 4294 2248 4365 ninguit
2292 4290 2408 4347 BG
2440 4293 2652 4363 ningno
2693 4294 3022 4350 Priscianus
3058 4297 3094 4353 l.
3138 4297 3200 4349 Χ

575 4397 635 4450 Ρ.
676 4385 802 4448 504,
840 4385 876 4435 7
1029 4377 1472 4449 nomenculator]
1520 4391 1632 4430 non
1677 4373 1981 4443 inculator,
2027 4377 2122 4431 sed
2164 4377 2394 4431 deletum·
2440 4392 2477 4428 a
2522 4379 2816 4429 correctore
2855 4376 2922 4443 Ο,
2968 4395 3079 4433 non
3115 4378 3196 4433 in-

584 4461 773 4516 culcor
797 4460 852 4514 B
1003 4467 1067 4516 17
1097 4459 1323 4530 ostrea]
1341 4457 1554 4513 Charis.
1577 4471 1637 4524 Ρ.
1670 4459 1759 4520 57,
1787 4458 1865 4509 24
1893 4456 1952 4508 et
1978 4454 2214 4510 dicenda
2239 4456 2378 4510 haec
2409 4455 2596 4509 ostrea
2632 4453 2898 4510 feminine
2928 4457 3199 4528 singulari

582 4558 832 4610 numam,
852 4540 989 4611 quia'
1003 4541 1087 4596 ita
1107 4542 1178 4596 ab
1200 4538 1433 4595 eruditis
1453 4552 1563 4591 non
1584 4551 1729 4588 vane
1749 4536 2079 4590 adnotatum
2101 4541 2203 4606 est,
2225 4535 2432 4589 nullius
2451 4532 2712 4589 animalis
2732 4537 2975 4606 speciale
2995 4555 3196 4593 nomen

580 4620 820 4676 inveniri
855 4621 1005 4690 quod
1043 4620 1294 4676 neutrale
1333 4617 1431 4673 sit:
1471 4617 1539 4684 cf.
1573 4613 1793 4668 Gledon.
1823 4631 1886 4684 Ρ.
1918 4619 2004 4682 41,
2033 4621 2111 4673 27
2147 4615 2282 4684 quia
2316 4614 2456 4668 dicit
2481 4613 2664 4669 Varro
2690 4615 2906 4672 nullam
2933 4634 3052 4672 rem
3079 4616 3196 4672 ani-

584 4701 790 4755 malem
829 4701 1026 4754 neutro
1065 4715 1266 4769 genere
1305 4695 1574 4752 declinari
1701 4698 1787 4750 est
1823 4712 1923 4751 om.
1961 4696 2017 4750 B
2145 4700 2212 4749 18
2252 4693 2504 4765 Palmus]
2543 4694 2804 4750 Palmum
2832 4697 2907 4750 M
2908 4697 3027 4752 BC
3137 4702 3199 4753 at

582 4780 794 4850 partes]
831 4781 897 4834 ut
930 4781 1120 4849 partes
1148 4779 1204 4831 Β
1334 4784 1399 4831 19
1438 4776 1748 4846 Palpebrae
1776 4777 1837 4830 et
1871 4792 2050 4846 genae
2084 4773 2389 4845 palpebrae
2424 4773 2627 4844 pupilli
2662 4777 2722 4830 M
2757 4777 3019 4847 Palpetre
3054 4794 3197 4849 gene

584 4884 854 4957 palpebre
889 4884 995 4954 pili
1030 4884 1085 4938 B
1124 4850 1394 4955 paffetrae
1433 4899 1610 4954 genae
1647 4883 1994 4953 palphebeae
2032 4881 2136 4952 pili
2166 4881 2222 4938 0.
2268 4881 2482 4936 correxi
2507 4897 2576 4936 ex
2606 4881 2859 4940 Charisia
2890 4900 2947 4954 Ρ.
2969 4889 3096 4953 105,
3124 4889 3196 4940 14
